spot_exch,fut_exch,symbol,ask_spot,bid_futures,spread_pct,ts,s_b1,s_b2,s_b3,s_b4,s_b5,s_b6,s_b7,s_b8,s_b9,s_b10,s_bq1,s_bq2,s_bq3,s_bq4,s_bq5,s_bq6,s_bq7,s_bq8,s_bq9,s_bq10,s_a1,s_a2,s_a3,s_a4,s_a5,s_a6,s_a7,s_a8,s_a9,s_a10,s_aq1,s_aq2,s_aq3,s_aq4,s_aq5,s_aq6,s_aq7,s_aq8,s_aq9,s_aq10,f_b1,f_b2,f_b3,f_b4,f_b5,f_b6,f_b7,f_b8,f_b9,f_b10,f_bq1,f_bq2,f_bq3,f_bq4,f_bq5,f_bq6,f_bq7,f_bq8,f_bq9,f_bq10,f_a1,f_a2,f_a3,f_a4,f_a5,f_a6,f_a7,f_a8,f_a9,f_a10,f_aq1,f_aq2,f_aq3,f_aq4,f_aq5,f_aq6,f_aq7,f_aq8,f_aq9,f_aq10
binance,gate,FUNUSDT,0.00139400,0.03104,2126.6858,1774056614785,0.00139100,250905.00000000,0.00139000,686851.00000000,0.00138900,1085188.00000000,0.00138800,481778.00000000,0.00138700,398979.00000000,0.00138600,47372.00000000,0.00138500,198910.00000000,0.00138400,73302.00000000,0.00138300,1426857.00000000,0.00138200,812804.00000000,0.00139400,431129.00000000,0.00139500,955286.00000000,0.00139600,1502540.00000000,0.00139700,780190.00000000,0.00139800,432034.00000000,0.00139900,453921.00000000,0.00140000,1917838.00000000,0.00140100,612134.00000000,0.00140200,595613.00000000,0.00140300,199974.00000000,0.03104,14,0.03103,40,0.03102,32,0.03099,72,0.03098,183,0.03095,15,0.03094,182,0.03092,14,0.03091,182,0.03089,15,0.03106,15,0.03107,14,0.03108,55,0.03109,55,0.0311,264,0.03112,14,0.03113,196,0.03115,15,0.03116,183,0.03118,15
binance,gate,FUNUSDT,0.00139400,0.03104,2126.6858,1774056615085,0.00139100,250905.00000000,0.00139000,686851.00000000,0.00138900,1085188.00000000,0.00138800,481778.00000000,0.00138700,398979.00000000,0.00138600,47372.00000000,0.00138500,198910.00000000,0.00138400,73302.00000000,0.00138300,1426857.00000000,0.00138200,812804.00000000,0.00139400,431129.00000000,0.00139500,955286.00000000,0.00139600,1502540.00000000,0.00139700,780190.00000000,0.00139800,432034.00000000,0.00139900,453921.00000000,0.00140000,1917838.00000000,0.00140100,612134.00000000,0.00140200,595613.00000000,0.00140300,199974.00000000,0.03104,14,0.03103,40,0.03102,32,0.03099,72,0.03098,183,0.03095,15,0.03094,182,0.03092,14,0.03091,182,0.03089,15,0.03107,14,0.03108,55,0.03109,55,0.0311,264,0.03112,14,0.03113,196,0.03115,15,0.03116,183,0.03118,15,0.03119,182
binance,gate,FUNUSDT,0.00139400,0.03104,2126.6858,1774056615385,0.00139100,250905.00000000,0.00139000,686851.00000000,0.00138900,1085188.00000000,0.00138800,481778.00000000,0.00138700,398979.00000000,0.00138600,47372.00000000,0.00138500,198910.00000000,0.00138400,73302.00000000,0.00138300,1426857.00000000,0.00138200,812804.00000000,0.00139400,431129.00000000,0.00139500,955286.00000000,0.00139600,1502540.00000000,0.00139700,780190.00000000,0.00139800,432034.00000000,0.00139900,453921.00000000,0.00140000,1917838.00000000,0.00140100,612134.00000000,0.00140200,595613.00000000,0.00140300,199974.00000000,0.03104,14,0.03103,40,0.03102,32,0.03099,72,0.03098,183,0.03095,15,0.03094,182,0.03092,14,0.03091,182,0.03089,15,0.03107,14,0.03108,55,0.03109,55,0.0311,264,0.03112,14,0.03113,196,0.03115,15,0.03116,183,0.03118,15,0.03119,182
binance,gate,FUNUSDT,0.00139400,0.03104,2126.6858,1774056615685,0.00139100,250905.00000000,0.00139000,686851.00000000,0.00138900,1085188.00000000,0.00138800,481778.00000000,0.00138700,398979.00000000,0.00138600,47372.00000000,0.00138500,198910.00000000,0.00138400,73302.00000000,0.00138300,1426857.00000000,0.00138200,812804.00000000,0.00139400,431129.00000000,0.00139500,955286.00000000,0.00139600,1502540.00000000,0.00139700,780190.00000000,0.00139800,432034.00000000,0.00139900,453921.00000000,0.00140000,1917838.00000000,0.00140100,612134.00000000,0.00140200,595613.00000000,0.00140300,199974.00000000,0.03104,14,0.03103,40,0.03102,32,0.03099,72,0.03098,183,0.03095,15,0.03094,182,0.03092,14,0.03091,182,0.03089,15,0.03107,14,0.03108,55,0.03109,55,0.0311,264,0.03112,14,0.03113,196,0.03115,15,0.03116,183,0.03118,15,0.03119,182
binance,gate,FUNUSDT,0.00139400,0.03104,2126.6858,1774056615986,0.00139100,250905.00000000,0.00139000,686851.00000000,0.00138900,1085188.00000000,0.00138800,481778.00000000,0.00138700,398979.00000000,0.00138600,47372.00000000,0.00138500,198910.00000000,0.00138400,73302.00000000,0.00138300,1426857.00000000,0.00138200,812804.00000000,0.00139400,431129.00000000,0.00139500,955286.00000000,0.00139600,1502540.00000000,0.00139700,780190.00000000,0.00139800,432034.00000000,0.00139900,453921.00000000,0.00140000,1917838.00000000,0.00140100,612134.00000000,0.00140200,595613.00000000,0.00140300,199974.00000000,0.03104,14,0.03103,40,0.03102,32,0.03099,72,0.03098,183,0.03095,15,0.03094,182,0.03092,14,0.03091,182,0.03089,15,0.03107,14,0.03108,55,0.03109,55,0.0311,264,0.03112,14,0.03113,196,0.03115,15,0.03116,183,0.03118,15,0.03119,182
binance,gate,FUNUSDT,0.00139400,0.03104,2126.6858,1774056616286,0.00139100,250905.00000000,0.00139000,686851.00000000,0.00138900,1085188.00000000,0.00138800,481778.00000000,0.00138700,398979.00000000,0.00138600,47372.00000000,0.00138500,198910.00000000,0.00138400,73302.00000000,0.00138300,1426857.00000000,0.00138200,812804.00000000,0.00139400,431129.00000000,0.00139500,955286.00000000,0.00139600,1502540.00000000,0.00139700,780190.00000000,0.00139800,432034.00000000,0.00139900,453921.00000000,0.00140000,1917838.00000000,0.00140100,612134.00000000,0.00140200,595613.00000000,0.00140300,199974.00000000,0.03104,14,0.03103,40,0.03102,32,0.03099,72,0.03098,183,0.03095,15,0.03094,182,0.03092,14,0.03091,182,0.03089,15,0.03107,14,0.03108,55,0.03109,55,0.0311,264,0.03112,14,0.03113,196,0.03115,15,0.03116,183,0.03118,15,0.03119,182
binance,gate,FUNUSDT,0.00139400,0.03104,2126.6858,1774056616586,0.00139100,250905.00000000,0.00139000,686851.00000000,0.00138900,1085188.00000000,0.00138800,481778.00000000,0.00138700,398979.00000000,0.00138600,47372.00000000,0.00138500,198910.00000000,0.00138400,73302.00000000,0.00138300,1426857.00000000,0.00138200,812804.00000000,0.00139400,431129.00000000,0.00139500,955286.00000000,0.00139600,1502540.00000000,0.00139700,780190.00000000,0.00139800,432034.00000000,0.00139900,453921.00000000,0.00140000,1917838.00000000,0.00140100,612134.00000000,0.00140200,595613.00000000,0.00140300,199974.00000000,0.03104,14,0.03103,40,0.03102,32,0.03099,72,0.03098,183,0.03095,15,0.03094,182,0.03092,14,0.03091,182,0.03089,15,0.03107,14,0.03108,55,0.03109,55,0.0311,264,0.03112,14,0.03113,196,0.03115,15,0.03116,183,0.03118,15,0.03119,182
binance,gate,FUNUSDT,0.00139400,0.03104,2126.6858,1774056616886,0.00139100,250905.00000000,0.00139000,686851.00000000,0.00138900,1085188.00000000,0.00138800,481778.00000000,0.00138700,398979.00000000,0.00138600,47372.00000000,0.00138500,198910.00000000,0.00138400,73302.00000000,0.00138300,1426857.00000000,0.00138200,812804.00000000,0.00139400,431129.00000000,0.00139500,955286.00000000,0.00139600,1502540.00000000,0.00139700,780190.00000000,0.00139800,432034.00000000,0.00139900,453921.00000000,0.00140000,1917838.00000000,0.00140100,612134.00000000,0.00140200,595613.00000000,0.00140300,199974.00000000,0.03104,14,0.03103,40,0.03102,32,0.03099,72,0.03098,183,0.03095,15,0.03094,182,0.03092,14,0.03091,182,0.03089,15,0.03107,14,0.03108,55,0.03109,55,0.0311,264,0.03112,14,0.03113,196,0.03115,15,0.03116,183,0.03118,15,0.03119,182
binance,gate,FUNUSDT,0.00139400,0.03104,2126.6858,1774056617188,0.00139100,250905.00000000,0.00139000,686851.00000000,0.00138900,1085188.00000000,0.00138800,481778.00000000,0.00138700,398979.00000000,0.00138600,47372.00000000,0.00138500,198910.00000000,0.00138400,73302.00000000,0.00138300,1426857.00000000,0.00138200,812804.00000000,0.00139400,431129.00000000,0.00139500,955286.00000000,0.00139600,1502540.00000000,0.00139700,780190.00000000,0.00139800,432034.00000000,0.00139900,453921.00000000,0.00140000,1917838.00000000,0.00140100,612134.00000000,0.00140200,595613.00000000,0.00140300,199974.00000000,0.03104,14,0.03103,40,0.03102,32,0.03099,72,0.03098,183,0.03095,15,0.03094,182,0.03092,14,0.03091,182,0.03089,15,0.03107,14,0.03108,55,0.03109,55,0.0311,264,0.03112,14,0.03113,196,0.03115,15,0.03116,183,0.03118,15,0.03119,182
binance,gate,FUNUSDT,0.00139400,0.03104,2126.6858,1774056617488,0.00139100,250905.00000000,0.00139000,686851.00000000,0.00138900,1085188.00000000,0.00138800,481778.00000000,0.00138700,398979.00000000,0.00138600,47372.00000000,0.00138500,198910.00000000,0.00138400,73302.00000000,0.00138300,1426857.00000000,0.00138200,812804.00000000,0.00139400,431129.00000000,0.00139500,955286.00000000,0.00139600,1502540.00000000,0.00139700,780190.00000000,0.00139800,432034.00000000,0.00139900,453921.00000000,0.00140000,1917838.00000000,0.00140100,612134.00000000,0.00140200,595613.00000000,0.00140300,199974.00000000,0.03104,14,0.03103,40,0.03102,32,0.03099,72,0.03098,183,0.03095,15,0.03094,182,0.03092,14,0.03091,182,0.03089,15,0.03107,14,0.03108,55,0.03109,55,0.0311,264,0.03112,14,0.03113,196,0.03115,15,0.03116,183,0.03118,15,0.03119,182
binance,gate,FUNUSDT,0.00139400,0.03104,2126.6858,1774056617789,0.00139100,250905.00000000,0.00139000,686851.00000000,0.00138900,1085188.00000000,0.00138800,481778.00000000,0.00138700,398979.00000000,0.00138600,47372.00000000,0.00138500,198910.00000000,0.00138400,73302.00000000,0.00138300,1426857.00000000,0.00138200,812804.00000000,0.00139400,431129.00000000,0.00139500,955286.00000000,0.00139600,1502540.00000000,0.00139700,780190.00000000,0.00139800,432034.00000000,0.00139900,453921.00000000,0.00140000,1917838.00000000,0.00140100,612134.00000000,0.00140200,595613.00000000,0.00140300,199974.00000000,0.03104,14,0.03103,40,0.03102,32,0.03099,72,0.03098,183,0.03095,15,0.03094,182,0.03092,14,0.03091,182,0.03089,15,0.03107,14,0.03108,55,0.03109,55,0.0311,264,0.03112,14,0.03113,196,0.03115,15,0.03116,183,0.03118,15,0.03119,182
binance,gate,FUNUSDT,0.00139400,0.03104,2126.6858,1774056618089,0.00139100,250905.00000000,0.00139000,686851.00000000,0.00138900,1085188.00000000,0.00138800,481778.00000000,0.00138700,398979.00000000,0.00138600,47372.00000000,0.00138500,198910.00000000,0.00138400,73302.00000000,0.00138300,1426857.00000000,0.00138200,812804.00000000,0.00139400,431129.00000000,0.00139500,955286.00000000,0.00139600,1502540.00000000,0.00139700,780190.00000000,0.00139800,432034.00000000,0.00139900,453921.00000000,0.00140000,1917838.00000000,0.00140100,612134.00000000,0.00140200,595613.00000000,0.00140300,199974.00000000,0.03104,14,0.03103,40,0.03102,32,0.03099,72,0.03098,183,0.03095,15,0.03094,182,0.03092,14,0.03091,182,0.03089,15,0.03107,14,0.03108,55,0.03109,55,0.0311,264,0.03112,14,0.03113,196,0.03115,15,0.03116,183,0.03118,15,0.03119,182
binance,gate,FUNUSDT,0.00139400,0.03104,2126.6858,1774056618389,0.00139100,250905.00000000,0.00139000,484788.00000000,0.00138900,454107.00000000,0.00138800,481778.00000000,0.00138700,51295.00000000,0.00138600,47372.00000000,0.00138500,198910.00000000,0.00138400,73302.00000000,0.00138300,1426857.00000000,0.00138200,812804.00000000,0.00139400,431129.00000000,0.00139500,955286.00000000,0.00139600,727654.00000000,0.00139700,5304.00000000,0.00139800,432034.00000000,0.00139900,453921.00000000,0.00140000,1917838.00000000,0.00140100,612134.00000000,0.00140200,595613.00000000,0.00140300,199974.00000000,0.03104,14,0.03103,40,0.03102,32,0.03099,72,0.03098,183,0.03095,15,0.03094,182,0.03092,14,0.03091,182,0.03089,15,0.03107,14,0.03108,55,0.03109,55,0.0311,264,0.03112,14,0.03113,196,0.03115,15,0.03116,183,0.03118,15,0.03119,182
binance,gate,FUNUSDT,0.00139400,0.03104,2126.6858,1774056618689,0.00139100,250905.00000000,0.00139000,484788.00000000,0.00138900,454107.00000000,0.00138800,481778.00000000,0.00138700,51295.00000000,0.00138600,47372.00000000,0.00138500,198910.00000000,0.00138400,73302.00000000,0.00138300,1426857.00000000,0.00138200,812804.00000000,0.00139400,431129.00000000,0.00139500,955286.00000000,0.00139600,727654.00000000,0.00139700,5304.00000000,0.00139800,432034.00000000,0.00139900,453921.00000000,0.00140000,1917838.00000000,0.00140100,612134.00000000,0.00140200,595613.00000000,0.00140300,199974.00000000,0.03104,14,0.03103,40,0.03102,32,0.03099,72,0.03098,183,0.03095,15,0.03094,182,0.03092,14,0.03091,182,0.03089,15,0.03107,14,0.03108,55,0.03109,55,0.0311,264,0.03112,14,0.03113,196,0.03115,15,0.03116,183,0.03118,15,0.03119,182
binance,gate,FUNUSDT,0.00139400,0.03104,2126.6858,1774056618990,0.00139100,250905.00000000,0.00139000,484788.00000000,0.00138900,454107.00000000,0.00138800,481778.00000000,0.00138700,51295.00000000,0.00138600,47372.00000000,0.00138500,198910.00000000,0.00138400,73302.00000000,0.00138300,1426857.00000000,0.00138200,812804.00000000,0.00139400,431129.00000000,0.00139500,955286.00000000,0.00139600,727654.00000000,0.00139700,5304.00000000,0.00139800,432034.00000000,0.00139900,453921.00000000,0.00140000,1917838.00000000,0.00140100,612134.00000000,0.00140200,595613.00000000,0.00140300,199974.00000000,0.03104,14,0.03103,40,0.03102,32,0.03099,72,0.03098,183,0.03095,15,0.03094,182,0.03092,14,0.03091,182,0.03089,15,0.03107,14,0.03108,55,0.03109,55,0.0311,264,0.03112,14,0.03113,196,0.03115,15,0.03116,183,0.03118,15,0.03119,182
binance,gate,FUNUSDT,0.00139400,0.03104,2126.6858,1774056619290,0.00139100,250905.00000000,0.00139000,484788.00000000,0.00138900,454107.00000000,0.00138800,481778.00000000,0.00138700,51295.00000000,0.00138600,47372.00000000,0.00138500,198910.00000000,0.00138400,73302.00000000,0.00138300,1426857.00000000,0.00138200,812804.00000000,0.00139400,431129.00000000,0.00139500,955286.00000000,0.00139600,727654.00000000,0.00139700,5304.00000000,0.00139800,432034.00000000,0.00139900,453921.00000000,0.00140000,1917838.00000000,0.00140100,612134.00000000,0.00140200,595613.00000000,0.00140300,199974.00000000,0.03104,14,0.03103,40,0.03102,32,0.03099,72,0.03098,183,0.03095,15,0.03094,182,0.03092,14,0.03091,182,0.03089,15,0.03107,14,0.03108,55,0.03109,55,0.0311,264,0.03112,14,0.03113,196,0.03115,15,0.03116,183,0.03118,15,0.03119,182
binance,gate,FUNUSDT,0.00139400,0.03104,2126.6858,1774056619590,0.00139100,250905.00000000,0.00139000,484788.00000000,0.00138900,454107.00000000,0.00138800,481778.00000000,0.00138700,51295.00000000,0.00138600,47372.00000000,0.00138500,198910.00000000,0.00138400,73302.00000000,0.00138300,1426857.00000000,0.00138200,812804.00000000,0.00139400,431129.00000000,0.00139500,955286.00000000,0.00139600,727654.00000000,0.00139700,5304.00000000,0.00139800,432034.00000000,0.00139900,453921.00000000,0.00140000,1917838.00000000,0.00140100,612134.00000000,0.00140200,595613.00000000,0.00140300,199974.00000000,0.03104,14,0.03103,40,0.03102,32,0.03099,72,0.03098,183,0.03095,15,0.03094,182,0.03092,14,0.03091,182,0.03089,15,0.03107,14,0.03108,55,0.03109,55,0.0311,264,0.03112,14,0.03113,196,0.03115,15,0.03116,183,0.03118,15,0.03119,182
binance,gate,FUNUSDT,0.00139400,0.03104,2126.6858,1774056619890,0.00139100,250905.00000000,0.00139000,484788.00000000,0.00138900,454107.00000000,0.00138800,481778.00000000,0.00138700,51295.00000000,0.00138600,47372.00000000,0.00138500,198910.00000000,0.00138400,73302.00000000,0.00138300,1426857.00000000,0.00138200,812804.00000000,0.00139400,431129.00000000,0.00139500,955286.00000000,0.00139600,727654.00000000,0.00139700,5304.00000000,0.00139800,432034.00000000,0.00139900,453921.00000000,0.00140000,1917838.00000000,0.00140100,612134.00000000,0.00140200,595613.00000000,0.00140300,199974.00000000,0.03104,14,0.03103,40,0.03102,32,0.03099,72,0.03098,183,0.03095,15,0.03094,182,0.03092,14,0.03091,182,0.03089,15,0.03107,14,0.03108,55,0.03109,55,0.0311,264,0.03112,14,0.03113,196,0.03115,15,0.03116,183,0.03118,15,0.03119,182
binance,gate,FUNUSDT,0.00139400,0.03104,2126.6858,1774056620190,0.00139100,250905.00000000,0.00139000,686851.00000000,0.00138900,1084989.00000000,0.00138800,481778.00000000,0.00138700,399236.00000000,0.00138600,47372.00000000,0.00138500,198910.00000000,0.00138400,73302.00000000,0.00138300,1426857.00000000,0.00138200,812804.00000000,0.00139400,431129.00000000,0.00139500,955286.00000000,0.00139600,1502347.00000000,0.00139700,779997.00000000,0.00139800,432034.00000000,0.00139900,453921.00000000,0.00140000,1917838.00000000,0.00140100,612134.00000000,0.00140200,595613.00000000,0.00140300,199974.00000000,0.03104,14,0.03103,40,0.03102,32,0.03099,72,0.03098,183,0.03095,15,0.03094,182,0.03092,14,0.03091,182,0.03089,15,0.03107,14,0.03108,55,0.03109,55,0.0311,264,0.03112,14,0.03113,196,0.03115,15,0.03116,183,0.03118,15,0.03119,182
binance,gate,FUNUSDT,0.00139400,0.03104,2126.6858,1774056620490,0.00139100,250905.00000000,0.00139000,686851.00000000,0.00138900,1084989.00000000,0.00138800,481778.00000000,0.00138700,399236.00000000,0.00138600,47372.00000000,0.00138500,198910.00000000,0.00138400,73302.00000000,0.00138300,1426857.00000000,0.00138200,812804.00000000,0.00139400,431129.00000000,0.00139500,955286.00000000,0.00139600,1502347.00000000,0.00139700,779997.00000000,0.00139800,432034.00000000,0.00139900,453921.00000000,0.00140000,1917838.00000000,0.00140100,612134.00000000,0.00140200,595613.00000000,0.00140300,199974.00000000,0.03104,14,0.03103,40,0.03102,32,0.03099,72,0.03098,183,0.03095,15,0.03094,182,0.03092,14,0.03091,182,0.03089,15,0.03107,14,0.03108,55,0.03109,55,0.0311,264,0.03112,14,0.03113,196,0.03115,15,0.03116,183,0.03118,15,0.03119,182
binance,gate,FUNUSDT,0.00139400,0.03104,2126.6858,1774056620791,0.00139100,250905.00000000,0.00139000,686851.00000000,0.00138900,1084989.00000000,0.00138800,481778.00000000,0.00138700,399236.00000000,0.00138600,47372.00000000,0.00138500,198910.00000000,0.00138400,73302.00000000,0.00138300,1426857.00000000,0.00138200,812804.00000000,0.00139400,431129.00000000,0.00139500,955286.00000000,0.00139600,1502347.00000000,0.00139700,779997.00000000,0.00139800,432034.00000000,0.00139900,453921.00000000,0.00140000,1917838.00000000,0.00140100,612134.00000000,0.00140200,595613.00000000,0.00140300,199974.00000000,0.03104,14,0.03103,40,0.03102,32,0.03099,72,0.03098,183,0.03095,15,0.03094,182,0.03092,14,0.03091,182,0.03089,15,0.03107,14,0.03108,55,0.03109,55,0.0311,264,0.03112,14,0.03113,196,0.03115,15,0.03116,183,0.03118,15,0.03119,182
binance,gate,FUNUSDT,0.00139400,0.03104,2126.6858,1774056621091,0.00139100,250905.00000000,0.00139000,686851.00000000,0.00138900,1084989.00000000,0.00138800,481778.00000000,0.00138700,399236.00000000,0.00138600,47372.00000000,0.00138500,198910.00000000,0.00138400,73302.00000000,0.00138300,1426857.00000000,0.00138200,812804.00000000,0.00139400,431129.00000000,0.00139500,955286.00000000,0.00139600,1502347.00000000,0.00139700,779997.00000000,0.00139800,432034.00000000,0.00139900,453921.00000000,0.00140000,1917838.00000000,0.00140100,612134.00000000,0.00140200,595613.00000000,0.00140300,199974.00000000,0.03104,14,0.03103,40,0.03102,32,0.03099,72,0.03098,183,0.03095,15,0.03094,182,0.03092,14,0.03091,182,0.03089,15,0.03107,14,0.03108,55,0.03109,55,0.0311,264,0.03112,14,0.03113,196,0.03115,15,0.03116,183,0.03118,15,0.03119,182
binance,gate,FUNUSDT,0.00139400,0.03104,2126.6858,1774056621391,0.00139100,250905.00000000,0.00139000,686851.00000000,0.00138900,1084989.00000000,0.00138800,481778.00000000,0.00138700,399236.00000000,0.00138600,47372.00000000,0.00138500,198910.00000000,0.00138400,73302.00000000,0.00138300,1426857.00000000,0.00138200,812804.00000000,0.00139400,431129.00000000,0.00139500,955286.00000000,0.00139600,1502347.00000000,0.00139700,779997.00000000,0.00139800,432034.00000000,0.00139900,453921.00000000,0.00140000,1917838.00000000,0.00140100,612134.00000000,0.00140200,595613.00000000,0.00140300,199974.00000000,0.03104,14,0.03103,40,0.03102,32,0.03099,72,0.03098,183,0.03095,15,0.03094,182,0.03092,14,0.03091,182,0.03089,15,0.03107,14,0.03108,55,0.03109,55,0.0311,264,0.03112,14,0.03113,196,0.03115,15,0.03116,183,0.03118,15,0.03119,182
binance,gate,FUNUSDT,0.00139400,0.03104,2126.6858,1774056621691,0.00139100,250905.00000000,0.00139000,686851.00000000,0.00138900,1084989.00000000,0.00138800,481778.00000000,0.00138700,399236.00000000,0.00138600,47372.00000000,0.00138500,198910.00000000,0.00138400,73302.00000000,0.00138300,1426857.00000000,0.00138200,812804.00000000,0.00139400,431129.00000000,0.00139500,955286.00000000,0.00139600,1502347.00000000,0.00139700,779997.00000000,0.00139800,432034.00000000,0.00139900,453921.00000000,0.00140000,1917838.00000000,0.00140100,612134.00000000,0.00140200,595613.00000000,0.00140300,199974.00000000,0.03104,14,0.03103,40,0.03102,32,0.03099,72,0.03098,183,0.03095,15,0.03094,182,0.03092,14,0.03091,182,0.03089,15,0.03107,14,0.03108,55,0.03109,55,0.0311,264,0.03112,14,0.03113,196,0.03115,15,0.03116,183,0.03118,15,0.03119,182
binance,gate,FUNUSDT,0.00139400,0.03104,2126.6858,1774056621998,0.00139100,250905.00000000,0.00139000,686851.00000000,0.00138900,1084989.00000000,0.00138800,481778.00000000,0.00138700,399236.00000000,0.00138600,47372.00000000,0.00138500,198910.00000000,0.00138400,73302.00000000,0.00138300,1426857.00000000,0.00138200,812804.00000000,0.00139400,431129.00000000,0.00139500,955286.00000000,0.00139600,1502347.00000000,0.00139700,779997.00000000,0.00139800,432034.00000000,0.00139900,453921.00000000,0.00140000,1917838.00000000,0.00140100,612134.00000000,0.00140200,595613.00000000,0.00140300,199974.00000000,0.03104,14,0.03103,40,0.03102,32,0.03099,72,0.03098,183,0.03095,15,0.03094,182,0.03092,14,0.03091,182,0.03089,15,0.03107,14,0.03108,55,0.03109,55,0.0311,264,0.03112,14,0.03113,196,0.03115,15,0.03116,183,0.03118,15,0.03119,182
binance,gate,FUNUSDT,0.00139400,0.03104,2126.6858,1774056622305,0.00139100,250905.00000000,0.00139000,686851.00000000,0.00138900,1084989.00000000,0.00138800,481778.00000000,0.00138700,399236.00000000,0.00138600,47372.00000000,0.00138500,198910.00000000,0.00138400,73302.00000000,0.00138300,1426857.00000000,0.00138200,812804.00000000,0.00139400,431129.00000000,0.00139500,955286.00000000,0.00139600,1502347.00000000,0.00139700,779997.00000000,0.00139800,432034.00000000,0.00139900,453921.00000000,0.00140000,1917838.00000000,0.00140100,612134.00000000,0.00140200,595613.00000000,0.00140300,199974.00000000,0.03104,14,0.03103,40,0.03102,32,0.03099,72,0.03098,183,0.03095,15,0.03094,182,0.03092,14,0.03091,182,0.03089,15,0.03107,14,0.03108,55,0.03109,55,0.0311,264,0.03112,14,0.03113,196,0.03115,15,0.03116,183,0.03118,15,0.03119,182
binance,gate,FUNUSDT,0.00139400,0.03104,2126.6858,1774056622614,0.00139100,250905.00000000,0.00139000,686851.00000000,0.00138900,1084989.00000000,0.00138800,481778.00000000,0.00138700,399236.00000000,0.00138600,47372.00000000,0.00138500,198910.00000000,0.00138400,73302.00000000,0.00138300,1426857.00000000,0.00138200,812804.00000000,0.00139400,431129.00000000,0.00139500,955286.00000000,0.00139600,1502347.00000000,0.00139700,779997.00000000,0.00139800,432034.00000000,0.00139900,453921.00000000,0.00140000,1917838.00000000,0.00140100,612134.00000000,0.00140200,595613.00000000,0.00140300,199974.00000000,0.03104,14,0.03103,40,0.03102,32,0.03099,72,0.03098,183,0.03095,15,0.03094,182,0.03092,14,0.03091,182,0.03089,15,0.03107,14,0.03108,55,0.03109,55,0.0311,264,0.03112,14,0.03113,196,0.03115,15,0.03116,183,0.03118,15,0.03119,182
binance,gate,FUNUSDT,0.00139400,0.03104,2126.6858,1774056622918,0.00139100,250905.00000000,0.00139000,686851.00000000,0.00138900,1084989.00000000,0.00138800,481778.00000000,0.00138700,399236.00000000,0.00138600,47372.00000000,0.00138500,198910.00000000,0.00138400,73302.00000000,0.00138300,1426857.00000000,0.00138200,812804.00000000,0.00139400,431129.00000000,0.00139500,955286.00000000,0.00139600,1502347.00000000,0.00139700,779997.00000000,0.00139800,432034.00000000,0.00139900,453921.00000000,0.00140000,1917838.00000000,0.00140100,612134.00000000,0.00140200,595613.00000000,0.00140300,199974.00000000,0.03104,14,0.03103,40,0.03102,32,0.03099,72,0.03098,183,0.03095,15,0.03094,182,0.03092,14,0.03091,182,0.03089,15,0.03107,14,0.03108,55,0.03109,55,0.0311,264,0.03112,14,0.03113,196,0.03115,15,0.03116,183,0.03118,15,0.03119,182
binance,gate,FUNUSDT,0.00139400,0.03104,2126.6858,1774056623226,0.00139100,250905.00000000,0.00139000,686851.00000000,0.00138900,1084989.00000000,0.00138800,481778.00000000,0.00138700,399236.00000000,0.00138600,47372.00000000,0.00138500,198910.00000000,0.00138400,73302.00000000,0.00138300,1426857.00000000,0.00138200,812804.00000000,0.00139400,431129.00000000,0.00139500,955286.00000000,0.00139600,1502347.00000000,0.00139700,779997.00000000,0.00139800,432034.00000000,0.00139900,453921.00000000,0.00140000,1917838.00000000,0.00140100,612134.00000000,0.00140200,595613.00000000,0.00140300,199974.00000000,0.03104,14,0.03103,40,0.03102,32,0.03099,72,0.03098,183,0.03095,15,0.03094,182,0.03092,14,0.03091,182,0.03089,15,0.03107,14,0.03108,55,0.03109,55,0.0311,264,0.03112,14,0.03113,196,0.03115,15,0.03116,183,0.03118,15,0.03119,182
binance,gate,FUNUSDT,0.00139400,0.03104,2126.6858,1774056623532,0.00139100,250905.00000000,0.00139000,686851.00000000,0.00138900,1084989.00000000,0.00138800,481778.00000000,0.00138700,399236.00000000,0.00138600,47372.00000000,0.00138500,198910.00000000,0.00138400,73302.00000000,0.00138300,1426857.00000000,0.00138200,812804.00000000,0.00139400,431129.00000000,0.00139500,955286.00000000,0.00139600,1502347.00000000,0.00139700,779997.00000000,0.00139800,432034.00000000,0.00139900,453921.00000000,0.00140000,1917838.00000000,0.00140100,612134.00000000,0.00140200,595613.00000000,0.00140300,199974.00000000,0.03104,14,0.03103,40,0.03102,32,0.03099,72,0.03098,183,0.03095,15,0.03094,182,0.03092,14,0.03091,182,0.03089,15,0.03107,14,0.03108,55,0.03109,55,0.0311,264,0.03112,14,0.03113,196,0.03115,15,0.03116,183,0.03118,15,0.03119,182
binance,gate,FUNUSDT,0.00139400,0.03104,2126.6858,1774056623832,0.00139100,250905.00000000,0.00139000,686851.00000000,0.00138900,1084989.00000000,0.00138800,481778.00000000,0.00138700,399236.00000000,0.00138600,47372.00000000,0.00138500,198910.00000000,0.00138400,73302.00000000,0.00138300,1426857.00000000,0.00138200,812804.00000000,0.00139400,431129.00000000,0.00139500,955286.00000000,0.00139600,1502347.00000000,0.00139700,779997.00000000,0.00139800,432034.00000000,0.00139900,453921.00000000,0.00140000,1917838.00000000,0.00140100,612134.00000000,0.00140200,595613.00000000,0.00140300,199974.00000000,0.03104,14,0.03103,40,0.03102,32,0.03099,72,0.03098,183,0.03095,15,0.03094,182,0.03092,14,0.03091,182,0.03089,15,0.03107,14,0.03108,55,0.03109,55,0.0311,264,0.03112,14,0.03113,196,0.03115,15,0.03116,183,0.03118,15,0.03119,182
binance,gate,FUNUSDT,0.00139400,0.03104,2126.6858,1774056624134,0.00139100,250905.00000000,0.00139000,686851.00000000,0.00138900,1084989.00000000,0.00138800,481778.00000000,0.00138700,399236.00000000,0.00138600,47372.00000000,0.00138500,198910.00000000,0.00138400,73302.00000000,0.00138300,1426857.00000000,0.00138200,812804.00000000,0.00139400,431129.00000000,0.00139500,955286.00000000,0.00139600,1502347.00000000,0.00139700,779997.00000000,0.00139800,432034.00000000,0.00139900,453921.00000000,0.00140000,1917838.00000000,0.00140100,612134.00000000,0.00140200,595613.00000000,0.00140300,199974.00000000,0.03104,14,0.03103,40,0.03102,32,0.03099,72,0.03098,183,0.03095,15,0.03094,182,0.03092,14,0.03091,182,0.03089,15,0.03107,14,0.03108,55,0.03109,55,0.0311,264,0.03112,14,0.03113,196,0.03115,15,0.03116,183,0.03118,15,0.03119,182
binance,gate,FUNUSDT,0.00139400,0.03103,2125.9684,1774056624447,0.00139100,250905.00000000,0.00139000,686851.00000000,0.00138900,1084989.00000000,0.00138800,481778.00000000,0.00138700,399236.00000000,0.00138600,47372.00000000,0.00138500,198910.00000000,0.00138400,73302.00000000,0.00138300,1426857.00000000,0.00138200,812804.00000000,0.00139400,431129.00000000,0.00139500,955286.00000000,0.00139600,1502347.00000000,0.00139700,779997.00000000,0.00139800,432034.00000000,0.00139900,453921.00000000,0.00140000,1917838.00000000,0.00140100,612134.00000000,0.00140200,595613.00000000,0.00140300,199974.00000000,0.03103,40,0.03102,32,0.03099,72,0.03098,183,0.03095,15,0.03094,182,0.03092,14,0.03091,182,0.03089,15,0.03088,168,0.03107,14,0.03108,55,0.03109,55,0.0311,264,0.03112,14,0.03113,196,0.03115,15,0.03116,183,0.03118,15,0.03119,182
binance,gate,FUNUSDT,0.00139400,0.03103,2125.9684,1774056624751,0.00139100,250905.00000000,0.00139000,686851.00000000,0.00138900,1084989.00000000,0.00138800,481778.00000000,0.00138700,399236.00000000,0.00138600,47372.00000000,0.00138500,198910.00000000,0.00138400,73302.00000000,0.00138300,1426857.00000000,0.00138200,812804.00000000,0.00139400,431129.00000000,0.00139500,955286.00000000,0.00139600,1502347.00000000,0.00139700,779997.00000000,0.00139800,432034.00000000,0.00139900,453921.00000000,0.00140000,1917838.00000000,0.00140100,612134.00000000,0.00140200,595613.00000000,0.00140300,199974.00000000,0.03103,40,0.03102,32,0.03099,72,0.03098,183,0.03095,15,0.03094,182,0.03092,14,0.03091,182,0.03089,15,0.03088,168,0.03106,14,0.03107,54,0.03108,55,0.03109,55,0.0311,264,0.03112,14,0.03113,196,0.03115,15,0.03116,183,0.03118,15
binance,gate,FUNUSDT,0.00139400,0.03103,2125.9684,1774056625051,0.00139100,250905.00000000,0.00139000,686851.00000000,0.00138900,1084989.00000000,0.00138800,481778.00000000,0.00138700,399236.00000000,0.00138600,47372.00000000,0.00138500,198910.00000000,0.00138400,73302.00000000,0.00138300,1426857.00000000,0.00138200,812804.00000000,0.00139400,431129.00000000,0.00139500,955286.00000000,0.00139600,1502347.00000000,0.00139700,779997.00000000,0.00139800,432034.00000000,0.00139900,453921.00000000,0.00140000,1917838.00000000,0.00140100,612134.00000000,0.00140200,595613.00000000,0.00140300,199974.00000000,0.03103,40,0.03102,32,0.03099,72,0.03098,183,0.03095,15,0.03094,182,0.03092,14,0.03091,182,0.03089,15,0.03088,168,0.03106,14,0.03107,54,0.03108,55,0.03109,55,0.0311,264,0.03112,14,0.03113,196,0.03115,15,0.03116,183,0.03118,15
binance,gate,FUNUSDT,0.00139400,0.03103,2125.9684,1774056625355,0.00139100,250905.00000000,0.00139000,686851.00000000,0.00138900,1084989.00000000,0.00138800,481778.00000000,0.00138700,399236.00000000,0.00138600,47372.00000000,0.00138500,198910.00000000,0.00138400,73302.00000000,0.00138300,1426857.00000000,0.00138200,812804.00000000,0.00139400,431129.00000000,0.00139500,955286.00000000,0.00139600,1502347.00000000,0.00139700,779997.00000000,0.00139800,432034.00000000,0.00139900,453921.00000000,0.00140000,1917838.00000000,0.00140100,612134.00000000,0.00140200,595613.00000000,0.00140300,199974.00000000,0.03103,40,0.03102,32,0.03099,72,0.03098,183,0.03095,15,0.03094,182,0.03092,14,0.03091,182,0.03089,15,0.03088,168,0.03106,14,0.03107,54,0.03108,55,0.03109,55,0.0311,264,0.03112,14,0.03113,196,0.03115,15,0.03116,183,0.03118,15
binance,gate,FUNUSDT,0.00139400,0.03103,2125.9684,1774056625655,0.00139100,250905.00000000,0.00139000,686851.00000000,0.00138900,1084989.00000000,0.00138800,481778.00000000,0.00138700,399236.00000000,0.00138600,47372.00000000,0.00138500,198910.00000000,0.00138400,73302.00000000,0.00138300,1426857.00000000,0.00138200,812804.00000000,0.00139400,431129.00000000,0.00139500,955286.00000000,0.00139600,1502347.00000000,0.00139700,779997.00000000,0.00139800,432034.00000000,0.00139900,453921.00000000,0.00140000,1917838.00000000,0.00140100,612134.00000000,0.00140200,595613.00000000,0.00140300,199974.00000000,0.03103,40,0.03102,32,0.03099,72,0.03098,183,0.03095,15,0.03094,182,0.03092,14,0.03091,182,0.03089,15,0.03088,168,0.03106,14,0.03107,54,0.03108,55,0.03109,55,0.0311,264,0.03112,14,0.03113,196,0.03115,15,0.03116,183,0.03118,15
binance,gate,FUNUSDT,0.00139400,0.03103,2125.9684,1774056625955,0.00139100,250905.00000000,0.00139000,686851.00000000,0.00138900,1084989.00000000,0.00138800,481778.00000000,0.00138700,399236.00000000,0.00138600,47372.00000000,0.00138500,198910.00000000,0.00138400,73302.00000000,0.00138300,1426857.00000000,0.00138200,812804.00000000,0.00139400,431129.00000000,0.00139500,955286.00000000,0.00139600,1502347.00000000,0.00139700,779997.00000000,0.00139800,432034.00000000,0.00139900,453921.00000000,0.00140000,1917838.00000000,0.00140100,612134.00000000,0.00140200,595613.00000000,0.00140300,199974.00000000,0.03103,40,0.03102,32,0.03099,72,0.03098,183,0.03095,15,0.03094,182,0.03092,14,0.03091,182,0.03089,15,0.03088,168,0.03106,14,0.03107,54,0.03108,55,0.03109,55,0.0311,264,0.03112,14,0.03113,196,0.03115,15,0.03116,183,0.03118,15
binance,gate,FUNUSDT,0.00139400,0.03103,2125.9684,1774056626255,0.00139100,252304.00000000,0.00139000,686851.00000000,0.00138900,1084989.00000000,0.00138800,481778.00000000,0.00138700,399236.00000000,0.00138600,47372.00000000,0.00138500,198910.00000000,0.00138400,73302.00000000,0.00138300,1426857.00000000,0.00138200,812804.00000000,0.00139400,431129.00000000,0.00139500,955286.00000000,0.00139600,1502347.00000000,0.00139700,779997.00000000,0.00139800,432034.00000000,0.00139900,453921.00000000,0.00140000,1917838.00000000,0.00140100,612134.00000000,0.00140200,595613.00000000,0.00140300,199974.00000000,0.03103,40,0.03102,32,0.03099,72,0.03098,183,0.03095,15,0.03094,182,0.03092,14,0.03091,182,0.03089,15,0.03088,168,0.03106,14,0.03107,54,0.03108,55,0.03109,55,0.0311,264,0.03112,14,0.03113,196,0.03115,15,0.03116,183,0.03118,15
binance,gate,FUNUSDT,0.00139400,0.03103,2125.9684,1774056626556,0.00139100,252304.00000000,0.00139000,686851.00000000,0.00138900,1084989.00000000,0.00138800,481778.00000000,0.00138700,399236.00000000,0.00138600,47372.00000000,0.00138500,198910.00000000,0.00138400,73302.00000000,0.00138300,1426857.00000000,0.00138200,812804.00000000,0.00139400,431129.00000000,0.00139500,955286.00000000,0.00139600,1502347.00000000,0.00139700,779997.00000000,0.00139800,432034.00000000,0.00139900,453921.00000000,0.00140000,1917838.00000000,0.00140100,612134.00000000,0.00140200,595613.00000000,0.00140300,199974.00000000,0.03103,40,0.03102,32,0.03099,72,0.03098,183,0.03095,15,0.03094,182,0.03092,14,0.03091,182,0.03089,15,0.03088,168,0.03106,14,0.03107,54,0.03108,55,0.03109,55,0.0311,264,0.03112,14,0.03113,196,0.03115,15,0.03116,183,0.03118,15
binance,gate,FUNUSDT,0.00139400,0.03103,2125.9684,1774056626870,0.00139100,252304.00000000,0.00139000,686851.00000000,0.00138900,1084989.00000000,0.00138800,481778.00000000,0.00138700,399236.00000000,0.00138600,47372.00000000,0.00138500,198910.00000000,0.00138400,73302.00000000,0.00138300,1426857.00000000,0.00138200,812804.00000000,0.00139400,431129.00000000,0.00139500,955286.00000000,0.00139600,1502347.00000000,0.00139700,779997.00000000,0.00139800,432034.00000000,0.00139900,453921.00000000,0.00140000,1917838.00000000,0.00140100,612134.00000000,0.00140200,595613.00000000,0.00140300,199974.00000000,0.03103,40,0.03102,32,0.03099,72,0.03098,183,0.03095,15,0.03094,182,0.03092,14,0.03091,182,0.03089,15,0.03088,168,0.03106,14,0.03107,54,0.03108,55,0.03109,55,0.0311,264,0.03112,14,0.03113,196,0.03115,15,0.03116,183,0.03118,15
binance,gate,FUNUSDT,0.00139400,0.03103,2125.9684,1774056627177,0.00139100,252304.00000000,0.00139000,686851.00000000,0.00138900,1084989.00000000,0.00138800,481778.00000000,0.00138700,399236.00000000,0.00138600,47372.00000000,0.00138500,198910.00000000,0.00138400,73302.00000000,0.00138300,1426857.00000000,0.00138200,812804.00000000,0.00139400,431129.00000000,0.00139500,955286.00000000,0.00139600,1502347.00000000,0.00139700,779997.00000000,0.00139800,432034.00000000,0.00139900,453921.00000000,0.00140000,1917838.00000000,0.00140100,612134.00000000,0.00140200,595613.00000000,0.00140300,199974.00000000,0.03103,40,0.03102,32,0.03099,15,0.03098,183,0.03097,57,0.03095,15,0.03094,182,0.03092,14,0.03091,182,0.03089,15,0.03106,14,0.03107,54,0.03108,55,0.03109,55,0.0311,264,0.03112,14,0.03113,196,0.03115,15,0.03116,183,0.03118,15
binance,gate,FUNUSDT,0.00139400,0.03103,2125.9684,1774056627488,0.00139100,252304.00000000,0.00139000,686851.00000000,0.00138900,1084989.00000000,0.00138800,481778.00000000,0.00138700,399236.00000000,0.00138600,47372.00000000,0.00138500,198910.00000000,0.00138400,73302.00000000,0.00138300,1426857.00000000,0.00138200,812804.00000000,0.00139400,431129.00000000,0.00139500,955286.00000000,0.00139600,1502347.00000000,0.00139700,779997.00000000,0.00139800,432034.00000000,0.00139900,453921.00000000,0.00140000,1917838.00000000,0.00140100,612134.00000000,0.00140200,595613.00000000,0.00140300,199974.00000000,0.03103,40,0.03102,32,0.03099,15,0.03098,183,0.03097,57,0.03095,15,0.03094,182,0.03092,14,0.03091,182,0.03089,15,0.03106,14,0.03107,54,0.03108,55,0.03109,55,0.0311,264,0.03112,14,0.03113,196,0.03115,15,0.03116,183,0.03118,15
binance,gate,FUNUSDT,0.00139400,0.03103,2125.9684,1774056627794,0.00139100,252304.00000000,0.00139000,686851.00000000,0.00138900,1084989.00000000,0.00138800,481778.00000000,0.00138700,399236.00000000,0.00138600,47372.00000000,0.00138500,198910.00000000,0.00138400,73302.00000000,0.00138300,1426857.00000000,0.00138200,812804.00000000,0.00139400,431129.00000000,0.00139500,955286.00000000,0.00139600,1502347.00000000,0.00139700,779997.00000000,0.00139800,432034.00000000,0.00139900,453921.00000000,0.00140000,1917838.00000000,0.00140100,612134.00000000,0.00140200,595613.00000000,0.00140300,199974.00000000,0.03103,40,0.03102,32,0.03099,15,0.03098,183,0.03097,57,0.03095,15,0.03094,182,0.03092,14,0.03091,182,0.03089,15,0.03106,14,0.03107,54,0.03108,55,0.03109,55,0.0311,264,0.03112,14,0.03113,196,0.03115,15,0.03116,183,0.03118,15
binance,gate,FUNUSDT,0.00139400,0.03103,2125.9684,1774056628099,0.00139100,252304.00000000,0.00139000,686851.00000000,0.00138900,1084989.00000000,0.00138800,481778.00000000,0.00138700,399236.00000000,0.00138600,47372.00000000,0.00138500,198910.00000000,0.00138400,73302.00000000,0.00138300,1426857.00000000,0.00138200,812804.00000000,0.00139400,431129.00000000,0.00139500,955286.00000000,0.00139600,1502347.00000000,0.00139700,779997.00000000,0.00139800,432034.00000000,0.00139900,453921.00000000,0.00140000,1917838.00000000,0.00140100,612134.00000000,0.00140200,595613.00000000,0.00140300,199974.00000000,0.03103,40,0.03102,32,0.03099,15,0.03098,183,0.03097,57,0.03095,15,0.03094,182,0.03092,14,0.03091,182,0.03089,15,0.03106,14,0.03107,54,0.03108,55,0.03109,55,0.0311,264,0.03112,14,0.03113,196,0.03115,15,0.03116,183,0.03118,15
binance,gate,FUNUSDT,0.00139400,0.03103,2125.9684,1774056628407,0.00139100,252304.00000000,0.00139000,686851.00000000,0.00138900,1084989.00000000,0.00138800,481778.00000000,0.00138700,399236.00000000,0.00138600,47372.00000000,0.00138500,198910.00000000,0.00138400,73302.00000000,0.00138300,1426857.00000000,0.00138200,812804.00000000,0.00139400,431129.00000000,0.00139500,955286.00000000,0.00139600,1502347.00000000,0.00139700,779997.00000000,0.00139800,432034.00000000,0.00139900,453921.00000000,0.00140000,1917838.00000000,0.00140100,612134.00000000,0.00140200,595613.00000000,0.00140300,199974.00000000,0.03103,40,0.03102,32,0.03099,15,0.03098,183,0.03097,57,0.03095,15,0.03094,182,0.03092,14,0.03091,182,0.03089,15,0.03106,14,0.03107,54,0.03108,55,0.03109,55,0.0311,264,0.03112,14,0.03113,196,0.03115,15,0.03116,183,0.03118,15
binance,gate,FUNUSDT,0.00139400,0.03103,2125.9684,1774056628721,0.00139100,252304.00000000,0.00139000,686851.00000000,0.00138900,1084989.00000000,0.00138800,481778.00000000,0.00138700,399236.00000000,0.00138600,47372.00000000,0.00138500,198910.00000000,0.00138400,73302.00000000,0.00138300,1426857.00000000,0.00138200,812804.00000000,0.00139400,431129.00000000,0.00139500,955286.00000000,0.00139600,1502347.00000000,0.00139700,779997.00000000,0.00139800,432034.00000000,0.00139900,453921.00000000,0.00140000,1917838.00000000,0.00140100,612134.00000000,0.00140200,595613.00000000,0.00140300,199974.00000000,0.03103,40,0.03102,32,0.03099,15,0.03098,183,0.03097,57,0.03095,15,0.03094,182,0.03092,14,0.03091,182,0.03089,15,0.03106,14,0.03107,54,0.03108,55,0.03109,55,0.0311,264,0.03112,14,0.03113,196,0.03115,15,0.03116,183,0.03118,15
binance,gate,FUNUSDT,0.00139400,0.03103,2125.9684,1774056629036,0.00139100,252304.00000000,0.00139000,686851.00000000,0.00138900,1084989.00000000,0.00138800,481778.00000000,0.00138700,399236.00000000,0.00138600,47372.00000000,0.00138500,198910.00000000,0.00138400,73302.00000000,0.00138300,1426857.00000000,0.00138200,812804.00000000,0.00139400,431129.00000000,0.00139500,955286.00000000,0.00139600,1502347.00000000,0.00139700,779997.00000000,0.00139800,432034.00000000,0.00139900,453921.00000000,0.00140000,1917838.00000000,0.00140100,612134.00000000,0.00140200,595613.00000000,0.00140300,199974.00000000,0.03103,40,0.03102,32,0.03099,15,0.03098,183,0.03097,57,0.03095,15,0.03094,182,0.03092,14,0.03091,182,0.03089,15,0.03106,14,0.03107,54,0.03108,55,0.03109,55,0.0311,264,0.03112,14,0.03113,196,0.03115,15,0.03116,183,0.03118,15
binance,gate,FUNUSDT,0.00139400,0.03103,2125.9684,1774056629348,0.00139100,252304.00000000,0.00139000,686851.00000000,0.00138900,1084989.00000000,0.00138800,481778.00000000,0.00138700,399236.00000000,0.00138600,47372.00000000,0.00138500,198910.00000000,0.00138400,73302.00000000,0.00138300,1426857.00000000,0.00138200,812804.00000000,0.00139400,410219.00000000,0.00139500,955286.00000000,0.00139600,1502347.00000000,0.00139700,779997.00000000,0.00139800,432034.00000000,0.00139900,453921.00000000,0.00140000,1917838.00000000,0.00140100,612134.00000000,0.00140200,595613.00000000,0.00140300,199974.00000000,0.03103,40,0.03102,32,0.03099,15,0.03098,183,0.03097,57,0.03095,15,0.03094,182,0.03092,14,0.03091,182,0.03089,15,0.03106,14,0.03107,54,0.03108,55,0.03109,55,0.0311,264,0.03112,14,0.03113,196,0.03115,15,0.03116,183,0.03118,15
binance,gate,FUNUSDT,0.00139400,0.03103,2125.9684,1774056629661,0.00139100,252304.00000000,0.00139000,686851.00000000,0.00138900,1084989.00000000,0.00138800,481778.00000000,0.00138700,399236.00000000,0.00138600,47372.00000000,0.00138500,198910.00000000,0.00138400,73302.00000000,0.00138300,1426857.00000000,0.00138200,812804.00000000,0.00139400,410219.00000000,0.00139500,955286.00000000,0.00139600,1502347.00000000,0.00139700,779997.00000000,0.00139800,432034.00000000,0.00139900,453921.00000000,0.00140000,1917838.00000000,0.00140100,612134.00000000,0.00140200,595613.00000000,0.00140300,199974.00000000,0.03103,40,0.03102,32,0.03099,15,0.03098,183,0.03097,57,0.03095,15,0.03094,182,0.03092,14,0.03091,182,0.03089,15,0.03106,14,0.03107,54,0.03108,55,0.03109,55,0.0311,264,0.03112,14,0.03113,196,0.03115,15,0.03116,183,0.03118,15
binance,gate,FUNUSDT,0.00139400,0.03103,2125.9684,1774056629966,0.00139100,252304.00000000,0.00139000,686851.00000000,0.00138900,1084989.00000000,0.00138800,481778.00000000,0.00138700,399236.00000000,0.00138600,47372.00000000,0.00138500,198910.00000000,0.00138400,73302.00000000,0.00138300,1426857.00000000,0.00138200,812804.00000000,0.00139400,410219.00000000,0.00139500,955286.00000000,0.00139600,1502347.00000000,0.00139700,779997.00000000,0.00139800,432034.00000000,0.00139900,453921.00000000,0.00140000,1917838.00000000,0.00140100,612134.00000000,0.00140200,595613.00000000,0.00140300,199974.00000000,0.03103,40,0.03102,32,0.03099,15,0.03098,183,0.03097,57,0.03095,15,0.03094,182,0.03092,14,0.03091,182,0.03089,15,0.03106,14,0.03107,54,0.03108,55,0.03109,55,0.0311,264,0.03112,14,0.03113,196,0.03115,15,0.03116,183,0.03118,15
binance,gate,FUNUSDT,0.00139400,0.03103,2125.9684,1774056630276,0.00139100,252304.00000000,0.00139000,686851.00000000,0.00138900,1084989.00000000,0.00138800,481778.00000000,0.00138700,399236.00000000,0.00138600,47372.00000000,0.00138500,198910.00000000,0.00138400,73302.00000000,0.00138300,1426857.00000000,0.00138200,812804.00000000,0.00139400,410219.00000000,0.00139500,955286.00000000,0.00139600,1502347.00000000,0.00139700,779997.00000000,0.00139800,432034.00000000,0.00139900,453921.00000000,0.00140000,1917838.00000000,0.00140100,612134.00000000,0.00140200,595613.00000000,0.00140300,199974.00000000,0.03103,40,0.03102,32,0.03099,15,0.03098,183,0.03097,57,0.03095,15,0.03094,182,0.03092,14,0.03091,182,0.03089,15,0.03106,14,0.03107,54,0.03108,55,0.03109,55,0.0311,264,0.03112,14,0.03113,196,0.03115,15,0.03116,183,0.03118,15
binance,gate,FUNUSDT,0.00139400,0.03103,2125.9684,1774056630577,0.00139100,252304.00000000,0.00139000,686851.00000000,0.00138900,1084989.00000000,0.00138800,481778.00000000,0.00138700,399236.00000000,0.00138600,47372.00000000,0.00138500,198910.00000000,0.00138400,73302.00000000,0.00138300,1426857.00000000,0.00138200,812804.00000000,0.00139400,410219.00000000,0.00139500,955286.00000000,0.00139600,1502347.00000000,0.00139700,779997.00000000,0.00139800,432034.00000000,0.00139900,453921.00000000,0.00140000,1917838.00000000,0.00140100,612134.00000000,0.00140200,595613.00000000,0.00140300,199974.00000000,0.03103,40,0.03102,32,0.03099,15,0.03098,183,0.03097,57,0.03095,15,0.03094,182,0.03092,14,0.03091,182,0.03089,15,0.03106,14,0.03107,54,0.03108,55,0.03109,55,0.0311,264,0.03112,14,0.03113,196,0.03115,15,0.03116,183,0.03118,15
binance,gate,FUNUSDT,0.00139400,0.03103,2125.9684,1774056630878,0.00139100,252304.00000000,0.00139000,686851.00000000,0.00138900,1084989.00000000,0.00138800,481778.00000000,0.00138700,399236.00000000,0.00138600,47372.00000000,0.00138500,198910.00000000,0.00138400,73302.00000000,0.00138300,1426857.00000000,0.00138200,812804.00000000,0.00139400,410219.00000000,0.00139500,955286.00000000,0.00139600,1502347.00000000,0.00139700,779997.00000000,0.00139800,432034.00000000,0.00139900,453921.00000000,0.00140000,1917838.00000000,0.00140100,612134.00000000,0.00140200,595613.00000000,0.00140300,199974.00000000,0.03103,40,0.03102,32,0.03099,15,0.03098,183,0.03097,57,0.03095,15,0.03094,182,0.03092,14,0.03091,182,0.03089,15,0.03106,14,0.03107,54,0.03108,55,0.03109,55,0.0311,264,0.03112,14,0.03113,196,0.03115,15,0.03116,183,0.03118,15
binance,gate,FUNUSDT,0.00139400,0.03103,2125.9684,1774056631179,0.00139100,252304.00000000,0.00139000,686851.00000000,0.00138900,1084989.00000000,0.00138800,481778.00000000,0.00138700,399236.00000000,0.00138600,47372.00000000,0.00138500,198910.00000000,0.00138400,73302.00000000,0.00138300,1426857.00000000,0.00138200,812804.00000000,0.00139400,410219.00000000,0.00139500,955286.00000000,0.00139600,1502347.00000000,0.00139700,779997.00000000,0.00139800,432034.00000000,0.00139900,453921.00000000,0.00140000,1917838.00000000,0.00140100,612134.00000000,0.00140200,595613.00000000,0.00140300,199974.00000000,0.03103,40,0.03102,32,0.03099,15,0.03098,183,0.03097,57,0.03095,15,0.03094,182,0.03092,14,0.03091,182,0.03089,15,0.03106,14,0.03107,54,0.03108,55,0.03109,124,0.0311,195,0.03112,14,0.03113,196,0.03115,15,0.03116,183,0.03118,15
binance,gate,FUNUSDT,0.00139400,0.03103,2125.9684,1774056631479,0.00139100,252304.00000000,0.00139000,686851.00000000,0.00138900,1084989.00000000,0.00138800,481778.00000000,0.00138700,399236.00000000,0.00138600,47372.00000000,0.00138500,198910.00000000,0.00138400,73302.00000000,0.00138300,1426857.00000000,0.00138200,812804.00000000,0.00139400,410219.00000000,0.00139500,955286.00000000,0.00139600,1502347.00000000,0.00139700,779997.00000000,0.00139800,432034.00000000,0.00139900,453921.00000000,0.00140000,1917838.00000000,0.00140100,612134.00000000,0.00140200,595613.00000000,0.00140300,199974.00000000,0.03103,40,0.03102,32,0.03099,15,0.03098,183,0.03097,57,0.03095,15,0.03094,182,0.03092,14,0.03091,182,0.03089,15,0.03106,14,0.03107,54,0.03108,55,0.03109,124,0.0311,195,0.03112,14,0.03113,196,0.03115,15,0.03116,183,0.03118,15
binance,gate,FUNUSDT,0.00139400,0.03103,2125.9684,1774056631780,0.00139100,252304.00000000,0.00139000,686851.00000000,0.00138900,1084989.00000000,0.00138800,481778.00000000,0.00138700,399236.00000000,0.00138600,47372.00000000,0.00138500,198910.00000000,0.00138400,73302.00000000,0.00138300,1426857.00000000,0.00138200,812804.00000000,0.00139400,410219.00000000,0.00139500,955286.00000000,0.00139600,1502347.00000000,0.00139700,779997.00000000,0.00139800,432034.00000000,0.00139900,453921.00000000,0.00140000,1917838.00000000,0.00140100,612134.00000000,0.00140200,595613.00000000,0.00140300,199974.00000000,0.03103,40,0.03102,32,0.03099,15,0.03098,183,0.03097,57,0.03095,15,0.03094,182,0.03092,14,0.03091,182,0.03089,15,0.03106,14,0.03107,54,0.03108,55,0.03109,124,0.0311,195,0.03112,14,0.03113,196,0.03115,15,0.03116,183,0.03118,15
binance,gate,FUNUSDT,0.00139400,0.03103,2125.9684,1774056632080,0.00139100,252304.00000000,0.00139000,686851.00000000,0.00138900,1084989.00000000,0.00138800,481778.00000000,0.00138700,399236.00000000,0.00138600,47372.00000000,0.00138500,198910.00000000,0.00138400,73302.00000000,0.00138300,1426857.00000000,0.00138200,812804.00000000,0.00139400,410219.00000000,0.00139500,955286.00000000,0.00139600,1502347.00000000,0.00139700,779997.00000000,0.00139800,432034.00000000,0.00139900,453921.00000000,0.00140000,1917838.00000000,0.00140100,612134.00000000,0.00140200,595613.00000000,0.00140300,199974.00000000,0.03103,40,0.03102,89,0.03099,15,0.03098,183,0.03095,15,0.03094,182,0.03092,14,0.03091,182,0.03089,15,0.03088,168,0.03106,14,0.03107,54,0.03108,55,0.03109,55,0.0311,195,0.03112,14,0.03113,196,0.03115,15,0.03116,183,0.03118,15
binance,gate,FUNUSDT,0.00139400,0.03103,2125.9684,1774056632381,0.00139100,252304.00000000,0.00139000,686851.00000000,0.00138900,1084989.00000000,0.00138800,481778.00000000,0.00138700,399236.00000000,0.00138600,47372.00000000,0.00138500,198910.00000000,0.00138400,73302.00000000,0.00138300,1426857.00000000,0.00138200,812804.00000000,0.00139400,410219.00000000,0.00139500,955286.00000000,0.00139600,1502347.00000000,0.00139700,779997.00000000,0.00139800,432034.00000000,0.00139900,453921.00000000,0.00140000,1917838.00000000,0.00140100,612134.00000000,0.00140200,595613.00000000,0.00140300,199974.00000000,0.03103,40,0.03102,32,0.03099,15,0.03098,240,0.03095,15,0.03094,182,0.03092,14,0.03091,182,0.03089,15,0.03088,168,0.03106,14,0.03107,54,0.03108,55,0.03109,55,0.0311,195,0.03112,14,0.03113,196,0.03114,69,0.03115,15,0.03116,183
binance,gate,FUNUSDT,0.00139400,0.03103,2125.9684,1774056632681,0.00139100,252304.00000000,0.00139000,686851.00000000,0.00138900,1084989.00000000,0.00138800,481778.00000000,0.00138700,399236.00000000,0.00138600,47372.00000000,0.00138500,198910.00000000,0.00138400,73302.00000000,0.00138300,1426857.00000000,0.00138200,812804.00000000,0.00139400,410219.00000000,0.00139500,955286.00000000,0.00139600,1502347.00000000,0.00139700,779997.00000000,0.00139800,432034.00000000,0.00139900,453921.00000000,0.00140000,1917838.00000000,0.00140100,612134.00000000,0.00140200,595613.00000000,0.00140300,199974.00000000,0.03103,40,0.03102,32,0.03099,15,0.03098,240,0.03095,15,0.03094,182,0.03092,14,0.03091,182,0.03089,15,0.03088,168,0.03106,14,0.03107,54,0.03108,55,0.03109,55,0.0311,195,0.03112,14,0.03113,265,0.03115,15,0.03116,183,0.03118,15
binance,gate,FUNUSDT,0.00139400,0.03103,2125.9684,1774056632981,0.00139100,252304.00000000,0.00139000,686851.00000000,0.00138900,1084989.00000000,0.00138800,481778.00000000,0.00138700,399236.00000000,0.00138600,47372.00000000,0.00138500,198910.00000000,0.00138400,73302.00000000,0.00138300,1426857.00000000,0.00138200,812804.00000000,0.00139400,410219.00000000,0.00139500,955286.00000000,0.00139600,1502347.00000000,0.00139700,779997.00000000,0.00139800,432034.00000000,0.00139900,453921.00000000,0.00140000,1917838.00000000,0.00140100,612134.00000000,0.00140200,595613.00000000,0.00140300,199974.00000000,0.03103,97,0.03102,32,0.03099,15,0.03098,183,0.03095,15,0.03094,182,0.03092,14,0.03091,182,0.03089,15,0.03088,168,0.03106,14,0.03107,54,0.03108,55,0.03109,55,0.0311,195,0.03112,14,0.03113,196,0.03114,69,0.03115,15,0.03116,183
binance,gate,FUNUSDT,0.00139400,0.03104,2126.6858,1774056633286,0.00139100,252304.00000000,0.00139000,686851.00000000,0.00138900,1084989.00000000,0.00138800,481778.00000000,0.00138700,399236.00000000,0.00138600,47372.00000000,0.00138500,198910.00000000,0.00138400,73302.00000000,0.00138300,1426857.00000000,0.00138200,812804.00000000,0.00139400,410219.00000000,0.00139500,955286.00000000,0.00139600,1502347.00000000,0.00139700,779997.00000000,0.00139800,432034.00000000,0.00139900,453921.00000000,0.00140000,1917838.00000000,0.00140100,612134.00000000,0.00140200,595613.00000000,0.00140300,199974.00000000,0.03104,15,0.03103,40,0.03102,32,0.031,57,0.03099,15,0.03098,183,0.03095,15,0.03094,182,0.03092,14,0.03091,182,0.03106,14,0.03107,54,0.03108,55,0.03109,55,0.0311,195,0.03112,14,0.03113,196,0.03114,69,0.03115,15,0.03116,183
binance,gate,FUNUSDT,0.00139400,0.03104,2126.6858,1774056633586,0.00139100,252304.00000000,0.00139000,686851.00000000,0.00138900,1084989.00000000,0.00138800,481778.00000000,0.00138700,399236.00000000,0.00138600,47372.00000000,0.00138500,198910.00000000,0.00138400,73302.00000000,0.00138300,1426857.00000000,0.00138200,812804.00000000,0.00139400,410219.00000000,0.00139500,955286.00000000,0.00139600,1502347.00000000,0.00139700,779997.00000000,0.00139800,432034.00000000,0.00139900,453921.00000000,0.00140000,1917838.00000000,0.00140100,612134.00000000,0.00140200,595613.00000000,0.00140300,199974.00000000,0.03104,15,0.03103,40,0.03102,32,0.03099,72,0.03098,183,0.03095,15,0.03094,182,0.03092,14,0.03091,182,0.03089,15,0.03106,14,0.03107,54,0.03108,55,0.03109,55,0.0311,195,0.03112,14,0.03113,196,0.03114,69,0.03115,15,0.03116,183
binance,gate,FUNUSDT,0.00139400,0.03104,2126.6858,1774056633886,0.00139100,252304.00000000,0.00139000,686851.00000000,0.00138900,737048.00000000,0.00138800,481778.00000000,0.00138700,51295.00000000,0.00138600,47372.00000000,0.00138500,198910.00000000,0.00138400,73302.00000000,0.00138300,1426857.00000000,0.00138200,812804.00000000,0.00139400,410219.00000000,0.00139500,955286.00000000,0.00139600,1154406.00000000,0.00139700,432056.00000000,0.00139800,432034.00000000,0.00139900,453921.00000000,0.00140000,1917838.00000000,0.00140100,612134.00000000,0.00140200,595613.00000000,0.00140300,199974.00000000,0.03104,15,0.03103,97,0.03102,32,0.03099,15,0.03098,183,0.03095,15,0.03094,182,0.03092,14,0.03091,182,0.03089,15,0.03106,14,0.03107,54,0.03108,55,0.03109,55,0.0311,195,0.03112,14,0.03113,196,0.03115,15,0.03116,183,0.03118,15
binance,gate,FUNUSDT,0.00139400,0.03104,2126.6858,1774056634198,0.00139100,252304.00000000,0.00139000,686851.00000000,0.00138900,737048.00000000,0.00138800,481778.00000000,0.00138700,51295.00000000,0.00138600,47372.00000000,0.00138500,198910.00000000,0.00138400,73302.00000000,0.00138300,1426857.00000000,0.00138200,812804.00000000,0.00139400,410219.00000000,0.00139500,955286.00000000,0.00139600,1154406.00000000,0.00139700,432056.00000000,0.00139800,432034.00000000,0.00139900,453921.00000000,0.00140000,1917838.00000000,0.00140100,612134.00000000,0.00140200,595613.00000000,0.00140300,199974.00000000,0.03104,15,0.03103,40,0.03102,32,0.03101,57,0.03099,15,0.03098,183,0.03095,15,0.03094,182,0.03092,14,0.03091,182,0.03106,14,0.03107,54,0.03108,55,0.03109,55,0.0311,195,0.03112,14,0.03113,196,0.03115,15,0.03116,183,0.03118,15
binance,gate,FUNUSDT,0.00139400,0.03104,2126.6858,1774056634498,0.00139100,252304.00000000,0.00139000,686851.00000000,0.00138900,737048.00000000,0.00138800,481778.00000000,0.00138700,51295.00000000,0.00138600,47372.00000000,0.00138500,198910.00000000,0.00138400,73302.00000000,0.00138300,1426857.00000000,0.00138200,812804.00000000,0.00139400,410219.00000000,0.00139500,955286.00000000,0.00139600,1154406.00000000,0.00139700,432056.00000000,0.00139800,432034.00000000,0.00139900,453921.00000000,0.00140000,1917838.00000000,0.00140100,612134.00000000,0.00140200,595613.00000000,0.00140300,199974.00000000,0.03104,15,0.03103,40,0.03102,32,0.03101,57,0.03099,15,0.03098,183,0.03095,15,0.03094,182,0.03092,14,0.03091,182,0.03106,14,0.03107,54,0.03108,55,0.03109,55,0.0311,195,0.03112,14,0.03113,196,0.03115,15,0.03116,183,0.03118,15
binance,gate,FUNUSDT,0.00139400,0.03104,2126.6858,1774056634800,0.00139100,252304.00000000,0.00139000,686851.00000000,0.00138900,737048.00000000,0.00138800,481778.00000000,0.00138700,51295.00000000,0.00138600,47372.00000000,0.00138500,198910.00000000,0.00138400,73302.00000000,0.00138300,1426857.00000000,0.00138200,812804.00000000,0.00139400,410219.00000000,0.00139500,955286.00000000,0.00139600,1154406.00000000,0.00139700,432056.00000000,0.00139800,432034.00000000,0.00139900,453921.00000000,0.00140000,1917838.00000000,0.00140100,612134.00000000,0.00140200,595613.00000000,0.00140300,199974.00000000,0.03104,15,0.03103,40,0.03102,32,0.03101,57,0.03099,15,0.03098,183,0.03095,15,0.03094,182,0.03092,14,0.03091,182,0.03106,14,0.03107,54,0.03108,55,0.03109,55,0.0311,195,0.03112,14,0.03113,196,0.03115,15,0.03116,183,0.03118,15
binance,gate,FUNUSDT,0.00139400,0.03104,2126.6858,1774056635100,0.00139100,252304.00000000,0.00139000,686851.00000000,0.00138900,737048.00000000,0.00138800,481778.00000000,0.00138700,51295.00000000,0.00138600,47372.00000000,0.00138500,198910.00000000,0.00138400,73302.00000000,0.00138300,1426857.00000000,0.00138200,812804.00000000,0.00139400,410219.00000000,0.00139500,955286.00000000,0.00139600,1154406.00000000,0.00139700,432056.00000000,0.00139800,432034.00000000,0.00139900,453921.00000000,0.00140000,1917838.00000000,0.00140100,612134.00000000,0.00140200,595613.00000000,0.00140300,199974.00000000,0.03104,15,0.03103,40,0.03102,32,0.03101,57,0.03099,15,0.03098,183,0.03095,15,0.03094,182,0.03092,14,0.03091,182,0.03106,14,0.03107,54,0.03108,55,0.03109,55,0.0311,195,0.03112,14,0.03113,196,0.03115,15,0.03116,183,0.03118,15
binance,gate,FUNUSDT,0.00139400,0.03104,2126.6858,1774056635400,0.00139100,252304.00000000,0.00139000,686851.00000000,0.00138900,737048.00000000,0.00138800,481778.00000000,0.00138700,51295.00000000,0.00138600,47372.00000000,0.00138500,198910.00000000,0.00138400,73302.00000000,0.00138300,1426857.00000000,0.00138200,812804.00000000,0.00139400,410219.00000000,0.00139500,955286.00000000,0.00139600,1154406.00000000,0.00139700,432056.00000000,0.00139800,432034.00000000,0.00139900,453921.00000000,0.00140000,1917838.00000000,0.00140100,612134.00000000,0.00140200,595613.00000000,0.00140300,199974.00000000,0.03104,15,0.03103,40,0.03102,89,0.03099,15,0.03098,183,0.03095,15,0.03094,182,0.03092,14,0.03091,182,0.03089,15,0.03106,14,0.03107,54,0.03108,55,0.03109,55,0.0311,195,0.03112,14,0.03113,196,0.03115,15,0.03116,183,0.03118,15
binance,gate,FUNUSDT,0.00139400,0.03104,2126.6858,1774056635702,0.00139100,252304.00000000,0.00139000,686851.00000000,0.00138900,737048.00000000,0.00138800,481778.00000000,0.00138700,51295.00000000,0.00138600,47372.00000000,0.00138500,198910.00000000,0.00138400,73302.00000000,0.00138300,1426857.00000000,0.00138200,812804.00000000,0.00139400,410219.00000000,0.00139500,955286.00000000,0.00139600,1154406.00000000,0.00139700,432056.00000000,0.00139800,432034.00000000,0.00139900,453921.00000000,0.00140000,1917838.00000000,0.00140100,612134.00000000,0.00140200,595613.00000000,0.00140300,199974.00000000,0.03104,15,0.03103,40,0.03102,32,0.03101,57,0.03099,15,0.03098,183,0.03095,15,0.03094,182,0.03092,14,0.03091,182,0.03106,14,0.03107,54,0.03108,55,0.03109,55,0.0311,195,0.03112,14,0.03113,196,0.03115,15,0.03116,183,0.03118,15
binance,gate,FUNUSDT,0.00139400,0.03103,2125.9684,1774056636006,0.00139100,252304.00000000,0.00139000,686851.00000000,0.00138900,737048.00000000,0.00138800,481778.00000000,0.00138700,51295.00000000,0.00138600,47372.00000000,0.00138500,198910.00000000,0.00138400,73302.00000000,0.00138300,1426857.00000000,0.00138200,812804.00000000,0.00139400,410219.00000000,0.00139500,955286.00000000,0.00139600,1154406.00000000,0.00139700,432056.00000000,0.00139800,432034.00000000,0.00139900,453921.00000000,0.00140000,1917838.00000000,0.00140100,612134.00000000,0.00140200,595613.00000000,0.00140300,199974.00000000,0.03103,40,0.03102,32,0.03099,15,0.03098,240,0.03095,15,0.03094,182,0.03092,14,0.03091,182,0.03089,15,0.03088,168,0.03106,14,0.03107,54,0.03108,55,0.03109,55,0.0311,195,0.03111,69,0.03112,14,0.03113,196,0.03115,15,0.03116,183
binance,gate,FUNUSDT,0.00139400,0.03103,2125.9684,1774056636318,0.00139100,252304.00000000,0.00139000,686851.00000000,0.00138900,737048.00000000,0.00138800,481778.00000000,0.00138700,51295.00000000,0.00138600,47372.00000000,0.00138500,198910.00000000,0.00138400,73302.00000000,0.00138300,1426857.00000000,0.00138200,812804.00000000,0.00139400,410219.00000000,0.00139500,955286.00000000,0.00139600,1154406.00000000,0.00139700,432056.00000000,0.00139800,432034.00000000,0.00139900,453921.00000000,0.00140000,1917838.00000000,0.00140100,612134.00000000,0.00140200,595613.00000000,0.00140300,199974.00000000,0.03103,97,0.03102,32,0.03099,15,0.03098,183,0.03095,15,0.03094,182,0.03092,14,0.03091,182,0.03089,15,0.03088,168,0.03106,14,0.03107,54,0.03108,55,0.03109,55,0.0311,195,0.03112,14,0.03113,196,0.03115,15,0.03116,183,0.03118,15
binance,gate,FUNUSDT,0.00139400,0.03103,2125.9684,1774056636637,0.00139100,252304.00000000,0.00139000,686851.00000000,0.00138900,737048.00000000,0.00138800,481778.00000000,0.00138700,51295.00000000,0.00138600,47372.00000000,0.00138500,198910.00000000,0.00138400,73302.00000000,0.00138300,1426857.00000000,0.00138200,812804.00000000,0.00139400,410219.00000000,0.00139500,955286.00000000,0.00139600,1154406.00000000,0.00139700,432056.00000000,0.00139800,432034.00000000,0.00139900,453921.00000000,0.00140000,1917838.00000000,0.00140100,612134.00000000,0.00140200,595613.00000000,0.00140300,199974.00000000,0.03103,97,0.03102,32,0.03099,15,0.03098,183,0.03095,15,0.03094,182,0.03092,14,0.03091,182,0.03089,15,0.03088,168,0.03106,14,0.03107,54,0.03108,55,0.03109,55,0.0311,195,0.03112,14,0.03113,196,0.03115,15,0.03116,183,0.03118,15
binance,gate,FUNUSDT,0.00139400,0.03103,2125.9684,1774056636948,0.00139100,252304.00000000,0.00139000,686851.00000000,0.00138900,737048.00000000,0.00138800,481778.00000000,0.00138700,51295.00000000,0.00138600,47372.00000000,0.00138500,198910.00000000,0.00138400,73302.00000000,0.00138300,1426857.00000000,0.00138200,812804.00000000,0.00139400,410219.00000000,0.00139500,955286.00000000,0.00139600,1154406.00000000,0.00139700,432056.00000000,0.00139800,432034.00000000,0.00139900,453921.00000000,0.00140000,1917838.00000000,0.00140100,612134.00000000,0.00140200,595613.00000000,0.00140300,199974.00000000,0.03103,40,0.03102,32,0.03099,15,0.03098,240,0.03095,15,0.03094,182,0.03092,14,0.03091,182,0.03089,15,0.03088,168,0.03106,14,0.03107,54,0.03108,55,0.03109,124,0.0311,195,0.03112,14,0.03113,196,0.03115,15,0.03116,183,0.03118,15
binance,gate,FUNUSDT,0.00139400,0.03103,2125.9684,1774056637256,0.00139100,252304.00000000,0.00139000,686851.00000000,0.00138900,1079126.00000000,0.00138800,481778.00000000,0.00138700,393373.00000000,0.00138600,47372.00000000,0.00138500,198910.00000000,0.00138400,73302.00000000,0.00138300,1426857.00000000,0.00138200,812804.00000000,0.00139400,410219.00000000,0.00139500,955286.00000000,0.00139600,1496484.00000000,0.00139700,774134.00000000,0.00139800,432034.00000000,0.00139900,453921.00000000,0.00140000,1917838.00000000,0.00140100,612134.00000000,0.00140200,595613.00000000,0.00140300,199974.00000000,0.03103,40,0.03102,32,0.03099,15,0.03098,240,0.03095,15,0.03094,182,0.03092,14,0.03091,182,0.03089,15,0.03088,168,0.03106,14,0.03107,54,0.03108,55,0.03109,124,0.0311,195,0.03112,14,0.03113,196,0.03115,15,0.03116,183,0.03118,15
binance,gate,FUNUSDT,0.00139400,0.03103,2125.9684,1774056637556,0.00139100,252304.00000000,0.00139000,686851.00000000,0.00138900,1079126.00000000,0.00138800,481778.00000000,0.00138700,393373.00000000,0.00138600,47372.00000000,0.00138500,198910.00000000,0.00138400,73302.00000000,0.00138300,1426857.00000000,0.00138200,812804.00000000,0.00139400,410219.00000000,0.00139500,955286.00000000,0.00139600,1496484.00000000,0.00139700,774134.00000000,0.00139800,432034.00000000,0.00139900,453921.00000000,0.00140000,1917838.00000000,0.00140100,612134.00000000,0.00140200,595613.00000000,0.00140300,199974.00000000,0.03103,40,0.03102,32,0.03099,15,0.03098,240,0.03095,15,0.03094,182,0.03092,14,0.03091,182,0.03089,15,0.03088,168,0.03106,14,0.03107,54,0.03108,55,0.03109,124,0.0311,195,0.03112,14,0.03113,196,0.03115,15,0.03116,183,0.03118,15
binance,gate,FUNUSDT,0.00139400,0.03103,2125.9684,1774056637856,0.00139100,252304.00000000,0.00139000,686851.00000000,0.00138900,1079126.00000000,0.00138800,481778.00000000,0.00138700,393373.00000000,0.00138600,47372.00000000,0.00138500,198910.00000000,0.00138400,73302.00000000,0.00138300,1426857.00000000,0.00138200,812804.00000000,0.00139400,410219.00000000,0.00139500,955286.00000000,0.00139600,1496484.00000000,0.00139700,774134.00000000,0.00139800,432034.00000000,0.00139900,453921.00000000,0.00140000,1917838.00000000,0.00140100,612134.00000000,0.00140200,595613.00000000,0.00140300,199974.00000000,0.03103,40,0.03102,32,0.03099,15,0.03098,240,0.03095,15,0.03094,182,0.03092,14,0.03091,182,0.03089,15,0.03088,168,0.03106,14,0.03107,54,0.03108,55,0.03109,124,0.0311,195,0.03112,14,0.03113,196,0.03115,15,0.03116,183,0.03118,15
binance,gate,FUNUSDT,0.00139400,0.03103,2125.9684,1774056638170,0.00139100,252304.00000000,0.00139000,686851.00000000,0.00138900,1079126.00000000,0.00138800,481778.00000000,0.00138700,393373.00000000,0.00138600,47372.00000000,0.00138500,198910.00000000,0.00138400,73302.00000000,0.00138300,1426857.00000000,0.00138200,812804.00000000,0.00139400,410219.00000000,0.00139500,955286.00000000,0.00139600,1496484.00000000,0.00139700,774134.00000000,0.00139800,432034.00000000,0.00139900,453921.00000000,0.00140000,1917838.00000000,0.00140100,612134.00000000,0.00140200,595613.00000000,0.00140300,199974.00000000,0.03103,40,0.03102,32,0.03101,57,0.03099,15,0.03098,183,0.03095,15,0.03094,182,0.03092,14,0.03091,182,0.03089,15,0.03106,14,0.03107,54,0.03108,55,0.03109,55,0.0311,195,0.03112,14,0.03113,196,0.03115,15,0.03116,183,0.03118,15
binance,gate,FUNUSDT,0.00139400,0.03103,2125.9684,1774056638482,0.00139100,252304.00000000,0.00139000,686851.00000000,0.00138900,1079126.00000000,0.00138800,481778.00000000,0.00138700,393373.00000000,0.00138600,47372.00000000,0.00138500,198910.00000000,0.00138400,73302.00000000,0.00138300,1426857.00000000,0.00138200,812804.00000000,0.00139400,410219.00000000,0.00139500,955286.00000000,0.00139600,1496484.00000000,0.00139700,774134.00000000,0.00139800,432034.00000000,0.00139900,453921.00000000,0.00140000,1917838.00000000,0.00140100,612134.00000000,0.00140200,595613.00000000,0.00140300,199974.00000000,0.03103,40,0.03102,32,0.03099,15,0.03098,240,0.03095,15,0.03094,182,0.03092,14,0.03091,182,0.03089,15,0.03088,168,0.03106,14,0.03107,54,0.03108,55,0.03109,55,0.0311,195,0.03111,69,0.03112,14,0.03113,196,0.03115,15,0.03116,183
binance,gate,FUNUSDT,0.00139400,0.03103,2125.9684,1774056638791,0.00139100,252304.00000000,0.00139000,686851.00000000,0.00138900,1079126.00000000,0.00138800,481778.00000000,0.00138700,393373.00000000,0.00138600,47372.00000000,0.00138500,198910.00000000,0.00138400,73302.00000000,0.00138300,1426857.00000000,0.00138200,812804.00000000,0.00139400,410219.00000000,0.00139500,955286.00000000,0.00139600,1496484.00000000,0.00139700,774134.00000000,0.00139800,432034.00000000,0.00139900,453921.00000000,0.00140000,1917838.00000000,0.00140100,612134.00000000,0.00140200,595613.00000000,0.00140300,199974.00000000,0.03103,40,0.03102,32,0.03099,15,0.03098,240,0.03095,15,0.03094,182,0.03092,14,0.03091,182,0.03089,15,0.03088,168,0.03106,14,0.03107,54,0.03108,55,0.03109,55,0.0311,195,0.03112,14,0.03113,265,0.03115,15,0.03116,183,0.03118,15
binance,gate,FUNUSDT,0.00139400,0.03103,2125.9684,1774056639101,0.00139100,252304.00000000,0.00139000,686851.00000000,0.00138900,1079126.00000000,0.00138800,481778.00000000,0.00138700,393373.00000000,0.00138600,47372.00000000,0.00138500,198910.00000000,0.00138400,73302.00000000,0.00138300,1426857.00000000,0.00138200,812804.00000000,0.00139400,410219.00000000,0.00139500,955286.00000000,0.00139600,1496484.00000000,0.00139700,774134.00000000,0.00139800,432034.00000000,0.00139900,453921.00000000,0.00140000,1917838.00000000,0.00140100,612134.00000000,0.00140200,595613.00000000,0.00140300,199974.00000000,0.03103,40,0.03102,32,0.03099,15,0.03098,240,0.03095,15,0.03094,182,0.03092,14,0.03091,182,0.03089,15,0.03088,168,0.03106,14,0.03107,54,0.03108,55,0.03109,124,0.0311,195,0.03112,14,0.03113,196,0.03115,15,0.03116,183,0.03118,15
binance,gate,FUNUSDT,0.00139400,0.03103,2125.9684,1774056639407,0.00139100,252304.00000000,0.00139000,686851.00000000,0.00138900,1079126.00000000,0.00138800,481778.00000000,0.00138700,393373.00000000,0.00138600,47372.00000000,0.00138500,198910.00000000,0.00138400,73302.00000000,0.00138300,1426857.00000000,0.00138200,812804.00000000,0.00139400,410219.00000000,0.00139500,955286.00000000,0.00139600,1496484.00000000,0.00139700,774134.00000000,0.00139800,432034.00000000,0.00139900,453921.00000000,0.00140000,1917838.00000000,0.00140100,612134.00000000,0.00140200,595613.00000000,0.00140300,199974.00000000,0.03103,40,0.03102,32,0.03099,15,0.03098,240,0.03095,15,0.03094,182,0.03092,14,0.03091,182,0.03089,15,0.03088,168,0.03106,14,0.03107,54,0.03108,55,0.03109,124,0.0311,195,0.03112,14,0.03113,196,0.03115,15,0.03116,183,0.03118,15
binance,gate,FUNUSDT,0.00139400,0.03103,2125.9684,1774056639715,0.00139100,252304.00000000,0.00139000,686851.00000000,0.00138900,1079126.00000000,0.00138800,481778.00000000,0.00138700,393373.00000000,0.00138600,47372.00000000,0.00138500,198910.00000000,0.00138400,73302.00000000,0.00138300,1426857.00000000,0.00138200,812804.00000000,0.00139400,410219.00000000,0.00139500,955286.00000000,0.00139600,1496484.00000000,0.00139700,774134.00000000,0.00139800,432034.00000000,0.00139900,453921.00000000,0.00140000,1917838.00000000,0.00140100,612134.00000000,0.00140200,595613.00000000,0.00140300,199974.00000000,0.03103,40,0.03102,32,0.03099,15,0.03098,240,0.03095,15,0.03094,182,0.03092,14,0.03091,182,0.03089,15,0.03088,168,0.03106,14,0.03107,54,0.03108,55,0.03109,124,0.0311,195,0.03112,14,0.03113,196,0.03115,15,0.03116,183,0.03118,15
binance,gate,FUNUSDT,0.00139400,0.03103,2125.9684,1774056640028,0.00139100,252304.00000000,0.00139000,686851.00000000,0.00138900,1079126.00000000,0.00138800,481778.00000000,0.00138700,393373.00000000,0.00138600,47372.00000000,0.00138500,198910.00000000,0.00138400,73302.00000000,0.00138300,1426857.00000000,0.00138200,812804.00000000,0.00139400,410219.00000000,0.00139500,955286.00000000,0.00139600,1496484.00000000,0.00139700,774134.00000000,0.00139800,432034.00000000,0.00139900,453921.00000000,0.00140000,1917838.00000000,0.00140100,612134.00000000,0.00140200,595613.00000000,0.00140300,199974.00000000,0.03103,40,0.03102,32,0.03099,15,0.03098,240,0.03095,15,0.03094,182,0.03092,14,0.03091,182,0.03089,15,0.03088,168,0.03106,14,0.03107,54,0.03108,55,0.03109,124,0.0311,195,0.03112,14,0.03113,196,0.03115,15,0.03116,183,0.03118,15
binance,gate,FUNUSDT,0.00139400,0.03103,2125.9684,1774056640339,0.00139100,252304.00000000,0.00139000,686851.00000000,0.00138900,1079126.00000000,0.00138800,481778.00000000,0.00138700,393373.00000000,0.00138600,47372.00000000,0.00138500,198910.00000000,0.00138400,73302.00000000,0.00138300,1426857.00000000,0.00138200,812804.00000000,0.00139400,410219.00000000,0.00139500,955286.00000000,0.00139600,1496484.00000000,0.00139700,774134.00000000,0.00139800,432034.00000000,0.00139900,453921.00000000,0.00140000,1917838.00000000,0.00140100,612134.00000000,0.00140200,595613.00000000,0.00140300,199974.00000000,0.03103,40,0.03102,32,0.03099,15,0.03098,240,0.03095,15,0.03094,182,0.03092,14,0.03091,182,0.03089,15,0.03088,168,0.03106,14,0.03107,54,0.03108,55,0.03109,124,0.0311,195,0.03112,14,0.03113,196,0.03115,15,0.03116,183,0.03118,15
binance,gate,FUNUSDT,0.00139400,0.03103,2125.9684,1774056640653,0.00139100,252304.00000000,0.00139000,686851.00000000,0.00138900,1079126.00000000,0.00138800,481778.00000000,0.00138700,393373.00000000,0.00138600,47372.00000000,0.00138500,198910.00000000,0.00138400,73302.00000000,0.00138300,1426857.00000000,0.00138200,812804.00000000,0.00139400,410219.00000000,0.00139500,955286.00000000,0.00139600,1496484.00000000,0.00139700,774134.00000000,0.00139800,432034.00000000,0.00139900,453921.00000000,0.00140000,1917838.00000000,0.00140100,612134.00000000,0.00140200,595613.00000000,0.00140300,199974.00000000,0.03103,40,0.03102,32,0.03099,15,0.03098,240,0.03095,15,0.03094,182,0.03092,14,0.03091,182,0.03089,15,0.03088,168,0.03106,14,0.03107,54,0.03108,55,0.03109,124,0.0311,195,0.03112,14,0.03113,196,0.03115,15,0.03116,183,0.03118,15
binance,gate,FUNUSDT,0.00139400,0.03103,2125.9684,1774056640978,0.00139100,252304.00000000,0.00139000,686851.00000000,0.00138900,1079126.00000000,0.00138800,481778.00000000,0.00138700,393373.00000000,0.00138600,47372.00000000,0.00138500,198910.00000000,0.00138400,73302.00000000,0.00138300,1426857.00000000,0.00138200,812804.00000000,0.00139400,410219.00000000,0.00139500,955286.00000000,0.00139600,1496484.00000000,0.00139700,774134.00000000,0.00139800,432034.00000000,0.00139900,453921.00000000,0.00140000,1917838.00000000,0.00140100,612134.00000000,0.00140200,595613.00000000,0.00140300,199974.00000000,0.03103,40,0.03102,32,0.03099,15,0.03098,240,0.03095,15,0.03094,182,0.03092,14,0.03091,182,0.03089,15,0.03088,168,0.03106,14,0.03107,54,0.03108,55,0.03109,124,0.0311,195,0.03112,14,0.03113,196,0.03115,15,0.03116,183,0.03118,15
binance,gate,FUNUSDT,0.00139400,0.03103,2125.9684,1774056641287,0.00139100,252304.00000000,0.00139000,686851.00000000,0.00138900,1079126.00000000,0.00138800,481778.00000000,0.00138700,393373.00000000,0.00138600,47372.00000000,0.00138500,198910.00000000,0.00138400,73302.00000000,0.00138300,1426857.00000000,0.00138200,812804.00000000,0.00139400,410219.00000000,0.00139500,955286.00000000,0.00139600,1496484.00000000,0.00139700,774134.00000000,0.00139800,432034.00000000,0.00139900,453921.00000000,0.00140000,1917838.00000000,0.00140100,612134.00000000,0.00140200,595613.00000000,0.00140300,199974.00000000,0.03103,40,0.03102,32,0.03099,15,0.03098,240,0.03095,15,0.03094,182,0.03092,14,0.03091,182,0.03089,15,0.03088,168,0.03106,14,0.03107,54,0.03108,55,0.03109,124,0.0311,195,0.03112,14,0.03113,196,0.03115,15,0.03116,183,0.03118,15
binance,gate,FUNUSDT,0.00139400,0.03103,2125.9684,1774056641603,0.00139100,252304.00000000,0.00139000,686851.00000000,0.00138900,1079126.00000000,0.00138800,481778.00000000,0.00138700,393373.00000000,0.00138600,47372.00000000,0.00138500,198910.00000000,0.00138400,73302.00000000,0.00138300,1426857.00000000,0.00138200,812804.00000000,0.00139400,410219.00000000,0.00139500,955286.00000000,0.00139600,1496484.00000000,0.00139700,774134.00000000,0.00139800,432034.00000000,0.00139900,453921.00000000,0.00140000,1917838.00000000,0.00140100,612134.00000000,0.00140200,595613.00000000,0.00140300,199974.00000000,0.03103,40,0.03102,32,0.03099,15,0.03098,240,0.03095,15,0.03094,182,0.03092,14,0.03091,182,0.03089,15,0.03088,168,0.03106,14,0.03107,54,0.03108,55,0.03109,124,0.0311,195,0.03112,14,0.03113,196,0.03115,15,0.03116,183,0.03118,15
binance,gate,FUNUSDT,0.00139400,0.03103,2125.9684,1774056641913,0.00139100,252304.00000000,0.00139000,686851.00000000,0.00138900,1079126.00000000,0.00138800,481778.00000000,0.00138700,393373.00000000,0.00138600,47372.00000000,0.00138500,198910.00000000,0.00138400,73302.00000000,0.00138300,1426857.00000000,0.00138200,812804.00000000,0.00139400,410219.00000000,0.00139500,955286.00000000,0.00139600,1496484.00000000,0.00139700,774134.00000000,0.00139800,432034.00000000,0.00139900,453921.00000000,0.00140000,1917838.00000000,0.00140100,612134.00000000,0.00140200,595613.00000000,0.00140300,199974.00000000,0.03103,40,0.03102,32,0.03099,15,0.03098,240,0.03095,15,0.03094,182,0.03092,14,0.03091,182,0.03089,15,0.03088,168,0.03106,14,0.03107,54,0.03108,55,0.03109,124,0.0311,195,0.03112,14,0.03113,196,0.03115,15,0.03116,183,0.03118,15
binance,gate,FUNUSDT,0.00139400,0.03103,2125.9684,1774056642223,0.00139100,252304.00000000,0.00139000,686851.00000000,0.00138900,1079126.00000000,0.00138800,481778.00000000,0.00138700,393373.00000000,0.00138600,47372.00000000,0.00138500,198910.00000000,0.00138400,73302.00000000,0.00138300,1426857.00000000,0.00138200,812804.00000000,0.00139400,410219.00000000,0.00139500,955286.00000000,0.00139600,1496484.00000000,0.00139700,774134.00000000,0.00139800,432034.00000000,0.00139900,453921.00000000,0.00140000,1917838.00000000,0.00140100,612134.00000000,0.00140200,595613.00000000,0.00140300,199974.00000000,0.03103,40,0.03102,32,0.03099,15,0.03098,240,0.03095,15,0.03094,182,0.03092,14,0.03091,182,0.03089,15,0.03088,168,0.03106,14,0.03107,54,0.03108,55,0.03109,124,0.0311,195,0.03112,14,0.03113,196,0.03115,15,0.03116,183,0.03118,15
binance,gate,FUNUSDT,0.00139400,0.03103,2125.9684,1774056642543,0.00139100,252304.00000000,0.00139000,686851.00000000,0.00138900,1079126.00000000,0.00138800,481778.00000000,0.00138700,393373.00000000,0.00138600,47372.00000000,0.00138500,198910.00000000,0.00138400,73302.00000000,0.00138300,1426857.00000000,0.00138200,812804.00000000,0.00139400,410219.00000000,0.00139500,955286.00000000,0.00139600,1496484.00000000,0.00139700,774134.00000000,0.00139800,432034.00000000,0.00139900,453921.00000000,0.00140000,1917838.00000000,0.00140100,612134.00000000,0.00140200,595613.00000000,0.00140300,199974.00000000,0.03103,40,0.03102,32,0.03099,15,0.03098,240,0.03095,15,0.03094,182,0.03092,14,0.03091,182,0.03089,15,0.03088,168,0.03106,14,0.03107,54,0.03108,55,0.03109,124,0.0311,195,0.03112,14,0.03113,196,0.03115,15,0.03116,183,0.03118,15
binance,gate,FUNUSDT,0.00139400,0.03103,2125.9684,1774056642856,0.00139100,252304.00000000,0.00139000,686851.00000000,0.00138900,1079126.00000000,0.00138800,481778.00000000,0.00138700,393373.00000000,0.00138600,47372.00000000,0.00138500,198910.00000000,0.00138400,73302.00000000,0.00138300,1426857.00000000,0.00138200,812804.00000000,0.00139400,410219.00000000,0.00139500,955286.00000000,0.00139600,1496484.00000000,0.00139700,774134.00000000,0.00139800,432034.00000000,0.00139900,453921.00000000,0.00140000,1917838.00000000,0.00140100,612134.00000000,0.00140200,595613.00000000,0.00140300,199974.00000000,0.03103,40,0.03102,32,0.03099,15,0.03098,240,0.03095,15,0.03094,182,0.03092,14,0.03091,182,0.03089,15,0.03088,168,0.03106,14,0.03107,54,0.03108,55,0.03109,124,0.0311,195,0.03112,14,0.03113,196,0.03115,15,0.03116,183,0.03118,15
binance,gate,FUNUSDT,0.00139400,0.03103,2125.9684,1774056643174,0.00139100,252304.00000000,0.00139000,686851.00000000,0.00138900,737048.00000000,0.00138800,481778.00000000,0.00138700,51295.00000000,0.00138600,47372.00000000,0.00138500,198910.00000000,0.00138400,73302.00000000,0.00138300,726113.00000000,0.00138200,812804.00000000,0.00139400,410219.00000000,0.00139500,955286.00000000,0.00139600,1154406.00000000,0.00139700,432056.00000000,0.00139800,432034.00000000,0.00139900,453921.00000000,0.00140000,1917838.00000000,0.00140100,612134.00000000,0.00140200,595613.00000000,0.00140300,199974.00000000,0.03103,40,0.03102,32,0.03099,15,0.03098,240,0.03095,15,0.03094,182,0.03092,14,0.03091,182,0.03089,15,0.03088,168,0.03106,14,0.03107,54,0.03108,55,0.03109,124,0.0311,195,0.03112,14,0.03113,196,0.03115,15,0.03116,183,0.03118,15
binance,gate,FUNUSDT,0.00139400,0.03103,2125.9684,1774056643489,0.00139100,252304.00000000,0.00139000,686851.00000000,0.00138900,737048.00000000,0.00138800,481778.00000000,0.00138700,51295.00000000,0.00138600,47372.00000000,0.00138500,198910.00000000,0.00138400,73302.00000000,0.00138300,726113.00000000,0.00138200,812804.00000000,0.00139400,410219.00000000,0.00139500,955286.00000000,0.00139600,1154406.00000000,0.00139700,432056.00000000,0.00139800,432034.00000000,0.00139900,453921.00000000,0.00140000,1917838.00000000,0.00140100,612134.00000000,0.00140200,595613.00000000,0.00140300,199974.00000000,0.03103,40,0.03102,32,0.03099,15,0.03098,240,0.03095,15,0.03094,182,0.03092,14,0.03091,182,0.03089,15,0.03088,168,0.03106,14,0.03107,54,0.03108,55,0.03109,124,0.0311,195,0.03112,14,0.03113,196,0.03115,15,0.03116,183,0.03118,15
binance,gate,FUNUSDT,0.00139400,0.03103,2125.9684,1774056643797,0.00139100,252304.00000000,0.00139000,686851.00000000,0.00138900,737048.00000000,0.00138800,481778.00000000,0.00138700,51295.00000000,0.00138600,47372.00000000,0.00138500,198910.00000000,0.00138400,73302.00000000,0.00138300,726113.00000000,0.00138200,812804.00000000,0.00139400,410219.00000000,0.00139500,955286.00000000,0.00139600,1154406.00000000,0.00139700,432056.00000000,0.00139800,432034.00000000,0.00139900,453921.00000000,0.00140000,1917838.00000000,0.00140100,612134.00000000,0.00140200,595613.00000000,0.00140300,199974.00000000,0.03103,40,0.03102,32,0.03099,15,0.03098,240,0.03095,15,0.03094,182,0.03092,14,0.03091,182,0.03089,15,0.03088,168,0.03106,14,0.03107,54,0.03108,55,0.03109,124,0.0311,195,0.03112,14,0.03113,196,0.03115,15,0.03116,183,0.03118,15
binance,gate,FUNUSDT,0.00139400,0.03103,2125.9684,1774056644112,0.00139100,252304.00000000,0.00139000,686851.00000000,0.00138900,737048.00000000,0.00138800,481778.00000000,0.00138700,51295.00000000,0.00138600,47372.00000000,0.00138500,198910.00000000,0.00138400,73302.00000000,0.00138300,726113.00000000,0.00138200,812804.00000000,0.00139400,410219.00000000,0.00139500,955286.00000000,0.00139600,1154406.00000000,0.00139700,432056.00000000,0.00139800,432034.00000000,0.00139900,453921.00000000,0.00140000,1917838.00000000,0.00140100,612134.00000000,0.00140200,595613.00000000,0.00140300,199974.00000000,0.03103,40,0.03102,32,0.03099,15,0.03098,240,0.03095,15,0.03094,182,0.03092,14,0.03091,182,0.03089,15,0.03088,168,0.03106,14,0.03107,54,0.03108,55,0.03109,124,0.0311,195,0.03112,14,0.03113,196,0.03115,15,0.03116,183,0.03118,15
binance,gate,FUNUSDT,0.00139400,0.03103,2125.9684,1774056644425,0.00139100,252304.00000000,0.00139000,686851.00000000,0.00138900,737048.00000000,0.00138800,481778.00000000,0.00138700,51295.00000000,0.00138600,47372.00000000,0.00138500,198910.00000000,0.00138400,73302.00000000,0.00138300,726113.00000000,0.00138200,812804.00000000,0.00139400,410219.00000000,0.00139500,955286.00000000,0.00139600,1154406.00000000,0.00139700,432056.00000000,0.00139800,432034.00000000,0.00139900,453921.00000000,0.00140000,1917838.00000000,0.00140100,612134.00000000,0.00140200,595613.00000000,0.00140300,199974.00000000,0.03103,40,0.03102,32,0.03099,15,0.03098,240,0.03095,15,0.03094,182,0.03092,14,0.03091,182,0.03089,15,0.03088,168,0.03106,14,0.03107,54,0.03108,55,0.03109,124,0.0311,195,0.03112,14,0.03113,196,0.03115,15,0.03116,183,0.03118,15
binance,gate,FUNUSDT,0.00139400,0.03103,2125.9684,1774056644741,0.00139100,252304.00000000,0.00139000,686851.00000000,0.00138900,737048.00000000,0.00138800,481778.00000000,0.00138700,51295.00000000,0.00138600,47372.00000000,0.00138500,198910.00000000,0.00138400,73302.00000000,0.00138300,726113.00000000,0.00138200,812804.00000000,0.00139400,410219.00000000,0.00139500,955286.00000000,0.00139600,1154406.00000000,0.00139700,432056.00000000,0.00139800,432034.00000000,0.00139900,453921.00000000,0.00140000,1917838.00000000,0.00140100,612134.00000000,0.00140200,595613.00000000,0.00140300,199974.00000000,0.03103,40,0.03102,32,0.03099,15,0.03098,240,0.03095,15,0.03094,182,0.03092,14,0.03091,182,0.03089,15,0.03088,168,0.03106,14,0.03107,54,0.03108,55,0.03109,124,0.0311,195,0.03112,14,0.03113,196,0.03115,15,0.03116,183,0.03118,15
binance,gate,FUNUSDT,0.00139400,0.03103,2125.9684,1774056645053,0.00139100,252304.00000000,0.00139000,686851.00000000,0.00138900,737048.00000000,0.00138800,481778.00000000,0.00138700,51295.00000000,0.00138600,47372.00000000,0.00138500,198910.00000000,0.00138400,73302.00000000,0.00138300,726113.00000000,0.00138200,812804.00000000,0.00139400,410219.00000000,0.00139500,955286.00000000,0.00139600,1154406.00000000,0.00139700,432056.00000000,0.00139800,432034.00000000,0.00139900,453921.00000000,0.00140000,1917838.00000000,0.00140100,612134.00000000,0.00140200,595613.00000000,0.00140300,199974.00000000,0.03103,40,0.03102,32,0.03099,15,0.03098,240,0.03095,15,0.03094,182,0.03092,14,0.03091,182,0.03089,15,0.03088,168,0.03106,14,0.03107,54,0.03108,55,0.03109,124,0.0311,195,0.03112,14,0.03113,196,0.03115,15,0.03116,183,0.03118,15
binance,gate,FUNUSDT,0.00139400,0.03103,2125.9684,1774056645364,0.00139100,252304.00000000,0.00139000,686851.00000000,0.00138900,1079222.00000000,0.00138800,481778.00000000,0.00138700,393469.00000000,0.00138600,47372.00000000,0.00138500,198910.00000000,0.00138400,73302.00000000,0.00138300,726113.00000000,0.00138200,812804.00000000,0.00139400,410219.00000000,0.00139500,955286.00000000,0.00139600,1496580.00000000,0.00139700,774230.00000000,0.00139800,432034.00000000,0.00139900,453921.00000000,0.00140000,1917838.00000000,0.00140100,612134.00000000,0.00140200,595613.00000000,0.00140300,199974.00000000,0.03103,40,0.03102,32,0.03099,15,0.03098,240,0.03095,15,0.03094,182,0.03092,14,0.03091,182,0.03089,15,0.03088,168,0.03106,14,0.03107,54,0.03108,55,0.03109,124,0.0311,195,0.03112,14,0.03113,196,0.03115,15,0.03116,183,0.03118,15
binance,gate,FUNUSDT,0.00139400,0.03103,2125.9684,1774056645674,0.00139100,252304.00000000,0.00139000,686851.00000000,0.00138900,1079222.00000000,0.00138800,481778.00000000,0.00138700,393469.00000000,0.00138600,47372.00000000,0.00138500,198910.00000000,0.00138400,73302.00000000,0.00138300,726113.00000000,0.00138200,812804.00000000,0.00139400,410219.00000000,0.00139500,955286.00000000,0.00139600,1496580.00000000,0.00139700,774230.00000000,0.00139800,432034.00000000,0.00139900,453921.00000000,0.00140000,1917838.00000000,0.00140100,612134.00000000,0.00140200,595613.00000000,0.00140300,199974.00000000,0.03103,40,0.03102,32,0.03099,15,0.03098,240,0.03095,15,0.03094,182,0.03092,14,0.03091,182,0.03089,15,0.03088,168,0.03106,14,0.03107,54,0.03108,55,0.03109,124,0.0311,195,0.03112,14,0.03113,196,0.03115,15,0.03116,183,0.03118,15
binance,gate,FUNUSDT,0.00139400,0.03103,2125.9684,1774056645979,0.00139100,252304.00000000,0.00139000,686851.00000000,0.00138900,1079222.00000000,0.00138800,481778.00000000,0.00138700,393469.00000000,0.00138600,47372.00000000,0.00138500,198910.00000000,0.00138400,73302.00000000,0.00138300,726113.00000000,0.00138200,812804.00000000,0.00139400,410219.00000000,0.00139500,955286.00000000,0.00139600,1496580.00000000,0.00139700,774230.00000000,0.00139800,432034.00000000,0.00139900,453921.00000000,0.00140000,1917838.00000000,0.00140100,612134.00000000,0.00140200,595613.00000000,0.00140300,199974.00000000,0.03103,40,0.03102,32,0.03099,15,0.03098,240,0.03095,15,0.03094,182,0.03092,14,0.03091,182,0.03089,15,0.03088,168,0.03106,14,0.03107,54,0.03108,55,0.03109,124,0.0311,195,0.03112,14,0.03113,196,0.03115,15,0.03116,183,0.03118,15
binance,gate,FUNUSDT,0.00139400,0.03103,2125.9684,1774056646282,0.00139100,252304.00000000,0.00139000,686851.00000000,0.00138900,1079222.00000000,0.00138800,481778.00000000,0.00138700,393469.00000000,0.00138600,47372.00000000,0.00138500,198910.00000000,0.00138400,73302.00000000,0.00138300,726113.00000000,0.00138200,812804.00000000,0.00139400,410219.00000000,0.00139500,955286.00000000,0.00139600,1496580.00000000,0.00139700,774230.00000000,0.00139800,432034.00000000,0.00139900,453921.00000000,0.00140000,1917838.00000000,0.00140100,612134.00000000,0.00140200,595613.00000000,0.00140300,199974.00000000,0.03103,40,0.03102,32,0.03099,15,0.03098,240,0.03095,15,0.03094,182,0.03092,14,0.03091,182,0.03089,15,0.03088,168,0.03106,14,0.03107,54,0.03108,55,0.03109,124,0.0311,195,0.03112,14,0.03113,196,0.03115,15,0.03116,183,0.03118,15
binance,gate,FUNUSDT,0.00139400,0.03103,2125.9684,1774056646590,0.00139100,252304.00000000,0.00139000,686851.00000000,0.00138900,1079222.00000000,0.00138800,481778.00000000,0.00138700,393469.00000000,0.00138600,47372.00000000,0.00138500,198910.00000000,0.00138400,73302.00000000,0.00138300,726113.00000000,0.00138200,812804.00000000,0.00139400,410219.00000000,0.00139500,955286.00000000,0.00139600,1496580.00000000,0.00139700,774230.00000000,0.00139800,432034.00000000,0.00139900,453921.00000000,0.00140000,1917838.00000000,0.00140100,612134.00000000,0.00140200,595613.00000000,0.00140300,199974.00000000,0.03103,40,0.03102,32,0.03099,15,0.03098,240,0.03095,15,0.03094,182,0.03092,14,0.03091,182,0.03089,15,0.03088,168,0.03106,14,0.03107,54,0.03108,55,0.03109,124,0.0311,195,0.03112,14,0.03113,196,0.03115,15,0.03116,183,0.03118,15
binance,gate,FUNUSDT,0.00139400,0.03103,2125.9684,1774056646894,0.00139100,252304.00000000,0.00139000,686851.00000000,0.00138900,1079222.00000000,0.00138800,481778.00000000,0.00138700,393469.00000000,0.00138600,47372.00000000,0.00138500,198910.00000000,0.00138400,73302.00000000,0.00138300,726113.00000000,0.00138200,812804.00000000,0.00139400,410219.00000000,0.00139500,955286.00000000,0.00139600,1496580.00000000,0.00139700,774230.00000000,0.00139800,432034.00000000,0.00139900,453921.00000000,0.00140000,1917838.00000000,0.00140100,612134.00000000,0.00140200,595613.00000000,0.00140300,199974.00000000,0.03103,40,0.03102,32,0.03099,15,0.03098,240,0.03095,15,0.03094,182,0.03092,14,0.03091,182,0.03089,15,0.03088,168,0.03106,14,0.03107,54,0.03108,55,0.03109,124,0.0311,195,0.03112,14,0.03113,196,0.03115,15,0.03116,183,0.03118,15
binance,gate,FUNUSDT,0.00139400,0.03103,2125.9684,1774056647200,0.00139100,252304.00000000,0.00139000,686851.00000000,0.00138900,1079222.00000000,0.00138800,481778.00000000,0.00138700,393469.00000000,0.00138600,47372.00000000,0.00138500,198910.00000000,0.00138400,73302.00000000,0.00138300,726113.00000000,0.00138200,812804.00000000,0.00139400,410219.00000000,0.00139500,955286.00000000,0.00139600,1496580.00000000,0.00139700,774230.00000000,0.00139800,432034.00000000,0.00139900,453921.00000000,0.00140000,1917838.00000000,0.00140100,612134.00000000,0.00140200,595613.00000000,0.00140300,199974.00000000,0.03103,40,0.03102,32,0.03099,15,0.03098,240,0.03095,15,0.03094,182,0.03092,14,0.03091,182,0.03089,15,0.03088,168,0.03106,14,0.03107,54,0.03108,55,0.03109,124,0.0311,195,0.03112,14,0.03113,196,0.03115,15,0.03116,183,0.03118,15
binance,gate,FUNUSDT,0.00139400,0.03104,2126.6858,1774056647508,0.00139100,252304.00000000,0.00139000,686851.00000000,0.00138900,1079222.00000000,0.00138800,481778.00000000,0.00138700,393469.00000000,0.00138600,47372.00000000,0.00138500,198910.00000000,0.00138400,73302.00000000,0.00138300,726113.00000000,0.00138200,812804.00000000,0.00139400,410219.00000000,0.00139500,955286.00000000,0.00139600,1496580.00000000,0.00139700,774230.00000000,0.00139800,432034.00000000,0.00139900,453921.00000000,0.00140000,1917838.00000000,0.00140100,612134.00000000,0.00140200,595613.00000000,0.00140300,199974.00000000,0.03104,15,0.03103,40,0.03102,32,0.03099,15,0.03098,240,0.03095,15,0.03094,182,0.03092,14,0.03091,182,0.03089,15,0.03106,14,0.03107,54,0.03108,55,0.03109,55,0.0311,195,0.03111,69,0.03112,14,0.03113,196,0.03115,15,0.03116,183
binance,gate,FUNUSDT,0.00139400,0.03103,2125.9684,1774056647823,0.00139100,252304.00000000,0.00139000,686851.00000000,0.00138900,1079222.00000000,0.00138800,481778.00000000,0.00138700,393469.00000000,0.00138600,47372.00000000,0.00138500,198910.00000000,0.00138400,73302.00000000,0.00138300,726113.00000000,0.00138200,812804.00000000,0.00139400,410219.00000000,0.00139500,955286.00000000,0.00139600,1496580.00000000,0.00139700,774230.00000000,0.00139800,432034.00000000,0.00139900,453921.00000000,0.00140000,1917838.00000000,0.00140100,612134.00000000,0.00140200,595613.00000000,0.00140300,199974.00000000,0.03103,40,0.03102,32,0.03099,15,0.03098,240,0.03095,15,0.03094,182,0.03092,14,0.03091,182,0.03089,15,0.03088,168,0.03106,14,0.03107,54,0.03108,55,0.03109,55,0.0311,195,0.03111,69,0.03112,14,0.03113,196,0.03115,15,0.03116,183
binance,gate,FUNUSDT,0.00139400,0.03104,2126.6858,1774056648133,0.00139100,252304.00000000,0.00139000,686851.00000000,0.00138900,1079222.00000000,0.00138800,481778.00000000,0.00138700,393469.00000000,0.00138600,47372.00000000,0.00138500,198910.00000000,0.00138400,73302.00000000,0.00138300,726113.00000000,0.00138200,812804.00000000,0.00139400,410219.00000000,0.00139500,955286.00000000,0.00139600,1496580.00000000,0.00139700,774230.00000000,0.00139800,432034.00000000,0.00139900,453921.00000000,0.00140000,1917838.00000000,0.00140100,612134.00000000,0.00140200,595613.00000000,0.00140300,199974.00000000,0.03104,15,0.03103,40,0.03102,32,0.03099,15,0.03098,240,0.03095,15,0.03094,182,0.03092,14,0.03091,182,0.03089,15,0.03106,14,0.03107,54,0.03108,55,0.03109,55,0.0311,195,0.03111,69,0.03112,14,0.03113,196,0.03115,15,0.03116,183
binance,gate,FUNUSDT,0.00139400,0.03104,2126.6858,1774056648440,0.00139100,252304.00000000,0.00139000,686851.00000000,0.00138900,1079222.00000000,0.00138800,481778.00000000,0.00138700,393469.00000000,0.00138600,47372.00000000,0.00138500,198910.00000000,0.00138400,73302.00000000,0.00138300,726113.00000000,0.00138200,812804.00000000,0.00139400,410219.00000000,0.00139500,955286.00000000,0.00139600,1496580.00000000,0.00139700,774230.00000000,0.00139800,432034.00000000,0.00139900,453921.00000000,0.00140000,1917838.00000000,0.00140100,612134.00000000,0.00140200,595613.00000000,0.00140300,199974.00000000,0.03104,15,0.03103,40,0.03102,32,0.03099,15,0.03098,240,0.03095,15,0.03094,182,0.03092,14,0.03091,182,0.03089,15,0.03106,14,0.03107,54,0.03108,55,0.03109,55,0.0311,195,0.03111,69,0.03112,14,0.03113,196,0.03115,15,0.03116,183
binance,gate,FUNUSDT,0.00139400,0.03103,2125.9684,1774056648747,0.00139100,252304.00000000,0.00139000,686851.00000000,0.00138900,1079222.00000000,0.00138800,481778.00000000,0.00138700,393469.00000000,0.00138600,47372.00000000,0.00138500,198910.00000000,0.00138400,73302.00000000,0.00138300,726113.00000000,0.00138200,812804.00000000,0.00139400,410219.00000000,0.00139500,955286.00000000,0.00139600,1496580.00000000,0.00139700,774230.00000000,0.00139800,432034.00000000,0.00139900,453921.00000000,0.00140000,1917838.00000000,0.00140100,612134.00000000,0.00140200,595613.00000000,0.00140300,199974.00000000,0.03103,40,0.03102,32,0.03099,15,0.03098,240,0.03095,15,0.03094,182,0.03092,14,0.03091,182,0.03089,15,0.03088,168,0.03106,14,0.03107,54,0.03108,55,0.03109,55,0.0311,195,0.03111,69,0.03112,14,0.03113,196,0.03115,15,0.03116,183
binance,gate,FUNUSDT,0.00139400,0.03104,2126.6858,1774056649056,0.00139100,252304.00000000,0.00139000,686851.00000000,0.00138900,1079222.00000000,0.00138800,481778.00000000,0.00138700,393469.00000000,0.00138600,47372.00000000,0.00138500,198910.00000000,0.00138400,73302.00000000,0.00138300,726113.00000000,0.00138200,812804.00000000,0.00139400,410219.00000000,0.00139500,955286.00000000,0.00139600,1496580.00000000,0.00139700,774230.00000000,0.00139800,432034.00000000,0.00139900,453921.00000000,0.00140000,1917838.00000000,0.00140100,612134.00000000,0.00140200,595613.00000000,0.00140300,199974.00000000,0.03104,15,0.03103,40,0.03102,32,0.03099,15,0.03098,240,0.03095,15,0.03094,182,0.03092,14,0.03091,182,0.03089,15,0.03106,14,0.03107,54,0.03108,55,0.03109,55,0.0311,195,0.03111,69,0.03112,14,0.03113,196,0.03115,15,0.03116,183
binance,gate,FUNUSDT,0.00139400,0.03104,2126.6858,1774056649363,0.00139100,252304.00000000,0.00139000,686851.00000000,0.00138900,1079222.00000000,0.00138800,481778.00000000,0.00138700,393469.00000000,0.00138600,47372.00000000,0.00138500,198910.00000000,0.00138400,73302.00000000,0.00138300,726113.00000000,0.00138200,812804.00000000,0.00139400,410219.00000000,0.00139500,955286.00000000,0.00139600,1496580.00000000,0.00139700,774230.00000000,0.00139800,432034.00000000,0.00139900,453921.00000000,0.00140000,1917838.00000000,0.00140100,612134.00000000,0.00140200,595613.00000000,0.00140300,199974.00000000,0.03104,15,0.03103,40,0.03102,32,0.03099,15,0.03098,240,0.03095,15,0.03094,182,0.03092,14,0.03091,182,0.03089,15,0.03106,14,0.03107,54,0.03108,55,0.03109,55,0.0311,195,0.03111,69,0.03112,14,0.03113,196,0.03115,15,0.03116,183
binance,gate,FUNUSDT,0.00139400,0.03103,2125.9684,1774056649669,0.00139100,252304.00000000,0.00139000,686851.00000000,0.00138900,1079222.00000000,0.00138800,481778.00000000,0.00138700,393469.00000000,0.00138600,47372.00000000,0.00138500,198910.00000000,0.00138400,73302.00000000,0.00138300,726113.00000000,0.00138200,812804.00000000,0.00139400,410219.00000000,0.00139500,955286.00000000,0.00139600,1496580.00000000,0.00139700,774230.00000000,0.00139800,432034.00000000,0.00139900,453921.00000000,0.00140000,1917838.00000000,0.00140100,612134.00000000,0.00140200,595613.00000000,0.00140300,199974.00000000,0.03103,40,0.03102,32,0.03099,15,0.03098,240,0.03095,15,0.03094,182,0.03092,14,0.03091,182,0.03089,15,0.03088,168,0.03106,14,0.03107,54,0.03108,55,0.03109,55,0.0311,195,0.03111,69,0.03112,14,0.03113,196,0.03115,15,0.03116,183
binance,gate,FUNUSDT,0.00139400,0.03103,2125.9684,1774056649987,0.00139100,252304.00000000,0.00139000,686851.00000000,0.00138900,1079222.00000000,0.00138800,481778.00000000,0.00138700,393469.00000000,0.00138600,47372.00000000,0.00138500,198910.00000000,0.00138400,73302.00000000,0.00138300,726113.00000000,0.00138200,812804.00000000,0.00139400,410219.00000000,0.00139500,955286.00000000,0.00139600,1496580.00000000,0.00139700,774230.00000000,0.00139800,432034.00000000,0.00139900,453921.00000000,0.00140000,1917838.00000000,0.00140100,612134.00000000,0.00140200,595613.00000000,0.00140300,199974.00000000,0.03103,40,0.03102,32,0.03099,15,0.03098,240,0.03095,15,0.03094,182,0.03092,14,0.03091,182,0.03089,15,0.03088,168,0.03106,14,0.03107,54,0.03108,55,0.03109,55,0.0311,195,0.03111,69,0.03112,14,0.03113,196,0.03115,15,0.03116,183
binance,gate,FUNUSDT,0.00139400,0.03103,2125.9684,1774056650293,0.00139100,252304.00000000,0.00139000,686851.00000000,0.00138900,1079222.00000000,0.00138800,481778.00000000,0.00138700,393469.00000000,0.00138600,47372.00000000,0.00138500,198910.00000000,0.00138400,73302.00000000,0.00138300,726113.00000000,0.00138200,812804.00000000,0.00139400,410219.00000000,0.00139500,955286.00000000,0.00139600,1496580.00000000,0.00139700,774230.00000000,0.00139800,432034.00000000,0.00139900,453921.00000000,0.00140000,1917838.00000000,0.00140100,612134.00000000,0.00140200,595613.00000000,0.00140300,199974.00000000,0.03103,40,0.03102,32,0.03099,15,0.03098,240,0.03095,15,0.03094,182,0.03092,14,0.03091,182,0.03089,15,0.03088,168,0.03106,14,0.03107,54,0.03108,55,0.03109,55,0.0311,195,0.03111,69,0.03112,14,0.03113,196,0.03115,15,0.03116,183
binance,gate,FUNUSDT,0.00139400,0.03103,2125.9684,1774056650593,0.00139100,252304.00000000,0.00139000,686851.00000000,0.00138900,1079222.00000000,0.00138800,481778.00000000,0.00138700,393469.00000000,0.00138600,47372.00000000,0.00138500,198910.00000000,0.00138400,73302.00000000,0.00138300,726113.00000000,0.00138200,812804.00000000,0.00139400,410219.00000000,0.00139500,955286.00000000,0.00139600,1496580.00000000,0.00139700,774230.00000000,0.00139800,432034.00000000,0.00139900,453921.00000000,0.00140000,1917838.00000000,0.00140100,612134.00000000,0.00140200,595613.00000000,0.00140300,199974.00000000,0.03103,40,0.03102,32,0.03099,15,0.03098,240,0.03095,15,0.03094,182,0.03092,14,0.03091,182,0.03089,15,0.03088,168,0.03106,14,0.03107,54,0.03108,55,0.03109,55,0.0311,195,0.03111,69,0.03112,14,0.03113,196,0.03115,15,0.03116,183
binance,gate,FUNUSDT,0.00139400,0.03103,2125.9684,1774056650893,0.00139100,252304.00000000,0.00139000,686851.00000000,0.00138900,1079222.00000000,0.00138800,481778.00000000,0.00138700,393469.00000000,0.00138600,47372.00000000,0.00138500,198910.00000000,0.00138400,73302.00000000,0.00138300,726113.00000000,0.00138200,812804.00000000,0.00139400,410219.00000000,0.00139500,955286.00000000,0.00139600,1496580.00000000,0.00139700,774230.00000000,0.00139800,432034.00000000,0.00139900,453921.00000000,0.00140000,1917838.00000000,0.00140100,612134.00000000,0.00140200,595613.00000000,0.00140300,199974.00000000,0.03103,40,0.03102,32,0.03099,15,0.03098,240,0.03095,15,0.03094,182,0.03092,14,0.03091,182,0.03089,15,0.03088,168,0.03106,14,0.03107,54,0.03108,55,0.03109,55,0.0311,195,0.03111,69,0.03112,14,0.03113,196,0.03115,15,0.03116,183
