spot_exch,fut_exch,symbol,ask_spot,bid_futures,spread_pct,ts,s_b1,s_b2,s_b3,s_b4,s_b5,s_b6,s_b7,s_b8,s_b9,s_b10,s_bq1,s_bq2,s_bq3,s_bq4,s_bq5,s_bq6,s_bq7,s_bq8,s_bq9,s_bq10,s_a1,s_a2,s_a3,s_a4,s_a5,s_a6,s_a7,s_a8,s_a9,s_a10,s_aq1,s_aq2,s_aq3,s_aq4,s_aq5,s_aq6,s_aq7,s_aq8,s_aq9,s_aq10,f_b1,f_b2,f_b3,f_b4,f_b5,f_b6,f_b7,f_b8,f_b9,f_b10,f_bq1,f_bq2,f_bq3,f_bq4,f_bq5,f_bq6,f_bq7,f_bq8,f_bq9,f_bq10,f_a1,f_a2,f_a3,f_a4,f_a5,f_a6,f_a7,f_a8,f_a9,f_a10,f_aq1,f_aq2,f_aq3,f_aq4,f_aq5,f_aq6,f_aq7,f_aq8,f_aq9,f_aq10
gate,bybit,VANRYUSDT,0.005679,0.006104,7.4837,1774056587000,,,,,,,,,,,,,,,,,,,,,,,,,,,,,,,,,,,,,,,,,0.006104,1038,0.006103,1639,0.006102,2549,0.006101,24687,0.006100,41432,0.006099,22358,0.006098,34888,0.006097,26946,0.006096,46533,0.006095,26663,0.006105,38659,0.006106,1639,0.006107,2807,0.006108,24155,0.006109,23587,0.006110,59357,0.006111,40204,0.006112,51194,0.006113,26219,0.006114,31373
gate,bybit,VANRYUSDT,0.00568,0.006104,7.4648,1774056587682,,,,,,,,,,,,,,,,,,,,,,,,,,,,,,,,,,,,,,,,,0.006104,19076,0.006103,3147,0.006102,4057,0.006101,26195,0.006100,70765,0.006099,22358,0.006098,34888,0.006097,26946,0.006096,46533,0.006095,26663,0.006105,11107,0.006106,1639,0.006107,2807,0.006108,18539,0.006109,13587,0.006110,34604,0.006111,40204,0.006112,51194,0.006113,26219,0.006114,31373
gate,bybit,VANRYUSDT,0.00568,0.006104,7.4648,1774056587982,,,,,,,,,,,,,,,,,,,,,,,,,,,,,,,,,,,,,,,,,0.006104,19076,0.006103,3147,0.006102,4057,0.006101,26195,0.006100,70765,0.006099,22358,0.006098,34888,0.006097,26946,0.006096,46533,0.006095,26663,0.006105,11107,0.006106,1639,0.006107,2807,0.006108,18539,0.006109,13587,0.006110,34604,0.006111,40204,0.006112,51194,0.006113,26219,0.006114,31373
gate,bybit,VANRYUSDT,0.00568,0.006104,7.4648,1774056588282,,,,,,,,,,,,,,,,,,,,,,,,,,,,,,,,,,,,,,,,,0.006104,19076,0.006103,3147,0.006102,4057,0.006101,26195,0.006100,70765,0.006099,22358,0.006098,34888,0.006097,26946,0.006096,46533,0.006095,26663,0.006105,9606,0.006106,1639,0.006107,2807,0.006108,18539,0.006109,13587,0.006110,34604,0.006111,40204,0.006112,51194,0.006113,26219,0.006114,31373
gate,bybit,VANRYUSDT,0.00568,0.006104,7.4648,1774056588582,,,,,,,,,,,,,,,,,,,,,,,,,,,,,,,,,,,,,,,,,0.006104,19076,0.006103,3147,0.006102,4057,0.006101,36195,0.006100,70765,0.006099,22358,0.006098,34888,0.006097,26946,0.006096,46533,0.006095,26663,0.006105,9606,0.006106,1639,0.006107,2807,0.006108,18539,0.006109,13587,0.006110,34604,0.006111,40204,0.006112,51194,0.006113,26219,0.006114,31373
gate,bybit,VANRYUSDT,0.00568,0.006104,7.4648,1774056588882,,,,,,,,,,,,,,,,,,,,,,,,,,,,,,,,,,,,,,,,,0.006104,19076,0.006103,3147,0.006102,4057,0.006101,36195,0.006100,70765,0.006099,22358,0.006098,34888,0.006097,26946,0.006096,46533,0.006095,26663,0.006105,9606,0.006106,1639,0.006107,2807,0.006108,18539,0.006109,13587,0.006110,34604,0.006111,40204,0.006112,51194,0.006113,26219,0.006114,31373
gate,bybit,VANRYUSDT,0.00568,0.006104,7.4648,1774056589183,,,,,,,,,,,,,,,,,,,,,,,,,,,,,,,,,,,,,,,,,0.006104,19076,0.006103,3147,0.006102,4057,0.006101,36195,0.006100,70765,0.006099,22358,0.006098,34888,0.006097,26946,0.006096,46533,0.006095,26663,0.006105,9606,0.006106,1639,0.006107,2807,0.006108,18539,0.006109,13587,0.006110,34604,0.006111,40204,0.006112,51194,0.006113,26219,0.006114,31373
gate,bybit,VANRYUSDT,0.00568,0.006104,7.4648,1774056589483,,,,,,,,,,,,,,,,,,,,,,,,,,,,,,,,,,,,,,,,,0.006104,19076,0.006103,3147,0.006102,4057,0.006101,36195,0.006100,70765,0.006099,22358,0.006098,34888,0.006097,26946,0.006096,46533,0.006095,26663,0.006105,9606,0.006106,1639,0.006107,2807,0.006108,18539,0.006109,13587,0.006110,34604,0.006111,40204,0.006112,51194,0.006113,26219,0.006114,31373
gate,bybit,VANRYUSDT,0.00568,0.006104,7.4648,1774056589783,,,,,,,,,,,,,,,,,,,,,,,,,,,,,,,,,,,,,,,,,0.006104,19076,0.006103,3147,0.006102,4057,0.006101,36195,0.006100,70765,0.006099,22358,0.006098,34888,0.006097,26946,0.006096,46533,0.006095,26663,0.006105,9606,0.006106,1639,0.006107,2807,0.006108,18539,0.006109,13587,0.006110,34604,0.006111,40204,0.006112,51194,0.006113,26219,0.006114,31373
gate,bybit,VANRYUSDT,0.00568,0.006104,7.4648,1774056590083,,,,,,,,,,,,,,,,,,,,,,,,,,,,,,,,,,,,,,,,,0.006104,19076,0.006103,3147,0.006102,4057,0.006101,36195,0.006100,70765,0.006099,22358,0.006098,34888,0.006097,26946,0.006096,46533,0.006095,26663,0.006105,9606,0.006106,1639,0.006107,2807,0.006108,18539,0.006109,13587,0.006110,34604,0.006111,40204,0.006112,51194,0.006113,26219,0.006114,31373
gate,bybit,VANRYUSDT,0.00568,0.006104,7.4648,1774056590384,,,,,,,,,,,,,,,,,,,,,,,,,,,,,,,,,,,,,,,,,0.006104,19076,0.006103,3147,0.006102,4057,0.006101,36195,0.006100,70765,0.006099,22358,0.006098,34888,0.006097,26946,0.006096,46533,0.006095,26663,0.006105,9606,0.006106,1639,0.006107,2807,0.006108,18539,0.006109,13587,0.006110,34604,0.006111,40204,0.006112,51194,0.006113,26219,0.006114,31373
gate,bybit,VANRYUSDT,0.00568,0.006104,7.4648,1774056590684,,,,,,,,,,,,,,,,,,,,,,,,,,,,,,,,,,,,,,,,,0.006104,19076,0.006103,3147,0.006102,4057,0.006101,36195,0.006100,70765,0.006099,22358,0.006098,34888,0.006097,26946,0.006096,46533,0.006095,26663,0.006105,9606,0.006106,1639,0.006107,2807,0.006108,18539,0.006109,13587,0.006110,34604,0.006111,40204,0.006112,51194,0.006113,26219,0.006114,31373
gate,bybit,VANRYUSDT,0.00568,0.006104,7.4648,1774056590984,,,,,,,,,,,,,,,,,,,,,,,,,,,,,,,,,,,,,,,,,0.006104,19076,0.006103,3147,0.006102,4057,0.006101,36195,0.006100,70765,0.006099,22358,0.006098,34888,0.006097,26946,0.006096,46533,0.006095,26663,0.006105,9205,0.006106,1639,0.006107,2807,0.006108,18539,0.006109,13587,0.006110,34604,0.006111,40204,0.006112,51194,0.006113,26219,0.006114,31373
gate,bybit,VANRYUSDT,0.00568,0.006104,7.4648,1774056591285,,,,,,,,,,,,,,,,,,,,,,,,,,,,,,,,,,,,,,,,,0.006104,19076,0.006103,3147,0.006102,4057,0.006101,36195,0.006100,70765,0.006099,22358,0.006098,34888,0.006097,26946,0.006096,46533,0.006095,26663,0.006105,9205,0.006106,1639,0.006107,2807,0.006108,18539,0.006109,13587,0.006110,34604,0.006111,40204,0.006112,51194,0.006113,26219,0.006114,31373
gate,bybit,VANRYUSDT,0.00568,0.006104,7.4648,1774056591585,,,,,,,,,,,,,,,,,,,,,,,,,,,,,,,,,,,,,,,,,0.006104,19076,0.006103,3147,0.006102,4057,0.006101,36195,0.006100,70765,0.006099,22358,0.006098,34888,0.006097,26946,0.006096,46533,0.006095,26663,0.006105,9205,0.006106,1639,0.006107,2807,0.006108,18539,0.006109,13587,0.006110,34604,0.006111,40204,0.006112,51194,0.006113,26219,0.006114,31373
gate,bybit,VANRYUSDT,0.00568,0.006104,7.4648,1774056591887,,,,,,,,,,,,,,,,,,,,,,,,,,,,,,,,,,,,,,,,,0.006104,19076,0.006103,3147,0.006102,4057,0.006101,36195,0.006100,70765,0.006099,22358,0.006098,34888,0.006097,26946,0.006096,46533,0.006095,26663,0.006105,9205,0.006106,1639,0.006107,2807,0.006108,18539,0.006109,13587,0.006110,34604,0.006111,40204,0.006112,51194,0.006113,26219,0.006114,31373
gate,bybit,VANRYUSDT,0.00568,0.006104,7.4648,1774056592187,,,,,,,,,,,,,,,,,,,,,,,,,,,,,,,,,,,,,,,,,0.006104,19076,0.006103,3147,0.006102,4057,0.006101,36195,0.006100,70765,0.006099,22358,0.006098,34888,0.006097,26946,0.006096,46533,0.006095,26663,0.006105,9205,0.006106,1639,0.006107,2807,0.006108,18539,0.006109,13587,0.006110,34604,0.006111,40204,0.006112,51194,0.006113,26219,0.006114,31373
gate,bybit,VANRYUSDT,0.00568,0.006104,7.4648,1774056592487,,,,,,,,,,,,,,,,,,,,,,,,,,,,,,,,,,,,,,,,,0.006104,19076,0.006103,3147,0.006102,4057,0.006101,36195,0.006100,70765,0.006099,22358,0.006098,34888,0.006097,26946,0.006096,46533,0.006095,26663,0.006105,9410,0.006106,1639,0.006107,2807,0.006108,18539,0.006109,13587,0.006110,34604,0.006111,40204,0.006112,51194,0.006113,26219,0.006114,31373
gate,bybit,VANRYUSDT,0.00568,0.006104,7.4648,1774056592787,,,,,,,,,,,,,,,,,,,,,,,,,,,,,,,,,,,,,,,,,0.006104,19076,0.006103,3147,0.006102,4057,0.006101,36195,0.006100,70765,0.006099,22358,0.006098,34888,0.006097,26946,0.006096,46533,0.006095,26663,0.006105,9410,0.006106,1639,0.006107,2807,0.006108,18539,0.006109,13587,0.006110,34604,0.006111,40204,0.006112,51194,0.006113,26219,0.006114,31373
gate,bybit,VANRYUSDT,0.00568,0.006104,7.4648,1774056593092,,,,,,,,,,,,,,,,,,,,,,,,,,,,,,,,,,,,,,,,,0.006104,38802,0.006103,3147,0.006102,4057,0.006101,34687,0.006100,70765,0.006099,22358,0.006098,34888,0.006097,26946,0.006096,46533,0.006095,26663,0.006105,9410,0.006106,1639,0.006107,2807,0.006108,18539,0.006109,13587,0.006110,34604,0.006111,40204,0.006112,51194,0.006113,26219,0.006114,31373
gate,bybit,VANRYUSDT,0.00568,0.006104,7.4648,1774056593392,0.005679,25067,0.005678,36254,0.005677,42112,0.005676,36713,0.005675,36764,0.005674,45957,0.005673,31600,0.005672,62064,0.005671,31600,0.00567,31600,0.00568,236585,0.005681,167162,0.005682,31600,0.005683,31600,0.005684,18538,0.005685,11600,0.005686,36667,0.005687,25852,0.005688,21751,0.005719,11600,0.006104,48666,0.006103,1639,0.006102,4057,0.006101,34687,0.006100,70765,0.006099,22358,0.006098,34888,0.006097,26946,0.006096,46533,0.006095,26663,0.006105,9410,0.006106,1639,0.006107,2807,0.006108,18539,0.006109,13587,0.006110,34604,0.006111,40204,0.006112,51194,0.006113,26219,0.006114,31373
gate,bybit,VANRYUSDT,0.00568,0.006104,7.4648,1774056593692,0.005679,25067,0.005678,36254,0.005677,42112,0.005676,36713,0.005675,36764,0.005674,45957,0.005673,31600,0.005672,62064,0.005671,31600,0.00567,31600,0.00568,236585,0.005681,167162,0.005682,31600,0.005683,31600,0.005684,18538,0.005685,11600,0.005686,36667,0.005687,25852,0.005688,21751,0.005719,11600,0.006104,48666,0.006103,1639,0.006102,4057,0.006101,34687,0.006100,70765,0.006099,22358,0.006098,34888,0.006097,26946,0.006096,46533,0.006095,26663,0.006105,9410,0.006106,1639,0.006107,2807,0.006108,18539,0.006109,13587,0.006110,34604,0.006111,40204,0.006112,51194,0.006113,26219,0.006114,31373
gate,bybit,VANRYUSDT,0.00568,0.006104,7.4648,1774056593992,0.005679,25067,0.005678,36254,0.005677,42112,0.005676,36713,0.005675,36764,0.005674,45957,0.005673,31600,0.005672,62064,0.005671,31600,0.00567,31600,0.00568,236585,0.005681,167162,0.005682,31600,0.005683,31600,0.005684,18538,0.005685,11600,0.005686,36667,0.005687,25852,0.005688,21751,0.005719,11600,0.006104,48666,0.006103,1639,0.006102,4057,0.006101,34687,0.006100,70765,0.006099,22358,0.006098,34888,0.006097,26946,0.006096,46533,0.006095,26663,0.006105,9734,0.006106,1639,0.006107,2807,0.006108,18539,0.006109,13587,0.006110,34604,0.006111,40204,0.006112,51194,0.006113,26219,0.006114,31373
gate,bybit,VANRYUSDT,0.00568,0.006104,7.4648,1774056594292,0.005679,25067,0.005678,36254,0.005677,42112,0.005676,36713,0.005675,36764,0.005674,45957,0.005673,31600,0.005672,62064,0.005671,31600,0.00567,31600,0.00568,236585,0.005681,167162,0.005682,31600,0.005683,31600,0.005684,18538,0.005685,36566,0.005686,36667,0.005687,25852,0.005688,21751,0.005719,11600,0.006104,48666,0.006103,1639,0.006102,2549,0.006101,34687,0.006100,70765,0.006099,22358,0.006098,34888,0.006097,26946,0.006096,46533,0.006095,26663,0.006105,9734,0.006106,1639,0.006107,2807,0.006108,18539,0.006109,13587,0.006110,34604,0.006111,40204,0.006112,51194,0.006113,26219,0.006114,31373
gate,bybit,VANRYUSDT,0.00568,0.006104,7.4648,1774056594593,0.005679,25067,0.005678,36254,0.005677,42112,0.005676,36713,0.005675,36764,0.005674,45957,0.005673,31600,0.005672,62064,0.005671,31600,0.00567,31600,0.00568,236585,0.005681,167162,0.005682,31600,0.005683,31600,0.005684,18538,0.005685,36566,0.005686,36667,0.005687,25852,0.005688,21751,0.005719,11600,0.006104,48666,0.006103,1639,0.006102,2549,0.006101,34687,0.006100,70765,0.006099,22358,0.006098,34888,0.006097,26946,0.006096,46533,0.006095,26663,0.006105,9734,0.006106,1639,0.006107,2807,0.006108,18539,0.006109,13587,0.006110,34604,0.006111,40204,0.006112,51194,0.006113,26219,0.006114,31373
gate,bybit,VANRYUSDT,0.00568,0.006104,7.4648,1774056594893,0.005679,25067,0.005678,36254,0.005677,42112,0.005676,36713,0.005675,36764,0.005674,45957,0.005673,31600,0.005672,62064,0.005671,31600,0.00567,31600,0.00568,236585,0.005681,167162,0.005682,31600,0.005683,31600,0.005684,18538,0.005685,36566,0.005686,36667,0.005687,25852,0.005688,21751,0.005719,11600,0.006104,48666,0.006103,1639,0.006102,2549,0.006101,34687,0.006100,70765,0.006099,22358,0.006098,34888,0.006097,26946,0.006096,46533,0.006095,26663,0.006105,9734,0.006106,1639,0.006107,2807,0.006108,18539,0.006109,13587,0.006110,34604,0.006111,40204,0.006112,51194,0.006113,26219,0.006114,31373
gate,bybit,VANRYUSDT,0.00568,0.006104,7.4648,1774056595193,0.005679,25067,0.005678,36254,0.005677,42112,0.005676,36713,0.005675,36764,0.005674,45957,0.005673,31600,0.005672,62064,0.005671,31600,0.00567,31600,0.00568,236585,0.005681,167162,0.005682,31600,0.005683,31600,0.005684,18538,0.005685,36566,0.005686,36667,0.005687,25852,0.005688,21751,0.005719,11600,0.006104,48666,0.006103,1639,0.006102,2549,0.006101,34687,0.006100,70765,0.006099,22358,0.006098,34888,0.006097,26946,0.006096,46533,0.006095,26663,0.006105,9734,0.006106,1639,0.006107,2807,0.006108,18539,0.006109,13587,0.006110,34604,0.006111,40204,0.006112,51194,0.006113,26219,0.006114,31373
gate,bybit,VANRYUSDT,0.00568,0.006104,7.4648,1774056595494,0.005679,25067,0.005678,36254,0.005677,42112,0.005676,36713,0.005675,36764,0.005674,45957,0.005673,31600,0.005672,62064,0.005671,31600,0.00567,31600,0.00568,236585,0.005681,167162,0.005682,31600,0.005683,31600,0.005684,18538,0.005685,36566,0.005686,36667,0.005687,25852,0.005688,21751,0.005719,11600,0.006104,48666,0.006103,1639,0.006102,2549,0.006101,34687,0.006100,70765,0.006099,22358,0.006098,34888,0.006097,26946,0.006096,46533,0.006095,26663,0.006105,13870,0.006106,1639,0.006107,2807,0.006108,18539,0.006109,13587,0.006110,34604,0.006111,40204,0.006112,51194,0.006113,26219,0.006114,31373
gate,bybit,VANRYUSDT,0.00568,0.006104,7.4648,1774056595794,0.005679,25067,0.005678,36254,0.005677,42112,0.005676,36713,0.005675,36764,0.005674,45957,0.005673,31600,0.005672,62064,0.005671,31600,0.00567,31600,0.00568,236585,0.005681,167162,0.005682,31600,0.005683,31600,0.005684,18538,0.005685,36566,0.005686,36667,0.005687,25852,0.005688,21751,0.005719,11600,0.006104,48666,0.006103,1639,0.006102,2549,0.006101,34687,0.006100,70765,0.006099,22358,0.006098,34888,0.006097,26946,0.006096,46533,0.006095,26663,0.006105,13870,0.006106,1639,0.006107,2807,0.006108,18539,0.006109,13587,0.006110,34604,0.006111,40204,0.006112,51194,0.006113,26219,0.006114,31373
gate,bybit,VANRYUSDT,0.00568,0.006104,7.4648,1774056596094,0.005679,25067,0.005678,36254,0.005677,42112,0.005676,36713,0.005675,36764,0.005674,45957,0.005673,31600,0.005672,62064,0.005671,31600,0.00567,31600,0.00568,236585,0.005681,167162,0.005682,31600,0.005683,31600,0.005684,18538,0.005685,36566,0.005686,36667,0.005687,25852,0.005688,21751,0.005719,11600,0.006104,48666,0.006103,1639,0.006102,2549,0.006101,34687,0.006100,70765,0.006099,22358,0.006098,34888,0.006097,26946,0.006096,46533,0.006095,26663,0.006105,13870,0.006106,1639,0.006107,2807,0.006108,18539,0.006109,13587,0.006110,34604,0.006111,40204,0.006112,51194,0.006113,26219,0.006114,31373
gate,bybit,VANRYUSDT,0.00568,0.006104,7.4648,1774056596394,0.005679,25067,0.005678,36254,0.005677,42112,0.005676,36713,0.005675,36764,0.005674,45957,0.005673,31600,0.005672,62064,0.005671,31600,0.00567,31600,0.00568,236585,0.005681,167162,0.005682,31600,0.005683,31600,0.005684,18538,0.005685,36566,0.005686,36667,0.005687,25852,0.005688,21751,0.005719,11600,0.006104,48666,0.006103,1639,0.006102,2549,0.006101,34687,0.006100,70765,0.006099,22358,0.006098,34888,0.006097,26946,0.006096,46533,0.006095,26663,0.006105,13870,0.006106,1639,0.006107,2807,0.006108,18539,0.006109,13587,0.006110,34604,0.006111,40204,0.006112,51194,0.006113,26219,0.006114,31373
gate,bybit,VANRYUSDT,0.00568,0.006104,7.4648,1774056596694,0.005679,25067,0.005678,36254,0.005677,42112,0.005676,36713,0.005675,36764,0.005674,45957,0.005673,31600,0.005672,62064,0.005671,31600,0.00567,31600,0.00568,236585,0.005681,167162,0.005682,31600,0.005683,31600,0.005684,18538,0.005685,36566,0.005686,36667,0.005687,25852,0.005688,21751,0.005719,11600,0.006104,48666,0.006103,1639,0.006102,2549,0.006101,34687,0.006100,70765,0.006099,22358,0.006098,34888,0.006097,26946,0.006096,46533,0.006095,26663,0.006105,13870,0.006106,1639,0.006107,2807,0.006108,18539,0.006109,13587,0.006110,34604,0.006111,40204,0.006112,51194,0.006113,26219,0.006114,31373
gate,bybit,VANRYUSDT,0.00568,0.006104,7.4648,1774056596994,0.005679,25067,0.005678,36254,0.005677,42112,0.005676,36713,0.005675,36764,0.005674,45957,0.005673,31600,0.005672,62064,0.005671,31600,0.00567,31600,0.00568,236585,0.005681,167162,0.005682,31600,0.005683,31600,0.005684,18538,0.005685,36566,0.005686,36667,0.005687,25852,0.005688,21751,0.005719,11600,0.006104,48666,0.006103,1639,0.006102,2549,0.006101,34687,0.006100,70765,0.006099,22358,0.006098,34888,0.006097,26946,0.006096,46533,0.006095,26663,0.006105,13870,0.006106,1639,0.006107,2807,0.006108,18539,0.006109,13587,0.006110,34604,0.006111,40204,0.006112,51194,0.006113,26219,0.006114,31373
gate,bybit,VANRYUSDT,0.00568,0.006104,7.4648,1774056597294,0.005679,25067,0.005678,36254,0.005677,42112,0.005676,36713,0.005675,36764,0.005674,45957,0.005673,31600,0.005672,62064,0.005671,31600,0.00567,31600,0.00568,236585,0.005681,167162,0.005682,31600,0.005683,31600,0.005684,18538,0.005685,36566,0.005686,36667,0.005687,25852,0.005688,21751,0.005719,11600,0.006104,48666,0.006103,1639,0.006102,2549,0.006101,34687,0.006100,70765,0.006099,22358,0.006098,34888,0.006097,26946,0.006096,46533,0.006095,26663,0.006105,13870,0.006106,1639,0.006107,2807,0.006108,18539,0.006109,13587,0.006110,34604,0.006111,40204,0.006112,51194,0.006113,26219,0.006114,31373
gate,bybit,VANRYUSDT,0.00568,0.006104,7.4648,1774056597594,0.005679,25067,0.005678,36254,0.005677,42112,0.005676,36713,0.005675,36764,0.005674,45957,0.005673,31600,0.005672,62064,0.005671,31600,0.00567,31600,0.00568,236585,0.005681,167162,0.005682,31600,0.005683,31600,0.005684,18538,0.005685,36566,0.005686,36667,0.005687,25852,0.005688,21751,0.005719,11600,0.006104,48666,0.006103,1639,0.006102,2549,0.006101,34687,0.006100,70765,0.006099,22358,0.006098,34888,0.006097,26946,0.006096,46533,0.006095,26663,0.006105,13870,0.006106,1639,0.006107,2807,0.006108,18539,0.006109,13587,0.006110,34604,0.006111,40204,0.006112,51194,0.006113,26219,0.006114,31373
gate,bybit,VANRYUSDT,0.00568,0.006104,7.4648,1774056597894,0.005679,25067,0.005678,36254,0.005677,42112,0.005676,36713,0.005675,36764,0.005674,45957,0.005673,31600,0.005672,62064,0.005671,31600,0.00567,31600,0.00568,236585,0.005681,167162,0.005682,31600,0.005683,31600,0.005684,18538,0.005685,36566,0.005686,36667,0.005687,25852,0.005688,21751,0.005719,11600,0.006104,48666,0.006103,1639,0.006102,2549,0.006101,34687,0.006100,70765,0.006099,22358,0.006098,34888,0.006097,26946,0.006096,46533,0.006095,26663,0.006105,13873,0.006106,1639,0.006107,2807,0.006108,18539,0.006109,13587,0.006110,34604,0.006111,40204,0.006112,51194,0.006113,26219,0.006114,31373
gate,bybit,VANRYUSDT,0.00568,0.006104,7.4648,1774056598195,0.005679,25067,0.005678,36254,0.005677,42112,0.005676,36713,0.005675,36764,0.005674,45957,0.005673,31600,0.005672,62064,0.005671,31600,0.00567,31600,0.00568,236585,0.005681,167162,0.005682,31600,0.005683,31600,0.005684,18538,0.005685,36566,0.005686,36667,0.005687,25852,0.005688,21751,0.005719,11600,0.006104,48666,0.006103,1639,0.006102,2549,0.006101,34687,0.006100,70765,0.006099,22358,0.006098,34888,0.006097,26946,0.006096,46533,0.006095,26663,0.006105,13873,0.006106,1639,0.006107,2807,0.006108,18539,0.006109,13587,0.006110,34604,0.006111,40204,0.006112,51194,0.006113,26219,0.006114,31373
gate,bybit,VANRYUSDT,0.00568,0.006104,7.4648,1774056598495,0.005679,25067,0.005678,36254,0.005677,42112,0.005676,36713,0.005675,36764,0.005674,45957,0.005673,31600,0.005672,62064,0.005671,31600,0.00567,31600,0.00568,236585,0.005681,167162,0.005682,31600,0.005683,31600,0.005684,18538,0.005685,36566,0.005686,36667,0.005687,25852,0.005688,21751,0.005719,11600,0.006104,48666,0.006103,1639,0.006102,2549,0.006101,34687,0.006100,70765,0.006099,22358,0.006098,34888,0.006097,26946,0.006096,46533,0.006095,26663,0.006105,13873,0.006106,1639,0.006107,2807,0.006108,18539,0.006109,13587,0.006110,34604,0.006111,40204,0.006112,51194,0.006113,26219,0.006114,31373
gate,bybit,VANRYUSDT,0.00568,0.006104,7.4648,1774056598795,0.005679,25067,0.005678,36254,0.005677,27893,0.005676,36713,0.005675,36764,0.005674,45957,0.005673,31600,0.005672,62064,0.005671,31600,0.00567,31600,0.00568,236585,0.005681,167162,0.005682,31600,0.005683,31600,0.005684,18538,0.005685,36566,0.005686,36667,0.005687,25852,0.005688,21751,0.005719,11600,0.006104,48666,0.006103,1639,0.006102,2549,0.006101,34687,0.006100,70765,0.006099,22358,0.006098,34888,0.006097,26946,0.006096,46533,0.006095,26663,0.006105,13873,0.006106,1639,0.006107,2807,0.006108,18539,0.006109,13587,0.006110,34604,0.006111,40204,0.006112,51194,0.006113,26219,0.006114,31373
gate,bybit,VANRYUSDT,0.00568,0.006104,7.4648,1774056599095,0.005679,25067,0.005678,36254,0.005677,27893,0.005676,36713,0.005675,36764,0.005674,45957,0.005673,31600,0.005672,62064,0.005671,31600,0.00567,31600,0.00568,236585,0.005681,167162,0.005682,31600,0.005683,31600,0.005684,18538,0.005685,36566,0.005686,36667,0.005687,25852,0.005688,21751,0.005719,11600,0.006104,48666,0.006103,1639,0.006102,2549,0.006101,34687,0.006100,70765,0.006099,22358,0.006098,34888,0.006097,26946,0.006096,46533,0.006095,26663,0.006105,13873,0.006106,1639,0.006107,2807,0.006108,18539,0.006109,13587,0.006110,34604,0.006111,40204,0.006112,51194,0.006113,26219,0.006114,31373
gate,bybit,VANRYUSDT,0.00568,0.006104,7.4648,1774056599396,0.005679,25067,0.005678,36254,0.005677,27893,0.005676,36713,0.005675,36764,0.005674,45957,0.005673,31600,0.005672,62064,0.005671,31600,0.00567,31600,0.00568,236585,0.005681,167162,0.005682,31600,0.005683,31600,0.005684,18538,0.005685,36566,0.005686,36667,0.005687,25852,0.005688,21751,0.005719,11600,0.006104,48666,0.006103,1639,0.006102,2549,0.006101,34687,0.006100,70765,0.006099,22358,0.006098,34888,0.006097,26946,0.006096,46533,0.006095,26663,0.006105,13873,0.006106,1639,0.006107,2807,0.006108,18539,0.006109,13587,0.006110,34604,0.006111,40204,0.006112,51194,0.006113,26219,0.006114,31373
gate,bybit,VANRYUSDT,0.00568,0.006104,7.4648,1774056599696,0.005679,25067,0.005678,36254,0.005677,27893,0.005676,36713,0.005675,36764,0.005674,45957,0.005673,31600,0.005672,62064,0.005671,31600,0.00567,31600,0.00568,236585,0.005681,167162,0.005682,31600,0.005683,31600,0.005684,18538,0.005685,36566,0.005686,36667,0.005687,25852,0.005688,21751,0.005719,11600,0.006104,48666,0.006103,1639,0.006102,2549,0.006101,34687,0.006100,70765,0.006099,22358,0.006098,34888,0.006097,26946,0.006096,46533,0.006095,26663,0.006105,13873,0.006106,1639,0.006107,2807,0.006108,18539,0.006109,13587,0.006110,49357,0.006111,40204,0.006112,51194,0.006113,26219,0.006114,31373
gate,bybit,VANRYUSDT,0.00568,0.006104,7.4648,1774056599996,0.005679,25067,0.005678,36254,0.005677,27893,0.005676,36713,0.005675,36764,0.005674,45957,0.005673,46194,0.005672,62064,0.005671,31600,0.00567,31600,0.00568,236585,0.005681,167162,0.005682,31600,0.005683,31600,0.005684,18538,0.005685,36566,0.005686,36667,0.005687,25852,0.005688,21751,0.005719,11600,0.006104,54378,0.006103,1639,0.006102,2549,0.006101,34687,0.006100,70765,0.006099,22358,0.006098,34888,0.006097,26946,0.006096,46533,0.006095,26663,0.006105,13873,0.006106,1639,0.006107,2807,0.006108,18539,0.006109,13587,0.006110,49357,0.006111,40204,0.006112,51194,0.006113,26219,0.006114,31373
gate,bybit,VANRYUSDT,0.00568,0.006104,7.4648,1774056600296,0.005679,25067,0.005678,36254,0.005677,27893,0.005676,36713,0.005675,36764,0.005674,45957,0.005673,46194,0.005672,62064,0.005671,31600,0.00567,31600,0.00568,236585,0.005681,167162,0.005682,31600,0.005683,31600,0.005684,18538,0.005685,36566,0.005686,36667,0.005687,25852,0.005688,21751,0.005719,11600,0.006104,54378,0.006103,1639,0.006102,2549,0.006101,34687,0.006100,70765,0.006099,22358,0.006098,34888,0.006097,26946,0.006096,46533,0.006095,26663,0.006105,13873,0.006106,1639,0.006107,2807,0.006108,18539,0.006109,13587,0.006110,49357,0.006111,40204,0.006112,51194,0.006113,26219,0.006114,31373
gate,bybit,VANRYUSDT,0.00568,0.006104,7.4648,1774056600599,0.005679,25067,0.005678,36254,0.005677,27893,0.005676,36713,0.005675,36764,0.005674,45957,0.005673,46194,0.005672,62064,0.005671,31600,0.00567,31600,0.00568,236585,0.005681,167162,0.005682,31600,0.005683,31600,0.005684,18538,0.005685,36566,0.005686,36667,0.005687,25852,0.005688,21751,0.005719,11600,0.006104,54378,0.006103,1639,0.006102,2549,0.006101,34687,0.006100,70765,0.006099,22358,0.006098,34888,0.006097,26946,0.006096,46533,0.006095,26663,0.006105,13873,0.006106,1639,0.006107,2807,0.006108,18539,0.006109,13587,0.006110,49357,0.006111,40204,0.006112,51194,0.006113,26219,0.006114,31373
gate,bybit,VANRYUSDT,0.00568,0.006104,7.4648,1774056600912,0.005679,25067,0.005678,36254,0.005677,27893,0.005676,36713,0.005675,36764,0.005674,45957,0.005673,46194,0.005672,62064,0.005671,31600,0.00567,31600,0.00568,236585,0.005681,167162,0.005682,31600,0.005683,31600,0.005684,18538,0.005685,36566,0.005686,36667,0.005687,25852,0.005688,21751,0.005719,11600,0.006104,54378,0.006103,1639,0.006102,2549,0.006101,34687,0.006100,70765,0.006099,22358,0.006098,34888,0.006097,26946,0.006096,46533,0.006095,26663,0.006105,13873,0.006106,1639,0.006107,2807,0.006108,18539,0.006109,13587,0.006110,49357,0.006111,40204,0.006112,51194,0.006113,26219,0.006114,31373
gate,bybit,VANRYUSDT,0.00568,0.006104,7.4648,1774056601219,0.005679,25067,0.005678,36254,0.005677,27893,0.005676,36713,0.005675,36764,0.005674,45957,0.005673,46194,0.005672,62064,0.005671,31600,0.00567,31600,0.00568,236585,0.005681,167162,0.005682,31600,0.005683,31600,0.005684,18538,0.005685,36566,0.005686,36667,0.005687,25852,0.005688,21751,0.005719,11600,0.006104,54378,0.006103,1639,0.006102,2549,0.006101,34687,0.006100,70765,0.006099,22358,0.006098,34888,0.006097,26946,0.006096,46533,0.006095,26663,0.006105,13873,0.006106,1639,0.006107,2807,0.006108,18539,0.006109,13587,0.006110,34604,0.006111,40204,0.006112,51194,0.006113,26219,0.006114,31373
gate,bybit,VANRYUSDT,0.00568,0.006104,7.4648,1774056601528,0.005679,25067,0.005678,36254,0.005677,27893,0.005676,36713,0.005675,36764,0.005674,45957,0.005673,46194,0.005672,62064,0.005671,31600,0.00567,31600,0.00568,236585,0.005681,167162,0.005682,31600,0.005683,31600,0.005684,18538,0.005685,36566,0.005686,36667,0.005687,25852,0.005688,21751,0.005719,11600,0.006104,57234,0.006103,1639,0.006102,2549,0.006101,34687,0.006100,70765,0.006099,22358,0.006098,34888,0.006097,26946,0.006096,46533,0.006095,26663,0.006105,13873,0.006106,1639,0.006107,2807,0.006108,18539,0.006109,13587,0.006110,34604,0.006111,40204,0.006112,51194,0.006113,26219,0.006114,31373
gate,bybit,VANRYUSDT,0.00568,0.006104,7.4648,1774056601829,0.005679,25067,0.005678,36254,0.005677,27893,0.005676,36713,0.005675,36764,0.005674,45957,0.005673,46194,0.005672,62064,0.005671,31600,0.00567,31600,0.00568,236585,0.005681,167162,0.005682,31600,0.005683,31600,0.005684,18538,0.005685,36566,0.005686,36667,0.005687,25852,0.005688,21751,0.005719,11600,0.006104,57234,0.006103,1639,0.006102,2549,0.006101,34687,0.006100,70765,0.006099,22358,0.006098,34888,0.006097,26946,0.006096,46533,0.006095,26663,0.006105,13873,0.006106,1639,0.006107,2807,0.006108,18539,0.006109,13587,0.006110,34604,0.006111,42244,0.006112,51194,0.006113,26219,0.006114,31373
gate,bybit,VANRYUSDT,0.00568,0.006104,7.4648,1774056602132,0.005679,30512,0.005678,36254,0.005677,27893,0.005676,36713,0.005675,36764,0.005674,45957,0.005673,46194,0.005672,62064,0.005671,31600,0.00567,31600,0.00568,186653,0.005681,167162,0.005682,31600,0.005683,31600,0.005684,18538,0.005685,11600,0.005686,36566,0.005687,25852,0.005688,37059,0.005719,11600,0.006104,14706,0.006103,1639,0.006102,2549,0.006101,34687,0.006100,75991,0.006099,22358,0.006098,34888,0.006097,26946,0.006096,46533,0.006095,26663,0.006105,16953,0.006106,1639,0.006107,4308,0.006108,19961,0.006109,15088,0.006110,34604,0.006111,42244,0.006112,51194,0.006113,26219,0.006114,31373
gate,bybit,VANRYUSDT,0.00568,0.006104,7.4648,1774056602437,0.005679,25361,0.005678,26612,0.005677,27893,0.005676,36713,0.005675,36764,0.005674,45957,0.005673,46194,0.005672,62064,0.005671,31600,0.00567,31600,0.00568,8503,0.005681,155562,0.005682,20000,0.005683,84920,0.005684,34924,0.005685,29296,0.005686,32269,0.005687,25852,0.005688,21751,0.005719,11600,0.006104,14706,0.006103,1639,0.006102,2549,0.006101,34687,0.006100,75991,0.006099,22358,0.006098,34888,0.006097,26946,0.006096,46533,0.006095,26663,0.006105,16953,0.006106,1639,0.006107,4308,0.006108,19830,0.006109,15088,0.006110,34604,0.006111,42244,0.006112,51194,0.006113,26219,0.006114,31373
gate,bybit,VANRYUSDT,0.005679,0.006103,7.4661,1774056602738,0.005677,26844,0.005676,36547,0.005675,36764,0.005674,45957,0.005673,46194,0.005672,83117,0.005671,45782,0.00567,31600,0.005669,31600,0.005668,31600,0.005679,13347,0.00568,49579,0.005681,180509,0.005682,56547,0.005683,84920,0.005684,34924,0.005685,26168,0.005687,11600,0.005688,21751,0.005719,11600,0.006103,9952,0.006102,2549,0.006101,24106,0.006100,43350,0.006099,22358,0.006098,34888,0.006097,26946,0.006096,46533,0.006095,26663,0.006094,21237,0.006104,9309,0.006105,18592,0.006106,1639,0.006107,25278,0.006108,15514,0.006109,12616,0.006110,49357,0.006111,42244,0.006112,51194,0.006113,26219
gate,bybit,VANRYUSDT,0.005678,0.006103,7.485,1774056603038,0.005677,11600,0.005676,36547,0.005675,36764,0.005674,45957,0.005673,46194,0.005672,83117,0.005671,45782,0.00567,31600,0.005669,31600,0.005668,31600,0.005678,20803,0.005679,13347,0.00568,49579,0.005681,180509,0.005682,56547,0.005683,84920,0.005684,18538,0.005685,11600,0.005687,11600,0.005688,21751,0.006103,9952,0.006102,2549,0.006101,24106,0.006100,45312,0.006099,22358,0.006098,34888,0.006097,26946,0.006096,46533,0.006095,26663,0.006094,21237,0.006104,12372,0.006105,15501,0.006106,1639,0.006107,25278,0.006108,21906,0.006109,12616,0.006110,49357,0.006111,42244,0.006112,51194,0.006113,26219
gate,bybit,VANRYUSDT,0.005678,0.006103,7.485,1774056603338,0.005677,11600,0.005676,36547,0.005675,36764,0.005674,45957,0.005673,46194,0.005672,83117,0.005671,45782,0.00567,31600,0.005669,31600,0.005668,31600,0.005678,20803,0.005679,13347,0.00568,49579,0.005681,180509,0.005682,56547,0.005683,84920,0.005684,18538,0.005685,11600,0.005687,31600,0.005688,21751,0.006103,9952,0.006102,2549,0.006101,24106,0.006100,45312,0.006099,22358,0.006098,34888,0.006097,26946,0.006096,46533,0.006095,26663,0.006094,21237,0.006104,12372,0.006105,15501,0.006106,1639,0.006107,25278,0.006108,21906,0.006109,12616,0.006110,49357,0.006111,42244,0.006112,51194,0.006113,26219
gate,bybit,VANRYUSDT,0.005678,0.006103,7.485,1774056603639,0.005677,11600,0.005676,36547,0.005675,36764,0.005674,45957,0.005673,46194,0.005672,86961,0.005671,45782,0.00567,31600,0.005669,31600,0.005668,31600,0.005678,22075,0.005679,24897,0.00568,49579,0.005681,201212,0.005682,64852,0.005683,84920,0.005684,18538,0.005685,11600,0.005687,31600,0.005688,21751,0.006103,9952,0.006102,2549,0.006101,24106,0.006100,45312,0.006099,22358,0.006098,34888,0.006097,26946,0.006096,46533,0.006095,26663,0.006094,21237,0.006104,12372,0.006105,15501,0.006106,1639,0.006107,25278,0.006108,21906,0.006109,12616,0.006110,49357,0.006111,42244,0.006112,51194,0.006113,26219
gate,bybit,VANRYUSDT,0.005678,0.006103,7.485,1774056603940,0.005677,11600,0.005676,36547,0.005675,36764,0.005674,45957,0.005673,46194,0.005672,86961,0.005671,45782,0.00567,31600,0.005669,31600,0.005668,31600,0.005678,21209,0.005679,24897,0.00568,37979,0.005681,196314,0.005682,64852,0.005683,84920,0.005684,18538,0.005685,11600,0.005687,31600,0.005688,21751,0.006103,9952,0.006102,2549,0.006101,24106,0.006100,45312,0.006099,22358,0.006098,34888,0.006097,26946,0.006096,46533,0.006095,26663,0.006094,21237,0.006104,11243,0.006105,16883,0.006106,1639,0.006107,25278,0.006108,21906,0.006109,12616,0.006110,49357,0.006111,42244,0.006112,51194,0.006113,26219
gate,bybit,VANRYUSDT,0.005678,0.006103,7.485,1774056604240,0.005677,11600,0.005676,36547,0.005675,36764,0.005674,45957,0.005673,46194,0.005672,86961,0.005671,57657,0.00567,31600,0.005669,31600,0.005668,31600,0.005678,21209,0.005679,24897,0.00568,37979,0.005681,196314,0.005682,64852,0.005683,84920,0.005684,38538,0.005685,11600,0.005687,31600,0.005688,21751,0.006103,9952,0.006102,2549,0.006101,24106,0.006100,45312,0.006099,22358,0.006098,34888,0.006097,26946,0.006096,46533,0.006095,26663,0.006094,21237,0.006104,11243,0.006105,16883,0.006106,1639,0.006107,25278,0.006108,21906,0.006109,12616,0.006110,49357,0.006111,42244,0.006112,51194,0.006113,26219
gate,bybit,VANRYUSDT,0.005678,0.006103,7.485,1774056604540,0.005677,27756,0.005676,36547,0.005675,36764,0.005674,45957,0.005673,46194,0.005672,86961,0.005671,57657,0.00567,31600,0.005669,31600,0.005668,31600,0.005678,15926,0.005679,15158,0.00568,37979,0.005681,201139,0.005682,74591,0.005683,84920,0.005684,55029,0.005685,11600,0.005687,31600,0.005688,21751,0.006103,9952,0.006102,2549,0.006101,24106,0.006100,45312,0.006099,22358,0.006098,34888,0.006097,26946,0.006096,46533,0.006095,26663,0.006094,21237,0.006104,11243,0.006105,16883,0.006106,1639,0.006107,25278,0.006108,21906,0.006109,12616,0.006110,49357,0.006111,42244,0.006112,51194,0.006113,26219
gate,bybit,VANRYUSDT,0.005678,0.006103,7.485,1774056604842,0.005677,27756,0.005676,36547,0.005675,36764,0.005674,45957,0.005673,46194,0.005672,86961,0.005671,57657,0.00567,31600,0.005669,31600,0.005668,31600,0.005678,16781,0.005679,55360,0.00568,37979,0.005681,222348,0.005682,74591,0.005683,84920,0.005684,54146,0.005685,11600,0.005687,31600,0.005688,21751,0.006103,9952,0.006102,2549,0.006101,24106,0.006100,45312,0.006099,22358,0.006098,34888,0.006097,26946,0.006096,46533,0.006095,26663,0.006094,21237,0.006104,11243,0.006105,16883,0.006106,1639,0.006107,25278,0.006108,21906,0.006109,12616,0.006110,49357,0.006111,42244,0.006112,51194,0.006113,26219
gate,bybit,VANRYUSDT,0.005678,0.006103,7.485,1774056605143,0.005677,27756,0.005676,36547,0.005675,36764,0.005674,45957,0.005673,46194,0.005672,86961,0.005671,57657,0.00567,31600,0.005669,31600,0.005668,31600,0.005678,16781,0.005679,55360,0.00568,37979,0.005681,222348,0.005682,74591,0.005683,84920,0.005684,54146,0.005685,11600,0.005687,31600,0.005688,21751,0.006103,9952,0.006102,2549,0.006101,24106,0.006100,45312,0.006099,22358,0.006098,34888,0.006097,26946,0.006096,46533,0.006095,26663,0.006094,21237,0.006104,11243,0.006105,16883,0.006106,1639,0.006107,25278,0.006108,21906,0.006109,12616,0.006110,49357,0.006111,42244,0.006112,51194,0.006113,26219
gate,bybit,VANRYUSDT,0.005678,0.006103,7.485,1774056605443,0.005677,11600,0.005676,36547,0.005675,36764,0.005674,45957,0.005673,46194,0.005672,86961,0.005671,57657,0.00567,31600,0.005669,31600,0.005668,31600,0.005678,19397,0.005679,55360,0.00568,37979,0.005681,233866,0.005682,74591,0.005683,84920,0.005684,38538,0.005685,11600,0.005687,31600,0.005688,21751,0.006103,9952,0.006102,2549,0.006101,24106,0.006100,45312,0.006099,22358,0.006098,34888,0.006097,26946,0.006096,46533,0.006095,26663,0.006094,21237,0.006104,11243,0.006105,16883,0.006106,1639,0.006107,25278,0.006108,21906,0.006109,12616,0.006110,49357,0.006111,42244,0.006112,51194,0.006113,26219
gate,bybit,VANRYUSDT,0.005678,0.006103,7.485,1774056605744,0.005677,11600,0.005676,36547,0.005675,36764,0.005674,45957,0.005673,46194,0.005672,86961,0.005671,57657,0.00567,31600,0.005669,31600,0.005668,31600,0.005678,21179,0.005679,64834,0.00568,23747,0.005681,228535,0.005682,83987,0.005683,84920,0.005684,53622,0.005685,11600,0.005687,31600,0.005688,21751,0.006103,9952,0.006102,2549,0.006101,24106,0.006100,45312,0.006099,22358,0.006098,34888,0.006097,26946,0.006096,46533,0.006095,26663,0.006094,21237,0.006104,11243,0.006105,16883,0.006106,1639,0.006107,25278,0.006108,21906,0.006109,12616,0.006110,49357,0.006111,42244,0.006112,51194,0.006113,26219
gate,bybit,VANRYUSDT,0.005678,0.006103,7.485,1774056606055,0.005677,11600,0.005676,36547,0.005675,36764,0.005674,45957,0.005673,46194,0.005672,86961,0.005671,57657,0.00567,31600,0.005669,31600,0.005668,31600,0.005678,21179,0.005679,64834,0.00568,23747,0.005681,228535,0.005682,83987,0.005683,84920,0.005684,53622,0.005685,11600,0.005687,31600,0.005688,21751,0.006103,9952,0.006102,2549,0.006101,24106,0.006100,45312,0.006099,22358,0.006098,34888,0.006097,26946,0.006096,46533,0.006095,26663,0.006094,21237,0.006104,11243,0.006105,16883,0.006106,1639,0.006107,25278,0.006108,21906,0.006109,12616,0.006110,49357,0.006111,42244,0.006112,51194,0.006113,26219
gate,bybit,VANRYUSDT,0.005678,0.006103,7.485,1774056606364,0.005677,26760,0.005676,36547,0.005675,36764,0.005674,45957,0.005673,46194,0.005672,86961,0.005671,57657,0.00567,31600,0.005669,31600,0.005668,11600,0.005678,21179,0.005679,64834,0.00568,23747,0.005681,228535,0.005682,83987,0.005683,84920,0.005684,53622,0.005685,11600,0.005687,31600,0.005688,21751,0.006103,9952,0.006102,2549,0.006101,24106,0.006100,45312,0.006099,22358,0.006098,34888,0.006097,26946,0.006096,46533,0.006095,26663,0.006094,21237,0.006104,11243,0.006105,16883,0.006106,1639,0.006107,25278,0.006108,21906,0.006109,12616,0.006110,49357,0.006111,42244,0.006112,51194,0.006113,26219
gate,bybit,VANRYUSDT,0.005678,0.006103,7.485,1774056606672,0.005677,26714,0.005676,36547,0.005675,36764,0.005674,45957,0.005673,46194,0.005672,86699,0.005671,57657,0.00567,31600,0.005669,31600,0.005668,11600,0.005679,60143,0.00568,33138,0.005681,258785,0.005682,91724,0.005683,84589,0.005684,63173,0.005685,11600,0.005687,31600,0.005688,21751,0.005719,11600,0.006103,9952,0.006102,2549,0.006101,24106,0.006100,45312,0.006099,22358,0.006098,34888,0.006097,26946,0.006096,46533,0.006095,26663,0.006094,21237,0.006104,11243,0.006105,16883,0.006106,1639,0.006107,25278,0.006108,21906,0.006109,12616,0.006110,49357,0.006111,42244,0.006112,51194,0.006113,26219
gate,bybit,VANRYUSDT,0.005678,0.006103,7.485,1774056606973,0.005677,11600,0.005676,36547,0.005675,36764,0.005674,45957,0.005673,46194,0.005672,86699,0.005671,57657,0.00567,31600,0.005669,31600,0.005668,11600,0.005678,15899,0.005679,60143,0.00568,33138,0.005681,258785,0.005682,67089,0.005683,84587,0.005684,63173,0.005685,11600,0.005687,31600,0.005688,21751,0.006103,9952,0.006102,2549,0.006101,24106,0.006100,45312,0.006099,22358,0.006098,34888,0.006097,26946,0.006096,46533,0.006095,26663,0.006094,21237,0.006104,11243,0.006105,16883,0.006106,1639,0.006107,25278,0.006108,21906,0.006109,12616,0.006110,49357,0.006111,42244,0.006112,51194,0.006113,26219
gate,bybit,VANRYUSDT,0.005678,0.006103,7.485,1774056607273,0.005677,26041,0.005676,36547,0.005675,36764,0.005674,45957,0.005673,46194,0.005672,86699,0.005671,57657,0.00567,31600,0.005669,31600,0.005668,11600,0.005678,15944,0.005679,60143,0.00568,33138,0.005681,258785,0.005682,67089,0.005683,84587,0.005684,63173,0.005685,11600,0.005687,31600,0.005688,21751,0.006103,9952,0.006102,2549,0.006101,24106,0.006100,45312,0.006099,22358,0.006098,34888,0.006097,26946,0.006096,46533,0.006095,26663,0.006094,21237,0.006104,11243,0.006105,16883,0.006106,1639,0.006107,25278,0.006108,21906,0.006109,12616,0.006110,49357,0.006111,42244,0.006112,51194,0.006113,26219
gate,bybit,VANRYUSDT,0.005679,0.006103,7.4661,1774056607574,0.005677,26041,0.005676,36547,0.005675,36764,0.005674,45957,0.005673,46194,0.005672,86699,0.005671,57657,0.00567,31600,0.005669,31600,0.005668,11600,0.005679,62550,0.00568,33138,0.005681,267383,0.005682,91724,0.005683,77151,0.005684,63173,0.005685,11600,0.005687,31600,0.005688,21751,0.005719,11600,0.006103,9952,0.006102,2549,0.006101,24106,0.006100,45312,0.006099,22358,0.006098,34888,0.006097,26946,0.006096,46533,0.006095,26663,0.006094,21237,0.006104,11243,0.006105,16883,0.006106,1639,0.006107,25278,0.006108,21906,0.006109,12616,0.006110,49357,0.006111,42244,0.006112,51194,0.006113,26219
gate,bybit,VANRYUSDT,0.005679,0.006103,7.4661,1774056607874,0.005677,26041,0.005676,36547,0.005675,36764,0.005674,45957,0.005673,46194,0.005672,86699,0.005671,57657,0.00567,31600,0.005669,31600,0.005668,11600,0.005679,62550,0.00568,33138,0.005681,267383,0.005682,91724,0.005683,77151,0.005684,63173,0.005685,11600,0.005687,31600,0.005688,21751,0.005719,11600,0.006103,9952,0.006102,2549,0.006101,24106,0.006100,45312,0.006099,22358,0.006098,34888,0.006097,26946,0.006096,46533,0.006095,26663,0.006094,21237,0.006104,11243,0.006105,16883,0.006106,1639,0.006107,25278,0.006108,21906,0.006109,12616,0.006110,49357,0.006111,42244,0.006112,51194,0.006113,26219
gate,bybit,VANRYUSDT,0.005679,0.006103,7.4661,1774056608175,0.005677,26041,0.005676,36547,0.005675,36764,0.005674,45957,0.005673,46194,0.005672,86699,0.005671,57657,0.00567,31600,0.005669,31600,0.005668,11600,0.005679,62550,0.00568,33138,0.005681,267383,0.005682,67089,0.005683,77151,0.005684,63173,0.005685,11600,0.005687,31600,0.005688,21751,0.005719,11600,0.006103,19888,0.006102,2549,0.006101,24106,0.006100,45312,0.006099,22358,0.006098,34888,0.006097,26946,0.006096,46533,0.006095,26663,0.006094,21237,0.006104,11243,0.006105,16883,0.006106,1639,0.006107,23777,0.006108,21906,0.006109,12616,0.006110,49357,0.006111,42244,0.006112,51194,0.006113,26219
gate,bybit,VANRYUSDT,0.005679,0.006103,7.4661,1774056608479,0.005677,26041,0.005676,36547,0.005675,36764,0.005674,45957,0.005673,46194,0.005672,86699,0.005671,57657,0.00567,31600,0.005669,31600,0.005666,11600,0.005679,62550,0.00568,33138,0.005681,267383,0.005682,67089,0.005683,77151,0.005684,63173,0.005685,11600,0.005687,31600,0.005688,21751,0.005719,11600,0.006103,33136,0.006102,2549,0.006101,24106,0.006100,45312,0.006099,22358,0.006098,34888,0.006097,26946,0.006096,46533,0.006095,26663,0.006094,21237,0.006104,11243,0.006105,6101,0.006106,1639,0.006107,23777,0.006108,21906,0.006109,12616,0.006110,49357,0.006111,42244,0.006112,51194,0.006113,26219
gate,bybit,VANRYUSDT,0.005679,0.006103,7.4661,1774056608779,0.005677,26041,0.005676,36547,0.005675,36764,0.005674,45957,0.005673,46194,0.005672,86707,0.005671,57657,0.00567,31600,0.005669,31600,0.005666,11600,0.005679,47145,0.00568,33138,0.005681,267383,0.005682,76071,0.005683,84597,0.005684,63181,0.005685,11600,0.005687,31600,0.005688,21751,0.005719,11600,0.006103,33136,0.006102,2549,0.006101,24106,0.006100,45312,0.006099,22358,0.006098,34888,0.006097,26946,0.006096,46533,0.006095,26663,0.006094,21237,0.006104,22315,0.006105,6101,0.006106,1639,0.006107,23777,0.006108,21906,0.006109,12616,0.006110,49357,0.006111,42244,0.006112,51194,0.006113,26219
gate,bybit,VANRYUSDT,0.005679,0.006103,7.4661,1774056609079,0.005677,26041,0.005676,36547,0.005675,36764,0.005674,45957,0.005673,46194,0.005672,86707,0.005671,57657,0.00567,31600,0.005669,11600,0.005667,20000,0.005679,47145,0.00568,33138,0.005681,267383,0.005682,76071,0.005683,84597,0.005684,63181,0.005685,11600,0.005687,31600,0.005688,21751,0.005719,11600,0.006103,33136,0.006102,2549,0.006101,24106,0.006100,45312,0.006099,22358,0.006098,34888,0.006097,26946,0.006096,46533,0.006095,26663,0.006094,21237,0.006104,22315,0.006105,6101,0.006106,1639,0.006107,23777,0.006108,21906,0.006109,12616,0.006110,49357,0.006111,42244,0.006112,51194,0.006113,26219
gate,bybit,VANRYUSDT,0.005679,0.006103,7.4661,1774056609381,0.005677,26041,0.005676,36547,0.005675,36764,0.005674,45957,0.005673,46194,0.005672,86707,0.005671,57657,0.00567,31600,0.005669,11600,0.005667,20000,0.005679,47145,0.00568,33138,0.005681,267383,0.005682,76071,0.005683,84597,0.005684,63181,0.005685,11600,0.005687,31600,0.005688,21751,0.005719,11600,0.006103,33136,0.006102,2549,0.006101,24106,0.006100,45312,0.006099,22358,0.006098,34888,0.006097,26946,0.006096,46533,0.006095,26663,0.006094,21237,0.006104,22315,0.006105,6101,0.006106,1639,0.006107,23777,0.006108,21906,0.006109,12616,0.006110,49357,0.006111,42244,0.006112,51194,0.006113,26219
gate,bybit,VANRYUSDT,0.005679,0.006103,7.4661,1774056609681,0.005677,26041,0.005676,36547,0.005675,36764,0.005674,45957,0.005673,46194,0.005672,86707,0.005671,57657,0.00567,31600,0.005669,11600,0.005667,20000,0.005679,37220,0.00568,33138,0.005681,267383,0.005682,76071,0.005683,84597,0.005684,63181,0.005685,11600,0.005687,31600,0.005688,21751,0.005719,11600,0.006103,33136,0.006102,2549,0.006101,24106,0.006100,45312,0.006099,22358,0.006098,34888,0.006097,26946,0.006096,46533,0.006095,26663,0.006094,21237,0.006104,22315,0.006105,6101,0.006106,1639,0.006107,23777,0.006108,21906,0.006109,12616,0.006110,49357,0.006111,42244,0.006112,51194,0.006113,26219
gate,bybit,VANRYUSDT,0.005679,0.006103,7.4661,1774056609981,0.005677,26041,0.005676,36547,0.005675,36764,0.005674,45957,0.005673,46194,0.005672,86707,0.005671,57657,0.00567,31600,0.005669,11600,0.005667,20000,0.005679,35716,0.00568,33138,0.005681,267383,0.005682,85996,0.005683,84597,0.005684,63181,0.005685,11600,0.005687,31600,0.005688,21751,0.005719,11600,0.006103,33136,0.006102,2549,0.006101,24106,0.006100,45312,0.006099,22358,0.006098,34888,0.006097,26946,0.006096,46533,0.006095,26663,0.006094,21237,0.006104,22315,0.006105,6101,0.006106,1639,0.006107,23777,0.006108,21906,0.006109,12616,0.006110,49357,0.006111,42244,0.006112,51194,0.006113,26219
gate,bybit,VANRYUSDT,0.005679,0.006103,7.4661,1774056610282,0.005677,26041,0.005676,36547,0.005675,36764,0.005674,45957,0.005673,46194,0.005672,86707,0.005671,57657,0.00567,31600,0.005669,11600,0.005667,20000,0.005679,35716,0.00568,33138,0.005681,267383,0.005682,85996,0.005683,84597,0.005684,63181,0.005685,11600,0.005687,31600,0.005688,21751,0.005719,11600,0.006103,26512,0.006102,2549,0.006101,24106,0.006100,45312,0.006099,22358,0.006098,34888,0.006097,26946,0.006096,46533,0.006095,26663,0.006094,21237,0.006104,22315,0.006105,6101,0.006106,1639,0.006107,23777,0.006108,21906,0.006109,12616,0.006110,49357,0.006111,42244,0.006112,51194,0.006113,26219
gate,bybit,VANRYUSDT,0.005679,0.006103,7.4661,1774056610582,0.005677,26041,0.005676,36547,0.005675,36764,0.005674,45957,0.005673,46194,0.005672,86707,0.005671,57657,0.00567,31600,0.005669,11600,0.005667,20000,0.005679,35716,0.00568,33138,0.005681,267383,0.005682,85996,0.005683,84597,0.005684,63181,0.005685,11600,0.005687,31600,0.005688,21751,0.005719,11600,0.006103,13264,0.006102,2549,0.006101,24106,0.006100,45312,0.006099,22358,0.006098,34888,0.006097,26946,0.006096,46533,0.006095,26663,0.006094,21237,0.006104,22315,0.006105,6101,0.006106,1639,0.006107,23777,0.006108,21906,0.006109,12616,0.006110,49357,0.006111,42244,0.006112,51194,0.006113,26219
gate,bybit,VANRYUSDT,0.005679,0.006103,7.4661,1774056610882,0.005677,26041,0.005676,36547,0.005675,36764,0.005674,45957,0.005673,46194,0.005672,82496,0.005671,57657,0.00567,31600,0.005669,11600,0.005667,20000,0.005679,23134,0.00568,33138,0.005681,267383,0.005682,95950,0.005683,84597,0.005684,63181,0.005685,32018,0.005687,31600,0.005688,21751,0.005719,11600,0.006103,13264,0.006102,2549,0.006101,24106,0.006100,45312,0.006099,22358,0.006098,34888,0.006097,26946,0.006096,46533,0.006095,26663,0.006094,21237,0.006104,22315,0.006105,6101,0.006106,1639,0.006107,23777,0.006108,21906,0.006109,12616,0.006110,49357,0.006111,42244,0.006112,51194,0.006113,26219
gate,bybit,VANRYUSDT,0.005679,0.006103,7.4661,1774056611182,0.005677,26041,0.005676,36547,0.005675,36764,0.005674,45957,0.005673,46194,0.005672,82496,0.005671,57657,0.00567,31600,0.005669,11600,0.005667,20000,0.005679,23134,0.00568,33138,0.005681,267383,0.005682,95950,0.005683,84597,0.005684,63181,0.005685,32018,0.005687,31600,0.005688,21751,0.005719,11600,0.006103,13264,0.006102,2549,0.006101,24106,0.006100,45312,0.006099,22358,0.006098,34888,0.006097,26946,0.006096,46533,0.006095,26663,0.006094,21237,0.006104,22315,0.006105,6101,0.006106,1639,0.006107,23777,0.006108,21906,0.006109,12616,0.006110,49357,0.006111,42244,0.006112,51194,0.006113,26219
gate,bybit,VANRYUSDT,0.005679,0.006103,7.4661,1774056611482,0.005677,26041,0.005676,36547,0.005675,36764,0.005674,45957,0.005673,46194,0.005672,82496,0.005671,57657,0.00567,31600,0.005669,11600,0.005667,31600,0.005679,23134,0.00568,33138,0.005681,267383,0.005682,95950,0.005683,84597,0.005684,63181,0.005685,11600,0.005687,31600,0.005688,21751,0.005719,11600,0.006103,13264,0.006102,2549,0.006101,24106,0.006100,45312,0.006099,22358,0.006098,34888,0.006097,26946,0.006096,46533,0.006095,26663,0.006094,21237,0.006104,22315,0.006105,6101,0.006106,1639,0.006107,23777,0.006108,21906,0.006109,12616,0.006110,49357,0.006111,42244,0.006112,51194,0.006113,26219
gate,bybit,VANRYUSDT,0.00568,0.006103,7.4472,1774056611782,0.005677,26041,0.005676,36547,0.005675,36764,0.005674,45957,0.005673,46194,0.005672,82496,0.005671,57657,0.00567,31600,0.005669,11600,0.005667,31600,0.005679,23134,0.00568,33138,0.005681,267383,0.005682,113318,0.005683,84597,0.005684,63181,0.005685,11600,0.005687,31600,0.005688,21751,0.005719,11600,0.006103,29824,0.006102,2549,0.006101,24106,0.006100,45312,0.006099,22358,0.006098,34888,0.006097,26946,0.006096,46533,0.006095,26663,0.006094,21237,0.006104,22315,0.006105,6101,0.006106,1639,0.006107,23777,0.006108,21906,0.006109,12616,0.006110,49357,0.006111,42244,0.006112,51194,0.006113,26219
gate,bybit,VANRYUSDT,0.005679,0.006103,7.4661,1774056612083,0.005677,26041,0.005676,36547,0.005675,36764,0.005674,45957,0.005673,46194,0.005672,83842,0.005671,57657,0.00567,31600,0.005669,11600,0.005668,31600,0.005679,14566,0.00568,33138,0.005681,267383,0.005682,105796,0.005683,83772,0.005684,63181,0.005685,35751,0.005687,31600,0.005688,21751,0.005719,11600,0.006103,13264,0.006102,2549,0.006101,24106,0.006100,45312,0.006099,22358,0.006098,34888,0.006097,26946,0.006096,46533,0.006095,26663,0.006094,21237,0.006104,25395,0.006105,3021,0.006106,1639,0.006107,23777,0.006108,21906,0.006109,12616,0.006110,49357,0.006111,42244,0.006112,51194,0.006113,26219
gate,bybit,VANRYUSDT,0.005679,0.006103,7.4661,1774056612383,0.005677,26041,0.005676,36547,0.005675,36764,0.005674,45957,0.005673,46194,0.005672,83842,0.005671,57657,0.00567,31600,0.005669,11600,0.005668,31600,0.005679,14566,0.00568,33138,0.005681,267383,0.005682,105796,0.005683,83772,0.005684,63181,0.005685,11600,0.005687,31600,0.005688,21751,0.005719,11600,0.006103,13264,0.006102,2549,0.006101,24106,0.006100,45312,0.006099,22358,0.006098,34888,0.006097,26946,0.006096,46533,0.006095,26663,0.006094,21237,0.006104,25395,0.006105,3021,0.006106,1639,0.006107,23777,0.006108,21906,0.006109,12616,0.006110,49357,0.006111,42244,0.006112,51194,0.006113,26219
gate,bybit,VANRYUSDT,0.005678,0.006103,7.485,1774056612683,0.005677,11600,0.005676,28596,0.005675,36764,0.005674,45957,0.005673,46194,0.005672,83842,0.005671,57657,0.00567,31600,0.005669,11600,0.005668,31600,0.005678,15793,0.005679,14566,0.00568,33138,0.005681,267383,0.005682,105796,0.005683,83772,0.005684,55872,0.005685,11600,0.005687,31600,0.005688,21751,0.006103,13264,0.006102,2549,0.006101,5746,0.006100,30559,0.006099,22358,0.006098,34888,0.006097,26946,0.006096,46533,0.006095,26663,0.006094,21237,0.006104,25395,0.006105,3021,0.006106,3140,0.006107,23777,0.006108,21906,0.006109,20828,0.006110,49357,0.006111,42244,0.006112,51194,0.006113,26219
gate,bybit,VANRYUSDT,0.005679,0.006103,7.4661,1774056612983,0.005677,26720,0.005676,28596,0.005675,36764,0.005674,45957,0.005673,46194,0.005672,86758,0.005671,57657,0.00567,31600,0.005669,31600,0.005668,31600,0.005679,24694,0.00568,33138,0.005681,275813,0.005682,105796,0.005683,84648,0.005684,63232,0.005685,11600,0.005687,31600,0.005688,21751,0.005719,11600,0.006103,13264,0.006102,2549,0.006101,5746,0.006100,30559,0.006099,22358,0.006098,34888,0.006097,26946,0.006096,46533,0.006095,26663,0.006094,21237,0.006104,25395,0.006105,3021,0.006106,3140,0.006107,23777,0.006108,21906,0.006109,20828,0.006110,49357,0.006111,42244,0.006112,51194,0.006113,26219
gate,bybit,VANRYUSDT,0.005678,0.006102,7.4674,1774056613284,0.005677,26720,0.005676,28596,0.005675,36764,0.005674,45957,0.005673,46194,0.005672,86758,0.005671,57657,0.00567,31600,0.005669,31600,0.005668,31600,0.005679,24694,0.00568,33138,0.005681,275813,0.005682,105796,0.005683,84648,0.005684,63232,0.005685,11600,0.005687,31600,0.005688,21751,0.005719,11600,0.006102,5728,0.006101,1640,0.006100,11628,0.006099,16276,0.006098,34888,0.006097,26946,0.006096,46533,0.006095,26663,0.006094,21237,0.006093,20327,0.006103,41376,0.006104,18854,0.006105,3021,0.006106,14384,0.006107,19850,0.006108,21906,0.006109,20828,0.006110,32527,0.006111,42244,0.006112,51194
gate,bybit,VANRYUSDT,0.005678,0.006101,7.4498,1774056613584,0.005677,17943,0.005676,36251,0.005675,36764,0.005674,25957,0.005673,46194,0.005672,86758,0.005671,57657,0.00567,45991,0.005669,31600,0.005668,31600,0.005679,24694,0.00568,44738,0.005681,275813,0.005682,105796,0.005683,59954,0.005684,57244,0.005685,11600,0.005687,31600,0.005688,21751,0.005719,11600,0.006101,11556,0.006100,12707,0.006099,5726,0.006098,38806,0.006097,26946,0.006096,46533,0.006095,36663,0.006094,21237,0.006093,20327,0.006092,12878,0.006102,8180,0.006103,19692,0.006104,18854,0.006105,15766,0.006106,17773,0.006107,16721,0.006108,21906,0.006109,30828,0.006110,32527,0.006111,42244
gate,bybit,VANRYUSDT,0.005678,0.006101,7.4498,1774056613884,0.005676,36251,0.005675,36764,0.005674,25957,0.005673,46194,0.005672,86758,0.005671,57657,0.00567,45991,0.005669,31600,0.005668,31600,0.005667,11600,0.005678,23902,0.005679,24694,0.00568,44738,0.005681,275813,0.005682,105796,0.005683,84656,0.005684,52720,0.005685,11600,0.005687,31600,0.005688,21751,0.006101,11556,0.006100,12707,0.006099,5726,0.006098,38806,0.006097,26946,0.006096,46533,0.006095,36663,0.006094,21237,0.006093,20327,0.006092,12878,0.006102,8180,0.006103,19692,0.006104,18854,0.006105,15766,0.006106,17773,0.006107,16721,0.006108,21906,0.006109,30828,0.006110,32527,0.006111,42244
gate,bybit,VANRYUSDT,0.00568,0.006101,7.412,1774056614184,0.005676,36251,0.005675,36764,0.005674,25957,0.005673,46194,0.005672,86758,0.005671,57657,0.00567,31600,0.005669,31600,0.005668,31600,0.005667,11600,0.00568,44738,0.005681,304636,0.005682,105796,0.005683,59954,0.005684,38538,0.005685,11600,0.005687,11600,0.005688,21751,0.005719,11600,0.00572,580,0.006101,12499,0.006100,12707,0.006099,5726,0.006098,38806,0.006097,26946,0.006096,46533,0.006095,36663,0.006094,21237,0.006093,20327,0.006092,12878,0.006102,8180,0.006103,19692,0.006104,18854,0.006105,15766,0.006106,17773,0.006107,16721,0.006108,51239,0.006109,30828,0.006110,32527,0.006111,42244
gate,bybit,VANRYUSDT,0.005678,0.006101,7.4498,1774056614485,0.005676,36251,0.005675,36764,0.005674,25957,0.005673,46194,0.005672,86758,0.005671,57657,0.00567,31600,0.005669,31600,0.005668,31600,0.005664,11600,0.005679,24651,0.00568,44738,0.005681,304636,0.005682,105796,0.005683,59954,0.005684,38538,0.005687,11600,0.005688,21751,0.005719,11600,0.00572,580,0.006101,12499,0.006100,12707,0.006099,5726,0.006098,38806,0.006097,26946,0.006096,46533,0.006095,36663,0.006094,21237,0.006093,20327,0.006092,12878,0.006102,8180,0.006103,19692,0.006104,18854,0.006105,15766,0.006106,17773,0.006107,16721,0.006108,51239,0.006109,30828,0.006110,32527,0.006111,42244
gate,bybit,VANRYUSDT,0.005678,0.006101,7.4498,1774056614785,0.005676,36251,0.005675,36764,0.005674,25957,0.005673,46194,0.005672,86758,0.005671,57657,0.00567,31600,0.005669,31600,0.005668,31600,0.005664,11600,0.005678,24604,0.005679,24651,0.00568,44738,0.005681,304636,0.005682,105796,0.005683,59954,0.005684,53631,0.005687,11600,0.005688,21751,0.005719,11600,0.006101,12499,0.006100,12707,0.006099,5726,0.006098,38806,0.006097,26946,0.006096,46533,0.006095,36663,0.006094,21237,0.006093,20327,0.006092,12878,0.006102,8180,0.006103,19692,0.006104,18854,0.006105,15766,0.006106,17773,0.006107,16721,0.006108,51239,0.006109,30828,0.006110,32527,0.006111,42244
gate,bybit,VANRYUSDT,0.005679,0.006101,7.4309,1774056615085,0.005676,36251,0.005675,36764,0.005674,25957,0.005673,46194,0.005672,86758,0.005671,57657,0.00567,31600,0.005669,31600,0.005668,11600,0.005665,20000,0.005678,14650,0.005679,24651,0.00568,44738,0.005681,314561,0.005682,105796,0.005683,80781,0.005684,18538,0.005687,11600,0.005688,21751,0.005719,11600,0.006101,12499,0.006100,12707,0.006099,5726,0.006098,38806,0.006097,26946,0.006096,46533,0.006095,36663,0.006094,21237,0.006093,20327,0.006092,12878,0.006102,8180,0.006103,19692,0.006104,18854,0.006105,15766,0.006106,17773,0.006107,16721,0.006108,51239,0.006109,30828,0.006110,32527,0.006111,42244
gate,bybit,VANRYUSDT,0.005679,0.006101,7.4309,1774056615385,0.005676,36251,0.005675,36764,0.005674,25957,0.005673,46194,0.005672,86758,0.005671,57657,0.00567,31600,0.005669,31600,0.005668,11600,0.005665,20000,0.005679,24651,0.00568,44738,0.005681,314561,0.005682,105796,0.005683,59954,0.005684,32610,0.005687,11600,0.005688,21751,0.005719,11600,0.00572,580,0.006101,12499,0.006100,12707,0.006099,5726,0.006098,38806,0.006097,26946,0.006096,46533,0.006095,36663,0.006094,21237,0.006093,20327,0.006092,12878,0.006102,8180,0.006103,19692,0.006104,18854,0.006105,15766,0.006106,17773,0.006107,16721,0.006108,51239,0.006109,30828,0.006110,32527,0.006111,42244
gate,bybit,VANRYUSDT,0.005678,0.006101,7.4498,1774056615685,0.005676,36251,0.005675,36764,0.005674,25957,0.005673,46194,0.005672,86758,0.005671,57657,0.00567,31600,0.005669,31600,0.005668,11600,0.005665,20000,0.005678,16431,0.005679,24651,0.00568,44738,0.005681,314561,0.005682,105796,0.005683,77396,0.005684,32610,0.005687,11600,0.005688,21751,0.005719,11600,0.006101,12499,0.006100,12707,0.006099,5726,0.006098,38806,0.006097,26946,0.006096,46533,0.006095,36663,0.006094,21237,0.006093,20327,0.006092,12878,0.006102,8180,0.006103,19692,0.006104,18854,0.006105,15766,0.006106,17773,0.006107,16721,0.006108,51239,0.006109,30828,0.006110,32527,0.006111,42244
gate,bybit,VANRYUSDT,0.005679,0.006101,7.4309,1774056615986,0.005677,15226,0.005676,36251,0.005675,36764,0.005674,25957,0.005673,46194,0.005672,86758,0.005671,57657,0.00567,31600,0.005669,31600,0.005668,11600,0.005679,24651,0.00568,44738,0.005681,314561,0.005682,105796,0.005683,59954,0.005684,32610,0.005687,11600,0.005688,21751,0.005719,11600,0.00572,580,0.006101,12499,0.006100,12707,0.006099,5726,0.006098,38806,0.006097,26946,0.006096,46533,0.006095,36663,0.006094,21237,0.006093,20327,0.006092,12878,0.006102,8180,0.006103,19692,0.006104,18854,0.006105,15766,0.006106,17773,0.006107,16721,0.006108,51239,0.006109,30828,0.006110,32527,0.006111,42244
gate,bybit,VANRYUSDT,0.005678,0.006101,7.4498,1774056616286,0.005676,36251,0.005675,36764,0.005674,25957,0.005673,46194,0.005672,77777,0.005671,57657,0.00567,31600,0.005669,31600,0.005668,11600,0.005665,20000,0.005678,15542,0.005679,24599,0.00568,44702,0.005681,343206,0.005682,105796,0.005683,84553,0.005684,18538,0.005687,11600,0.005688,21751,0.005719,11600,0.006101,12499,0.006100,12707,0.006099,5726,0.006098,38806,0.006097,26946,0.006096,46533,0.006095,36663,0.006094,21237,0.006093,20327,0.006092,12878,0.006102,8180,0.006103,19692,0.006104,18854,0.006105,15766,0.006106,17773,0.006107,16721,0.006108,51239,0.006109,30828,0.006110,32527,0.006111,42244
gate,bybit,VANRYUSDT,0.005678,0.006101,7.4498,1774056616586,0.005676,36251,0.005675,36764,0.005674,25957,0.005673,46194,0.005672,77777,0.005671,57657,0.00567,31600,0.005669,31600,0.005668,11600,0.005665,20000,0.005678,15542,0.005679,24599,0.00568,44702,0.005681,343206,0.005682,105796,0.005683,84553,0.005684,18538,0.005687,11600,0.005688,21751,0.005719,11600,0.006101,12499,0.006100,12707,0.006099,5726,0.006098,38806,0.006097,26946,0.006096,46533,0.006095,36663,0.006094,21237,0.006093,20327,0.006092,12878,0.006102,8180,0.006103,19692,0.006104,18854,0.006105,15766,0.006106,17773,0.006107,16721,0.006108,51239,0.006109,30828,0.006110,32527,0.006111,42244
gate,bybit,VANRYUSDT,0.005678,0.006101,7.4498,1774056616886,0.005677,17856,0.005676,36251,0.005675,36764,0.005674,25957,0.005673,46194,0.005672,77777,0.005671,57657,0.00567,31600,0.005669,31600,0.005668,11600,0.005679,24599,0.00568,64702,0.005681,323384,0.005682,105796,0.005683,59954,0.005684,18538,0.005687,11600,0.005688,21751,0.005719,11600,0.00572,580,0.006101,12499,0.006100,12707,0.006099,5726,0.006098,38806,0.006097,26946,0.006096,46533,0.006095,36663,0.006094,21237,0.006093,20327,0.006092,12878,0.006102,8180,0.006103,19692,0.006104,18854,0.006105,15766,0.006106,17773,0.006107,16721,0.006108,51239,0.006109,30828,0.006110,32527,0.006111,42244
gate,bybit,VANRYUSDT,0.005678,0.006101,7.4498,1774056617188,0.005677,18890,0.005676,36251,0.005675,36764,0.005674,25957,0.005673,46194,0.005672,77777,0.005671,57657,0.00567,31600,0.005669,31600,0.005668,11600,0.005679,16122,0.00568,64702,0.005681,323384,0.005682,105796,0.005683,59954,0.005684,18538,0.005687,11600,0.005688,21751,0.005719,11600,0.00572,580,0.006101,12499,0.006100,12707,0.006099,5726,0.006098,38806,0.006097,26946,0.006096,46533,0.006095,36663,0.006094,21237,0.006093,20327,0.006092,12878,0.006102,8180,0.006103,19692,0.006104,18854,0.006105,15766,0.006106,17773,0.006107,16721,0.006108,51239,0.006109,30828,0.006110,32527,0.006111,42244
gate,bybit,VANRYUSDT,0.005678,0.006101,7.4498,1774056617488,0.005677,18890,0.005676,36251,0.005675,25676,0.005674,25957,0.005673,46194,0.005672,77777,0.005671,57657,0.00567,31600,0.005669,31600,0.005668,11600,0.005679,24505,0.00568,64702,0.005681,323384,0.005682,114273,0.005683,76408,0.005684,36754,0.005687,11600,0.005688,21751,0.005719,11600,0.00572,580,0.006101,12499,0.006100,12707,0.006099,5726,0.006098,38806,0.006097,26946,0.006096,46533,0.006095,36663,0.006094,21237,0.006093,20327,0.006092,12878,0.006102,11455,0.006103,19692,0.006104,15791,0.006105,15766,0.006106,17773,0.006107,16721,0.006108,51239,0.006109,30828,0.006110,32527,0.006111,42244
gate,bybit,VANRYUSDT,0.005678,0.006101,7.4498,1774056617789,0.005676,36251,0.005675,25676,0.005674,25957,0.005673,46194,0.005672,77777,0.005671,57657,0.00567,31600,0.005669,31600,0.005668,11600,0.005665,20000,0.005678,17660,0.005679,24505,0.00568,220892,0.005681,323384,0.005682,114273,0.005683,59954,0.005684,33896,0.005687,11600,0.005688,21751,0.005719,11600,0.006101,12499,0.006100,12707,0.006099,5726,0.006098,38806,0.006097,26946,0.006096,46533,0.006095,36663,0.006094,21237,0.006093,20327,0.006092,12878,0.006102,11455,0.006103,19692,0.006104,15791,0.006105,15766,0.006106,17773,0.006107,16721,0.006108,51239,0.006109,30828,0.006110,32527,0.006111,42244
gate,bybit,VANRYUSDT,0.005678,0.006101,7.4498,1774056618089,0.005676,36251,0.005675,25676,0.005674,25957,0.005673,46194,0.005672,77777,0.005671,57657,0.00567,31600,0.005669,31600,0.005668,11600,0.005665,20000,0.005678,17660,0.005679,24505,0.00568,220892,0.005681,323384,0.005682,114273,0.005683,59954,0.005684,33896,0.005687,11600,0.005688,21751,0.005719,11600,0.006101,12499,0.006100,12707,0.006099,5726,0.006098,38806,0.006097,26946,0.006096,46533,0.006095,36663,0.006094,21237,0.006093,20327,0.006092,12878,0.006102,11455,0.006103,19692,0.006104,15791,0.006105,15766,0.006106,17773,0.006107,16721,0.006108,51239,0.006109,30828,0.006110,32527,0.006111,42244
gate,bybit,VANRYUSDT,0.005678,0.006101,7.4498,1774056618389,0.005676,11600,0.005675,11600,0.005674,25957,0.005673,46194,0.005672,77777,0.005671,57657,0.00567,53606,0.005669,31600,0.005668,11600,0.005665,20000,0.005678,22407,0.005679,24505,0.00568,220892,0.005681,323384,0.005682,114273,0.005683,31600,0.005684,18538,0.005687,11600,0.005688,21751,0.005719,11600,0.006101,2829,0.006100,9478,0.006099,9889,0.006098,37557,0.006097,24952,0.006096,46533,0.006095,32557,0.006094,21237,0.006093,20327,0.006092,12878,0.006102,19631,0.006103,19692,0.006104,25061,0.006105,22607,0.006106,25168,0.006107,24620,0.006108,51239,0.006109,30828,0.006110,32527,0.006111,42244
gate,bybit,VANRYUSDT,0.005678,0.006101,7.4498,1774056618689,0.005676,11600,0.005675,11600,0.005674,25957,0.005673,46194,0.005672,77777,0.005671,57657,0.00567,53606,0.005669,31600,0.005668,11600,0.005665,20000,0.005678,22407,0.005679,24505,0.00568,220892,0.005681,323384,0.005682,114273,0.005683,31600,0.005684,18538,0.005687,11600,0.005688,21751,0.005719,11600,0.006101,12141,0.006100,9478,0.006099,9889,0.006098,37557,0.006097,24952,0.006096,46533,0.006095,32557,0.006094,21237,0.006093,20327,0.006092,12878,0.006102,19631,0.006103,19692,0.006104,25061,0.006105,22607,0.006106,25168,0.006107,24620,0.006108,51239,0.006109,30828,0.006110,32527,0.006111,42244
gate,bybit,VANRYUSDT,0.005678,0.006101,7.4498,1774056618990,0.005676,14073,0.005675,35257,0.005674,25957,0.005673,26194,0.005672,47313,0.005671,45782,0.00567,53606,0.005669,31600,0.005668,11600,0.005665,20000,0.005678,22407,0.005679,36105,0.00568,220892,0.005681,323384,0.005682,114273,0.005683,11600,0.005684,18538,0.005687,11600,0.005688,21751,0.005719,11600,0.006101,12141,0.006100,9478,0.006099,9889,0.006098,37557,0.006097,24952,0.006096,46533,0.006095,32557,0.006094,21237,0.006093,20327,0.006092,12878,0.006102,19631,0.006103,19692,0.006104,25061,0.006105,22607,0.006106,25168,0.006107,24620,0.006108,51239,0.006109,30828,0.006110,32527,0.006111,42244
gate,bybit,VANRYUSDT,0.005678,0.006101,7.4498,1774056619290,0.005676,14073,0.005675,35257,0.005674,25957,0.005673,26194,0.005672,47313,0.005671,45782,0.00567,53606,0.005669,31600,0.005668,11600,0.005665,20000,0.005678,22407,0.005679,36105,0.00568,220892,0.005681,323384,0.005682,114273,0.005683,11600,0.005684,18538,0.005687,11600,0.005688,21751,0.005719,11600,0.006101,26490,0.006100,9478,0.006099,9889,0.006098,37557,0.006097,24952,0.006096,46533,0.006095,32557,0.006094,21237,0.006093,20327,0.006092,12878,0.006102,19631,0.006103,19692,0.006104,25061,0.006105,22607,0.006106,25168,0.006107,24620,0.006108,51239,0.006109,30828,0.006110,32527,0.006111,42244
gate,bybit,VANRYUSDT,0.005678,0.006101,7.4498,1774056619590,0.005676,14073,0.005675,35257,0.005674,25957,0.005673,26194,0.005672,47313,0.005671,45782,0.00567,53606,0.005669,31600,0.005668,11600,0.005665,20000,0.005678,42407,0.005679,36105,0.00568,220892,0.005681,323384,0.005682,114273,0.005683,11600,0.005684,18538,0.005687,11600,0.005688,21751,0.005719,11600,0.006101,26490,0.006100,9478,0.006099,9889,0.006098,37557,0.006097,24952,0.006096,46533,0.006095,32557,0.006094,21237,0.006093,20327,0.006092,12878,0.006102,19631,0.006103,19692,0.006104,25061,0.006105,22607,0.006106,25168,0.006107,24620,0.006108,51239,0.006109,30828,0.006110,32527,0.006111,42244
gate,bybit,VANRYUSDT,0.005677,0.006101,7.4687,1774056619890,0.005675,35257,0.005674,25957,0.005673,26194,0.005672,47313,0.005671,45782,0.00567,53606,0.005669,31600,0.005668,11600,0.005665,20000,0.005664,11600,0.005677,14569,0.005678,42407,0.005679,56105,0.00568,220892,0.005681,323384,0.005682,114273,0.005683,11600,0.005684,18538,0.005687,11600,0.005688,21751,0.006101,26490,0.006100,9478,0.006099,5726,0.006098,38089,0.006097,24952,0.006096,46533,0.006095,32557,0.006094,21237,0.006093,20327,0.006092,12878,0.006102,19631,0.006103,19692,0.006104,25061,0.006105,22607,0.006106,25168,0.006107,24620,0.006108,51239,0.006109,30828,0.006110,32527,0.006111,42244
gate,bybit,VANRYUSDT,0.005677,0.006101,7.4687,1774056620190,0.005675,35257,0.005674,25957,0.005673,26194,0.005672,47313,0.005671,45782,0.00567,53606,0.005669,31600,0.005668,11600,0.005665,20000,0.005664,11600,0.005677,14569,0.005678,42407,0.005679,56105,0.00568,220892,0.005681,323384,0.005682,114273,0.005683,11600,0.005684,18538,0.005687,11600,0.005688,21751,0.006101,26490,0.006100,9478,0.006099,5726,0.006098,38089,0.006097,24952,0.006096,46533,0.006095,32557,0.006094,21237,0.006093,20327,0.006092,12878,0.006102,19631,0.006103,19692,0.006104,25061,0.006105,22607,0.006106,25168,0.006107,24620,0.006108,51239,0.006109,30828,0.006110,32527,0.006111,42244
gate,bybit,VANRYUSDT,0.005678,0.006101,7.4498,1774056620490,0.005675,35257,0.005674,25957,0.005673,26194,0.005672,47313,0.005671,45782,0.00567,53606,0.005669,31600,0.005668,11600,0.005665,20000,0.005664,11600,0.005678,42407,0.005679,56105,0.00568,220892,0.005681,323384,0.005682,94273,0.005683,11600,0.005684,18538,0.005687,11600,0.005688,21751,0.005719,11600,0.006101,20962,0.006100,1640,0.006099,10330,0.006098,38089,0.006097,24952,0.006096,46533,0.006095,32557,0.006094,21237,0.006093,20327,0.006092,12878,0.006102,19631,0.006103,19692,0.006104,25061,0.006105,22607,0.006106,25168,0.006107,24620,0.006108,51239,0.006109,30828,0.006110,32527,0.006111,42244
gate,bybit,VANRYUSDT,0.005678,0.006101,7.4498,1774056620791,0.005676,17933,0.005675,35257,0.005674,25957,0.005673,26194,0.005672,47313,0.005671,45782,0.00567,53606,0.005669,31600,0.005668,11600,0.005665,20000,0.005678,42407,0.005679,56105,0.00568,220892,0.005681,323384,0.005682,94273,0.005683,11600,0.005684,18538,0.005687,11600,0.005688,21751,0.005719,11600,0.006101,20962,0.006100,1640,0.006099,10330,0.006098,38089,0.006097,24952,0.006096,46533,0.006095,32557,0.006094,21237,0.006093,20327,0.006092,12878,0.006102,19631,0.006103,19692,0.006104,25061,0.006105,22607,0.006106,25168,0.006107,24620,0.006108,51239,0.006109,30828,0.006110,32527,0.006111,42244
gate,bybit,VANRYUSDT,0.005678,0.006101,7.4498,1774056621091,0.005676,17933,0.005675,35257,0.005674,25957,0.005673,26194,0.005672,47313,0.005671,45782,0.00567,53606,0.005669,31600,0.005668,11600,0.005665,20000,0.005678,42407,0.005679,56105,0.00568,220892,0.005681,323384,0.005682,94273,0.005683,11600,0.005684,18538,0.005687,11600,0.005688,21751,0.005719,11600,0.006101,15104,0.006100,1640,0.006099,10330,0.006098,38089,0.006097,24952,0.006096,46533,0.006095,32557,0.006094,21237,0.006093,20327,0.006092,12878,0.006102,19631,0.006103,19692,0.006104,25061,0.006105,22607,0.006106,25168,0.006107,24620,0.006108,51239,0.006109,30828,0.006110,32527,0.006111,42244
gate,bybit,VANRYUSDT,0.005678,0.006101,7.4498,1774056621391,0.005676,17933,0.005675,35257,0.005674,25957,0.005673,26194,0.005672,47313,0.005671,45782,0.00567,53606,0.005669,31600,0.005668,11600,0.005665,20000,0.005678,42407,0.005679,56105,0.00568,220892,0.005681,323384,0.005682,94273,0.005683,11600,0.005684,18538,0.005687,11600,0.005688,21751,0.005719,11600,0.006101,15104,0.006100,1640,0.006099,10330,0.006098,38089,0.006097,24952,0.006096,46533,0.006095,32557,0.006094,21237,0.006093,20327,0.006092,12878,0.006102,19631,0.006103,19692,0.006104,25061,0.006105,22607,0.006106,25168,0.006107,24620,0.006108,51239,0.006109,30828,0.006110,32527,0.006111,42244
gate,bybit,VANRYUSDT,0.005678,0.006101,7.4498,1774056621691,0.005676,17933,0.005675,35257,0.005674,25957,0.005673,26194,0.005672,47313,0.005671,45782,0.00567,53606,0.005669,31600,0.005668,11600,0.005665,20000,0.005678,42407,0.005679,56105,0.00568,220892,0.005681,323384,0.005682,94273,0.005683,11600,0.005684,18538,0.005687,11600,0.005688,21751,0.005719,11600,0.006101,15104,0.006100,1640,0.006099,10330,0.006098,38089,0.006097,24952,0.006096,46533,0.006095,32557,0.006094,21237,0.006093,20327,0.006092,12878,0.006102,19631,0.006103,19692,0.006104,25061,0.006105,22607,0.006106,25168,0.006107,24620,0.006108,51239,0.006109,30828,0.006110,32527,0.006111,42244
gate,bybit,VANRYUSDT,0.005678,0.006101,7.4498,1774056621998,0.005676,17933,0.005675,35257,0.005674,25957,0.005673,26194,0.005672,47313,0.005671,45782,0.00567,53606,0.005669,31600,0.005668,11600,0.005665,20000,0.005678,42407,0.005679,56105,0.00568,220892,0.005681,323384,0.005682,94273,0.005683,11600,0.005684,18538,0.005687,11600,0.005688,21751,0.005719,11600,0.006101,15104,0.006100,1640,0.006099,10330,0.006098,38089,0.006097,24952,0.006096,46533,0.006095,32557,0.006094,21237,0.006093,20327,0.006092,12878,0.006102,19631,0.006103,19692,0.006104,25061,0.006105,22607,0.006106,25168,0.006107,24620,0.006108,51239,0.006109,30828,0.006110,32527,0.006111,42244
gate,bybit,VANRYUSDT,0.005678,0.006101,7.4498,1774056622305,0.005676,17933,0.005675,35257,0.005674,25957,0.005673,26194,0.005672,47313,0.005671,45782,0.00567,53606,0.005669,31600,0.005668,11600,0.005665,20000,0.005678,42407,0.005679,56105,0.00568,220892,0.005681,323384,0.005682,94273,0.005683,11600,0.005684,18538,0.005687,11600,0.005688,21751,0.005719,11600,0.006101,15104,0.006100,1640,0.006099,10330,0.006098,38089,0.006097,24952,0.006096,46533,0.006095,32557,0.006094,21237,0.006093,20327,0.006092,12878,0.006102,19631,0.006103,19692,0.006104,25061,0.006105,22607,0.006106,25168,0.006107,24620,0.006108,51239,0.006109,30828,0.006110,32527,0.006111,42244
gate,bybit,VANRYUSDT,0.005678,0.006101,7.4498,1774056622614,0.005676,17933,0.005675,35257,0.005674,25957,0.005673,26194,0.005672,47313,0.005671,45782,0.00567,53606,0.005669,31600,0.005668,11600,0.005665,20000,0.005678,42407,0.005679,56105,0.00568,220892,0.005681,323384,0.005682,94273,0.005683,11600,0.005684,18538,0.005687,11600,0.005688,21751,0.005719,11600,0.006101,15104,0.006100,1640,0.006099,10330,0.006098,38089,0.006097,24952,0.006096,46533,0.006095,32557,0.006094,21237,0.006093,20327,0.006092,12878,0.006102,19631,0.006103,19692,0.006104,25061,0.006105,22607,0.006106,25168,0.006107,24620,0.006108,51239,0.006109,30828,0.006110,32527,0.006111,42244
gate,bybit,VANRYUSDT,0.005678,0.006101,7.4498,1774056622918,0.005676,17933,0.005675,35257,0.005674,25957,0.005673,26194,0.005672,47313,0.005671,45782,0.00567,53606,0.005669,31600,0.005668,11600,0.005665,20000,0.005678,42407,0.005679,56105,0.00568,220892,0.005681,323384,0.005682,94273,0.005683,11600,0.005684,18538,0.005687,11600,0.005688,21751,0.005719,11600,0.006101,15104,0.006100,1640,0.006099,10330,0.006098,38089,0.006097,24952,0.006096,46533,0.006095,32557,0.006094,21237,0.006093,20327,0.006092,12878,0.006102,19631,0.006103,19692,0.006104,25061,0.006105,22607,0.006106,25168,0.006107,24620,0.006108,51239,0.006109,30828,0.006110,32527,0.006111,42244
gate,bybit,VANRYUSDT,0.005678,0.006101,7.4498,1774056623226,0.005676,17933,0.005675,35257,0.005674,25957,0.005673,26194,0.005672,47313,0.005671,45782,0.00567,53606,0.005669,31600,0.005668,11600,0.005665,20000,0.005678,42407,0.005679,56105,0.00568,220892,0.005681,323384,0.005682,94273,0.005683,11600,0.005684,18538,0.005687,11600,0.005688,21751,0.005719,11600,0.006101,15104,0.006100,1640,0.006099,10330,0.006098,38089,0.006097,24952,0.006096,46533,0.006095,32557,0.006094,21237,0.006093,20327,0.006092,12878,0.006102,19631,0.006103,19692,0.006104,25061,0.006105,22607,0.006106,25168,0.006107,24620,0.006108,51239,0.006109,30828,0.006110,32527,0.006111,42244
gate,bybit,VANRYUSDT,0.005678,0.006101,7.4498,1774056623532,0.005676,17933,0.005675,35257,0.005674,25957,0.005673,26194,0.005672,47313,0.005671,45782,0.00567,53606,0.005669,31600,0.005668,11600,0.005665,20000,0.005678,42407,0.005679,64419,0.00568,220892,0.005681,323384,0.005682,94273,0.005683,11600,0.005684,18538,0.005687,11600,0.005688,21751,0.005719,11600,0.006101,15104,0.006100,1640,0.006099,10330,0.006098,38089,0.006097,24952,0.006096,46533,0.006095,32557,0.006094,21237,0.006093,20327,0.006092,12878,0.006102,19631,0.006103,19692,0.006104,25061,0.006105,22607,0.006106,25168,0.006107,24620,0.006108,51239,0.006109,30828,0.006110,32527,0.006111,42244
gate,bybit,VANRYUSDT,0.005678,0.006101,7.4498,1774056623832,0.005676,17933,0.005675,35257,0.005674,25957,0.005673,26194,0.005672,47313,0.005671,45782,0.00567,53606,0.005669,31600,0.005668,11600,0.005665,20000,0.005678,42407,0.005679,64419,0.00568,220892,0.005681,323384,0.005682,94273,0.005683,11600,0.005684,18538,0.005687,11600,0.005688,21751,0.005719,11600,0.006101,15104,0.006100,1640,0.006099,10330,0.006098,38089,0.006097,24952,0.006096,46533,0.006095,32557,0.006094,21237,0.006093,20327,0.006092,12878,0.006102,19631,0.006103,19692,0.006104,25061,0.006105,22607,0.006106,25168,0.006107,24620,0.006108,51239,0.006109,30828,0.006110,32527,0.006111,42244
gate,bybit,VANRYUSDT,0.005678,0.006101,7.4498,1774056624134,0.005675,35257,0.005674,25957,0.005673,26194,0.005672,47313,0.005671,45782,0.00567,53606,0.005669,31600,0.005668,11600,0.005665,20000,0.005664,11600,0.005678,42407,0.005679,64419,0.00568,220892,0.005681,323384,0.005682,94273,0.005683,11600,0.005684,18538,0.005687,11600,0.005688,21751,0.005719,11600,0.006101,15104,0.006100,1640,0.006099,10330,0.006098,38089,0.006097,24952,0.006096,46533,0.006095,32557,0.006094,21237,0.006093,20327,0.006092,12878,0.006102,22866,0.006103,19692,0.006104,21981,0.006105,22607,0.006106,25168,0.006107,24620,0.006108,51239,0.006109,30828,0.006110,32527,0.006111,42244
gate,bybit,VANRYUSDT,0.005675,0.006101,7.5066,1774056624447,0.005674,25957,0.005673,26194,0.005672,27313,0.005671,45782,0.00567,53606,0.005669,56204,0.005668,27650,0.005665,20000,0.005664,11600,0.005663,20000,0.005676,15618,0.005677,28041,0.005678,54007,0.005679,64419,0.00568,220892,0.005681,323384,0.005682,94273,0.005683,11600,0.005684,18538,0.005687,11600,0.006100,1640,0.006099,1620,0.006098,19929,0.006097,25008,0.006096,46533,0.006095,22557,0.006094,21237,0.006093,20327,0.006092,12878,0.006091,46203,0.006101,15196,0.006102,6510,0.006103,24236,0.006104,30816,0.006105,22607,0.006106,25168,0.006107,24620,0.006108,51239,0.006109,30828,0.006110,32527
gate,bybit,VANRYUSDT,0.005675,0.0061,7.489,1774056624751,0.005674,25957,0.005673,26194,0.005672,27313,0.005671,45782,0.00567,53606,0.005669,56204,0.005668,27650,0.005665,20000,0.005664,11600,0.005663,20000,0.005676,15618,0.005677,28041,0.005678,54007,0.005679,64419,0.00568,220892,0.005681,323384,0.005682,94273,0.005683,11600,0.005684,18538,0.005687,11600,0.006100,127,0.006099,1620,0.006098,19929,0.006097,21486,0.006096,17200,0.006095,22557,0.006094,30315,0.006093,20327,0.006092,22878,0.006091,46203,0.006101,14931,0.006102,12185,0.006103,24236,0.006104,34743,0.006105,16726,0.006106,25168,0.006107,34620,0.006108,51239,0.006109,30828,0.006110,32527
gate,bybit,VANRYUSDT,0.005675,0.0061,7.489,1774056625051,0.005674,11600,0.005673,26194,0.005672,27313,0.005671,25782,0.00567,53606,0.005669,56204,0.005668,36204,0.005667,26161,0.005665,20000,0.005664,11600,0.005675,15711,0.005676,23416,0.005677,28041,0.005678,54007,0.005679,64419,0.00568,220892,0.005681,311820,0.005682,94273,0.005683,11600,0.005684,18538,0.006100,127,0.006099,1620,0.006098,19929,0.006097,21486,0.006096,17200,0.006095,22557,0.006094,30315,0.006093,20327,0.006092,22878,0.006091,46203,0.006101,14931,0.006102,12185,0.006103,24236,0.006104,34743,0.006105,16726,0.006106,25168,0.006107,34620,0.006108,51239,0.006109,30828,0.006110,32527
gate,bybit,VANRYUSDT,0.005675,0.0061,7.489,1774056625355,0.005674,11600,0.005673,26194,0.005672,27313,0.005671,25782,0.00567,53606,0.005669,56204,0.005668,36204,0.005667,26161,0.005665,20000,0.005664,11600,0.005675,15711,0.005676,23416,0.005677,28041,0.005678,54007,0.005679,64419,0.00568,220892,0.005681,302997,0.005682,93481,0.005683,11600,0.005684,18538,0.006100,127,0.006099,1620,0.006098,19929,0.006097,21486,0.006096,17200,0.006095,22557,0.006094,30315,0.006093,20327,0.006092,22878,0.006091,46203,0.006101,14931,0.006102,12185,0.006103,24236,0.006104,34743,0.006105,16726,0.006106,25168,0.006107,34620,0.006108,51239,0.006109,30828,0.006110,32527
gate,bybit,VANRYUSDT,0.005675,0.0061,7.489,1774056625655,0.005674,11600,0.005673,26194,0.005672,27313,0.005671,25782,0.00567,53606,0.005669,56204,0.005668,36204,0.005667,26161,0.005665,20000,0.005664,11600,0.005675,15711,0.005676,23416,0.005677,68264,0.005678,54007,0.005679,64419,0.00568,220892,0.005681,293286,0.005682,93481,0.005683,11600,0.005684,18538,0.006100,127,0.006099,1620,0.006098,19929,0.006097,21486,0.006096,17200,0.006095,22557,0.006094,30315,0.006093,20327,0.006092,22878,0.006091,46203,0.006101,14931,0.006102,12185,0.006103,24236,0.006104,34743,0.006105,16726,0.006106,25168,0.006107,34620,0.006108,51239,0.006109,30828,0.006110,32527
gate,bybit,VANRYUSDT,0.005675,0.0061,7.489,1774056625955,0.005674,11600,0.005673,26194,0.005672,27313,0.005671,25782,0.00567,53606,0.005669,56204,0.005668,36204,0.005667,26161,0.005665,20000,0.005664,11600,0.005675,15711,0.005676,23416,0.005677,68264,0.005678,54007,0.005679,64419,0.00568,220892,0.005681,293286,0.005682,84499,0.005683,11600,0.005684,18538,0.006100,127,0.006099,1620,0.006098,19929,0.006097,21486,0.006096,17200,0.006095,22557,0.006094,30315,0.006093,30327,0.006092,22878,0.006091,46203,0.006101,14931,0.006102,12185,0.006103,24236,0.006104,34743,0.006105,16726,0.006106,25168,0.006107,34620,0.006108,51239,0.006109,30828,0.006110,32527
gate,bybit,VANRYUSDT,0.005675,0.0061,7.489,1774056626255,0.005674,11600,0.005673,26194,0.005672,27313,0.005671,25782,0.00567,53606,0.005669,56204,0.005668,36204,0.005667,26161,0.005665,31600,0.005664,31600,0.005675,15711,0.005676,23416,0.005677,68264,0.005678,54007,0.005679,64419,0.00568,220892,0.005681,276033,0.005682,84499,0.005683,11600,0.005684,18538,0.006100,127,0.006099,1620,0.006098,19929,0.006097,21486,0.006096,17200,0.006095,22557,0.006094,30315,0.006093,30327,0.006092,22878,0.006091,46203,0.006101,14931,0.006102,12185,0.006103,24236,0.006104,34743,0.006105,16726,0.006106,25168,0.006107,34620,0.006108,51239,0.006109,30828,0.006110,32527
gate,bybit,VANRYUSDT,0.005675,0.0061,7.489,1774056626556,0.005673,26194,0.005672,27313,0.005671,25782,0.00567,53606,0.005669,56204,0.005668,36204,0.005667,26161,0.005665,31600,0.005664,31600,0.005663,31600,0.005675,15711,0.005676,23416,0.005677,68264,0.005678,54007,0.005679,64419,0.00568,220892,0.005681,276033,0.005682,84499,0.005683,11600,0.005684,18538,0.006100,127,0.006099,1620,0.006098,19929,0.006097,21486,0.006096,17200,0.006095,51890,0.006094,30315,0.006093,30327,0.006092,22878,0.006091,46203,0.006101,12997,0.006102,12185,0.006103,24236,0.006104,34743,0.006105,16726,0.006106,25168,0.006107,34620,0.006108,51239,0.006109,30828,0.006110,32527
gate,bybit,VANRYUSDT,0.005673,0.006099,7.5093,1774056626870,0.005671,27207,0.00567,33606,0.005669,36204,0.005668,36204,0.005667,26161,0.005666,27246,0.005665,45343,0.005664,31600,0.005663,31600,0.005662,35770,0.005673,43957,0.005674,47354,0.005675,27311,0.005676,35016,0.005677,68264,0.005678,54007,0.005679,36447,0.00568,176293,0.005681,259035,0.005682,64620,0.006099,107,0.006098,19929,0.006097,10697,0.006096,2600,0.006095,13944,0.006094,30315,0.006093,20327,0.006092,27631,0.006091,46203,0.006090,21219,0.006100,29353,0.006102,12185,0.006103,38540,0.006104,60149,0.006105,31479,0.006106,25168,0.006107,26721,0.006108,51239,0.006109,30828,0.006110,32527
gate,bybit,VANRYUSDT,0.005673,0.006099,7.5093,1774056627177,0.005671,27207,0.00567,33606,0.005669,36204,0.005668,36204,0.005667,26161,0.005666,27246,0.005665,45343,0.005664,31600,0.005663,31600,0.005662,35770,0.005673,43957,0.005674,58954,0.005675,27311,0.005676,35016,0.005677,68264,0.005678,54007,0.005679,36447,0.00568,167790,0.005681,259035,0.005682,64620,0.006099,107,0.006098,19929,0.006097,10697,0.006096,2600,0.006095,12187,0.006094,32278,0.006093,20327,0.006092,27631,0.006091,46203,0.006090,21219,0.006100,29353,0.006101,6254,0.006102,23701,0.006103,38540,0.006104,58189,0.006105,31479,0.006106,25168,0.006107,26721,0.006108,51239,0.006109,30828
gate,bybit,VANRYUSDT,0.005672,0.006094,7.4401,1774056627488,0.00567,18019,0.005669,36204,0.005668,36204,0.005667,26161,0.005666,27246,0.005665,45343,0.005664,45221,0.005663,31600,0.005662,35770,0.005661,25135,0.005672,27381,0.005673,55557,0.005674,58954,0.005675,27311,0.005676,35016,0.005677,68264,0.005678,31600,0.005679,19914,0.00568,167790,0.005681,259035,0.006099,107,0.006098,19929,0.006097,10697,0.006096,2600,0.006095,16113,0.006094,32278,0.006093,20327,0.006092,27631,0.006091,46203,0.006090,21219,0.006100,29353,0.006101,6254,0.006102,23701,0.006103,38540,0.006104,58189,0.006105,31479,0.006106,25168,0.006107,26721,0.006108,51239,0.006109,30828
gate,bybit,VANRYUSDT,0.005672,0.006094,7.4401,1774056627794,0.005669,36204,0.005668,36204,0.005667,26161,0.005666,27246,0.005665,45343,0.005664,45221,0.005663,31600,0.005662,31600,0.005661,25135,0.00566,14194,0.005672,27381,0.005673,55557,0.005674,58954,0.005675,27311,0.005676,35016,0.005677,68264,0.005678,31600,0.005679,19914,0.00568,167790,0.005681,249110,0.006094,7702,0.006093,1517,0.006092,7688,0.006091,44205,0.006090,16791,0.006089,21655,0.006088,18631,0.006087,40325,0.006086,40004,0.006085,28332,0.006095,25020,0.006096,1640,0.006097,6838,0.006098,13264,0.006099,10164,0.006100,30876,0.006101,20859,0.006102,34296,0.006103,12438,0.006104,58189
gate,bybit,VANRYUSDT,0.005671,0.006094,7.459,1774056628099,0.005669,36204,0.005668,36204,0.005667,26161,0.005666,27246,0.005665,45343,0.005664,45221,0.005663,31600,0.005662,31600,0.005661,25135,0.00566,14194,0.005671,14492,0.005672,47381,0.005673,55557,0.005674,58954,0.005675,27311,0.005676,35016,0.005677,68264,0.005678,11600,0.005679,19914,0.00568,167790,0.006094,7702,0.006093,3132,0.006092,8008,0.006091,53059,0.006090,17768,0.006089,16218,0.006088,20565,0.006087,50325,0.006086,40004,0.006085,28332,0.006095,25020,0.006096,1640,0.006097,10071,0.006098,22359,0.006099,24161,0.006100,15927,0.006101,20834,0.006102,34296,0.006103,12179,0.006104,58189
gate,bybit,VANRYUSDT,0.005672,0.006094,7.4401,1774056628407,0.00567,14602,0.005669,36204,0.005668,36204,0.005667,26161,0.005666,27246,0.005665,45343,0.005664,45221,0.005663,31600,0.005662,31600,0.005661,25135,0.005671,14492,0.005672,47381,0.005673,55557,0.005674,58954,0.005675,27311,0.005676,35016,0.005677,68264,0.005678,11600,0.005679,19914,0.00568,167790,0.006094,10288,0.006093,3132,0.006092,8008,0.006091,53059,0.006090,17768,0.006089,16218,0.006088,20565,0.006087,50325,0.006086,40004,0.006085,28332,0.006095,25020,0.006096,1640,0.006097,10071,0.006098,22359,0.006099,24161,0.006100,16837,0.006101,20834,0.006102,34296,0.006103,12179,0.006104,58189
gate,bybit,VANRYUSDT,0.005671,0.006094,7.459,1774056628721,0.005669,36204,0.005668,36204,0.005667,26161,0.005666,27246,0.005665,45343,0.005664,45221,0.005663,31600,0.005662,31600,0.005661,25135,0.00566,14194,0.005671,26315,0.005672,47381,0.005673,55557,0.005674,58954,0.005675,27311,0.005676,35016,0.005677,68264,0.005678,11600,0.005679,19914,0.00568,167790,0.006094,7702,0.006093,1640,0.006092,8008,0.006091,53059,0.006090,17768,0.006089,16218,0.006088,20565,0.006087,50325,0.006086,40004,0.006085,28332,0.006095,25020,0.006096,1640,0.006097,10071,0.006098,22359,0.006099,24161,0.006100,16837,0.006101,20834,0.006102,34296,0.006103,12179,0.006104,58189
gate,bybit,VANRYUSDT,0.005671,0.006094,7.459,1774056629036,0.005669,24604,0.005668,36204,0.005667,26161,0.005666,27246,0.005665,45343,0.005664,45221,0.005663,31600,0.005662,31600,0.005661,45135,0.00566,14194,0.005671,46315,0.005672,47381,0.005673,55557,0.005674,38954,0.005675,27311,0.005676,35016,0.005677,51823,0.005678,11600,0.005679,19914,0.00568,167790,0.006094,7702,0.006093,2933,0.006092,8008,0.006091,53059,0.006090,17768,0.006089,16218,0.006088,20565,0.006087,50325,0.006086,40004,0.006085,28332,0.006095,25020,0.006096,1640,0.006097,10071,0.006098,22359,0.006099,24161,0.006100,16837,0.006101,20834,0.006102,34296,0.006103,22179,0.006104,58189
gate,bybit,VANRYUSDT,0.00567,0.006093,7.4603,1774056629348,0.005667,26161,0.005666,27246,0.005665,25343,0.005664,45221,0.005663,52385,0.005662,31600,0.005661,45135,0.00566,14194,0.005654,590,0.005652,16816,0.00567,26820,0.005671,46315,0.005672,47381,0.005673,55557,0.005674,38954,0.005675,27311,0.005676,11600,0.005677,51823,0.005678,11600,0.005679,19914,0.006094,7702,0.006093,2933,0.006092,8008,0.006091,53059,0.006090,17768,0.006089,16218,0.006088,20565,0.006087,50325,0.006086,40004,0.006085,28332,0.006095,25020,0.006096,1640,0.006097,10071,0.006098,22359,0.006099,24161,0.006100,16837,0.006101,20834,0.006102,34296,0.006103,22179,0.006104,58189
gate,bybit,VANRYUSDT,0.00567,0.006093,7.4603,1774056629661,0.005668,24687,0.005667,26161,0.005666,27246,0.005665,25343,0.005664,45221,0.005663,52385,0.005662,45355,0.005661,45135,0.00566,14194,0.005654,590,0.00567,26820,0.005671,46315,0.005672,47381,0.005673,55557,0.005674,38954,0.005675,27311,0.005676,27369,0.005677,51823,0.005678,11600,0.005679,19914,0.006093,8180,0.006092,7631,0.006091,8830,0.006090,6481,0.006089,6540,0.006088,18607,0.006087,42113,0.006086,40004,0.006085,24226,0.006084,30629,0.006094,8180,0.006095,16840,0.006096,1640,0.006097,14020,0.006098,22359,0.006099,24161,0.006100,16837,0.006101,20834,0.006102,34296,0.006103,22179
gate,bybit,VANRYUSDT,0.00567,0.006093,7.4603,1774056629966,0.005668,24687,0.005667,26161,0.005666,27246,0.005665,25343,0.005664,45221,0.005663,52385,0.005662,45355,0.005661,45135,0.00566,14194,0.005655,20000,0.00567,26820,0.005671,46315,0.005672,47381,0.005673,55557,0.005674,38954,0.005675,27311,0.005676,27369,0.005677,51823,0.005678,11600,0.005679,19914,0.006093,8180,0.006092,9273,0.006091,8832,0.006090,14830,0.006089,29588,0.006088,17114,0.006087,42113,0.006086,40004,0.006085,24226,0.006084,30629,0.006094,9389,0.006095,18482,0.006096,1640,0.006097,27763,0.006098,12463,0.006099,24161,0.006100,39965,0.006101,20834,0.006102,34296,0.006103,22179
gate,bybit,VANRYUSDT,0.00567,0.006093,7.4603,1774056630276,0.005668,24687,0.005667,26161,0.005666,27246,0.005665,25343,0.005664,45221,0.005663,52385,0.005662,45355,0.005661,45135,0.00566,14194,0.005655,20000,0.00567,26820,0.005671,46315,0.005672,47381,0.005673,55557,0.005674,38954,0.005675,27311,0.005676,27369,0.005677,51823,0.005678,11600,0.005679,19914,0.006093,7387,0.006092,9273,0.006091,7340,0.006090,14830,0.006089,29588,0.006088,17114,0.006087,42113,0.006086,50004,0.006085,24226,0.006084,30629,0.006094,7711,0.006095,18482,0.006096,1640,0.006097,27763,0.006098,12463,0.006099,24161,0.006100,69298,0.006101,30834,0.006102,34296,0.006103,22179
gate,bybit,VANRYUSDT,0.00567,0.006093,7.4603,1774056630577,0.005668,24687,0.005667,26161,0.005666,27246,0.005665,25343,0.005664,45221,0.005663,52385,0.005662,45355,0.005661,45135,0.00566,14194,0.005655,20000,0.00567,26820,0.005671,46315,0.005672,47381,0.005673,55557,0.005674,38954,0.005675,27311,0.005676,27369,0.005677,51823,0.005678,11600,0.005679,19914,0.006093,7387,0.006092,9273,0.006091,7340,0.006090,14830,0.006089,29588,0.006088,17114,0.006087,42113,0.006086,50004,0.006085,24226,0.006084,30629,0.006094,7711,0.006095,18482,0.006096,1640,0.006097,27763,0.006098,12463,0.006099,24161,0.006100,69298,0.006101,30834,0.006102,34296,0.006103,22179
gate,bybit,VANRYUSDT,0.00567,0.006093,7.4603,1774056630878,0.005668,24687,0.005667,26161,0.005666,27246,0.005665,25343,0.005664,45221,0.005663,52385,0.005662,45355,0.005661,45135,0.00566,14194,0.005655,20000,0.00567,26820,0.005671,46315,0.005672,47381,0.005673,55557,0.005674,38954,0.005675,27311,0.005676,27369,0.005677,51823,0.005678,11600,0.005679,19914,0.006093,7387,0.006092,9273,0.006091,7340,0.006090,14830,0.006089,29588,0.006088,17114,0.006087,42113,0.006086,50004,0.006085,24226,0.006084,30629,0.006094,7711,0.006095,18482,0.006096,1640,0.006097,27763,0.006098,12463,0.006099,24161,0.006100,69298,0.006101,30834,0.006102,34296,0.006103,22179
gate,bybit,VANRYUSDT,0.005669,0.006093,7.4793,1774056631179,0.005668,24687,0.005667,26161,0.005666,27246,0.005665,25343,0.005664,45221,0.005663,52385,0.005662,45355,0.005661,45135,0.00566,14194,0.005655,20000,0.005669,11600,0.00567,26820,0.005671,46315,0.005672,47381,0.005673,55557,0.005674,38954,0.005675,27311,0.005676,27369,0.005677,51823,0.005678,11600,0.006093,7387,0.006092,9273,0.006091,7340,0.006090,14830,0.006089,29588,0.006088,17114,0.006087,42113,0.006086,50004,0.006085,24226,0.006084,30629,0.006094,7711,0.006095,19691,0.006096,1640,0.006097,27763,0.006098,12463,0.006099,24161,0.006100,69298,0.006101,30834,0.006102,34296,0.006103,22179
gate,bybit,VANRYUSDT,0.005669,0.006093,7.4793,1774056631479,0.005668,24687,0.005667,14561,0.005666,27246,0.005665,25343,0.005664,45221,0.005663,52385,0.005662,45355,0.005661,45135,0.00566,14194,0.005655,20000,0.005669,11600,0.00567,26820,0.005671,46315,0.005672,47381,0.005673,55557,0.005674,38954,0.005675,27311,0.005676,27472,0.005677,51823,0.005678,11600,0.006093,7387,0.006092,9273,0.006091,7340,0.006090,14830,0.006089,29588,0.006088,17114,0.006087,42113,0.006086,50004,0.006085,24226,0.006084,30629,0.006094,7711,0.006095,19691,0.006096,1640,0.006097,27763,0.006098,12463,0.006099,24161,0.006100,69298,0.006101,30834,0.006102,34296,0.006103,22179
gate,bybit,VANRYUSDT,0.00567,0.006093,7.4603,1774056631780,0.005668,24687,0.005667,14561,0.005666,27246,0.005665,25343,0.005664,45221,0.005663,52385,0.005662,45355,0.005661,45135,0.00566,14194,0.005655,20000,0.005669,11600,0.00567,26820,0.005671,46315,0.005672,47381,0.005673,55557,0.005674,38954,0.005675,27311,0.005676,27472,0.005677,51823,0.005678,11600,0.006093,7387,0.006092,1642,0.006091,7340,0.006090,14667,0.006089,29588,0.006088,20645,0.006087,42113,0.006086,50004,0.006085,24226,0.006084,26497,0.006094,18774,0.006095,19691,0.006096,1640,0.006097,27763,0.006098,12463,0.006099,24161,0.006100,69298,0.006101,30834,0.006102,34296,0.006103,22179
gate,bybit,VANRYUSDT,0.005669,0.006092,7.4616,1774056632080,0.005668,24687,0.005667,14561,0.005666,27246,0.005665,25343,0.005664,45221,0.005663,52385,0.005662,45355,0.005661,45135,0.00566,14194,0.005655,20000,0.005669,11600,0.00567,29045,0.005671,46315,0.005672,47381,0.005673,55557,0.005674,38954,0.005675,27311,0.005676,27472,0.005677,51823,0.005678,11600,0.006092,9822,0.006091,3234,0.006090,6638,0.006089,17096,0.006088,20645,0.006087,42113,0.006086,50004,0.006085,24226,0.006084,26497,0.006083,41819,0.006093,33502,0.006094,12705,0.006095,19691,0.006096,23461,0.006097,25311,0.006098,12463,0.006099,24161,0.006100,69298,0.006101,30834,0.006102,34296
gate,bybit,VANRYUSDT,0.005669,0.006092,7.4616,1774056632381,0.005667,14561,0.005666,27246,0.005665,25343,0.005664,45221,0.005663,52385,0.005662,45355,0.005661,45135,0.00566,14194,0.005655,20000,0.005654,590,0.005669,11600,0.00567,29045,0.005671,46315,0.005672,47381,0.005673,55557,0.005674,38954,0.005675,27311,0.005676,11600,0.005677,51823,0.005678,11600,0.006092,9822,0.006091,3234,0.006090,6638,0.006089,17096,0.006088,20645,0.006087,42113,0.006086,50004,0.006085,24226,0.006084,26497,0.006083,41819,0.006093,33502,0.006094,12705,0.006095,19691,0.006096,23461,0.006097,25311,0.006098,12463,0.006099,24161,0.006100,69298,0.006101,30834,0.006102,34296
gate,bybit,VANRYUSDT,0.005669,0.006092,7.4616,1774056632681,0.005667,14561,0.005666,27246,0.005665,25343,0.005664,45221,0.005663,52385,0.005662,45355,0.005661,45135,0.00566,14194,0.005655,20000,0.005654,590,0.005669,11600,0.00567,29045,0.005671,46315,0.005672,47381,0.005673,55557,0.005674,38954,0.005675,27311,0.005676,11600,0.005677,51823,0.005678,11600,0.006092,9822,0.006091,3234,0.006090,6638,0.006089,17096,0.006088,20645,0.006087,42113,0.006086,50004,0.006085,24226,0.006084,26497,0.006083,41819,0.006093,33502,0.006094,12705,0.006095,19691,0.006096,23461,0.006097,25311,0.006098,12463,0.006099,24161,0.006100,69298,0.006101,30834,0.006102,34296
gate,bybit,VANRYUSDT,0.00567,0.006092,7.4427,1774056632981,0.005667,14561,0.005666,27246,0.005665,25343,0.005664,45221,0.005663,52385,0.005662,45355,0.005661,45135,0.00566,14194,0.005655,31600,0.005654,590,0.005669,11600,0.00567,11600,0.005671,46315,0.005672,47381,0.005673,55557,0.005674,38954,0.005675,27311,0.005676,11600,0.005677,51823,0.005678,11600,0.006092,9822,0.006091,3234,0.006090,8127,0.006089,18585,0.006088,20645,0.006087,42113,0.006086,50004,0.006085,24226,0.006084,26497,0.006083,41819,0.006093,16356,0.006094,12705,0.006095,19691,0.006096,19355,0.006097,25311,0.006098,13449,0.006099,24161,0.006100,69298,0.006101,30834,0.006102,34296
gate,bybit,VANRYUSDT,0.00567,0.006092,7.4427,1774056633286,0.005668,18945,0.005667,14561,0.005666,27246,0.005665,25343,0.005664,45221,0.005663,52385,0.005662,45355,0.005661,45135,0.00566,14194,0.005655,31600,0.00567,31749,0.005671,46315,0.005672,47381,0.005673,55557,0.005674,38954,0.005675,27311,0.005676,30065,0.005677,11600,0.005678,11600,0.005679,19914,0.006092,9822,0.006091,3234,0.006090,8127,0.006089,18585,0.006088,20645,0.006087,42113,0.006086,50004,0.006085,24226,0.006084,26497,0.006083,41819,0.006093,16356,0.006094,12705,0.006095,19691,0.006096,19355,0.006097,25311,0.006098,13449,0.006099,24161,0.006100,69298,0.006101,30834,0.006102,34296
gate,bybit,VANRYUSDT,0.00567,0.006092,7.4427,1774056633586,0.005668,18945,0.005667,14561,0.005666,27246,0.005665,25343,0.005664,45221,0.005663,52385,0.005662,45355,0.005661,45135,0.00566,14194,0.005655,31600,0.00567,31749,0.005671,46315,0.005672,47381,0.005673,55557,0.005674,38954,0.005675,27311,0.005676,30065,0.005677,11600,0.005678,11600,0.005679,19914,0.006092,9822,0.006091,3234,0.006090,8127,0.006089,18585,0.006088,20645,0.006087,42113,0.006086,50004,0.006085,24226,0.006084,26497,0.006083,41819,0.006093,16356,0.006094,12705,0.006095,19691,0.006096,19355,0.006097,25311,0.006098,13449,0.006099,24161,0.006100,69298,0.006101,30834,0.006102,34296
gate,bybit,VANRYUSDT,0.00567,0.006092,7.4427,1774056633886,0.005668,18945,0.005667,26161,0.005666,27246,0.005665,25343,0.005664,45221,0.005663,52385,0.005662,45355,0.005661,45135,0.00566,14194,0.005656,20000,0.00567,31749,0.005671,46315,0.005672,47381,0.005673,55557,0.005674,38954,0.005675,27311,0.005676,11600,0.005677,11600,0.005678,11600,0.005679,19914,0.006092,9822,0.006091,3234,0.006090,8127,0.006089,18585,0.006088,20645,0.006087,42113,0.006086,50004,0.006085,24226,0.006084,26497,0.006083,41819,0.006093,19793,0.006094,12705,0.006095,19691,0.006096,19355,0.006097,25311,0.006098,13449,0.006099,24161,0.006100,69298,0.006101,30834,0.006102,30866
gate,bybit,VANRYUSDT,0.00567,0.006092,7.4427,1774056634198,0.005668,18945,0.005667,26161,0.005666,27246,0.005665,25343,0.005664,45221,0.005663,52385,0.005662,45355,0.005661,45135,0.00566,14194,0.005656,31600,0.00567,31749,0.005671,46315,0.005672,47381,0.005673,55557,0.005674,38954,0.005675,27311,0.005676,11600,0.005677,11600,0.005678,11600,0.005679,19914,0.006092,9822,0.006091,3234,0.006090,8127,0.006089,18585,0.006088,20645,0.006087,42113,0.006086,50004,0.006085,24226,0.006084,26497,0.006083,41819,0.006093,22873,0.006094,12705,0.006095,19691,0.006096,19355,0.006097,25311,0.006098,13449,0.006099,24161,0.006100,69298,0.006101,30834,0.006102,27786
gate,bybit,VANRYUSDT,0.00567,0.006092,7.4427,1774056634498,0.005668,18945,0.005667,26161,0.005666,27246,0.005665,25343,0.005664,45221,0.005663,52385,0.005662,45355,0.005661,45135,0.00566,14194,0.005656,31600,0.00567,31749,0.005671,46315,0.005672,47381,0.005673,55557,0.005674,38954,0.005675,27311,0.005676,11600,0.005677,11600,0.005678,11600,0.005679,19914,0.006092,9822,0.006091,3234,0.006090,8127,0.006089,18585,0.006088,20645,0.006087,42113,0.006086,50004,0.006085,24226,0.006084,26497,0.006083,41819,0.006093,22873,0.006094,12705,0.006095,19691,0.006096,19355,0.006097,25311,0.006098,13449,0.006099,24161,0.006100,69298,0.006101,30834,0.006102,27786
gate,bybit,VANRYUSDT,0.00567,0.006092,7.4427,1774056634800,0.005668,18945,0.005667,26161,0.005666,27246,0.005665,25343,0.005664,45221,0.005663,52385,0.005662,45355,0.005661,45135,0.00566,14194,0.005657,20000,0.00567,31749,0.005671,46315,0.005672,47381,0.005673,55557,0.005674,38954,0.005675,27311,0.005677,11600,0.005678,11600,0.005679,19914,0.005681,11600,0.006092,52745,0.006091,3234,0.006090,6638,0.006089,17096,0.006088,20645,0.006087,42113,0.006086,50004,0.006085,24226,0.006084,26497,0.006083,41819,0.006093,22873,0.006094,12705,0.006095,19691,0.006096,19355,0.006097,25311,0.006098,13449,0.006099,24161,0.006100,69298,0.006101,30834,0.006102,27786
gate,bybit,VANRYUSDT,0.00567,0.006092,7.4427,1774056635100,0.005668,18945,0.005667,26161,0.005666,27246,0.005665,25343,0.005664,45221,0.005663,52385,0.005662,45355,0.005661,45135,0.00566,14194,0.005657,31600,0.00567,31749,0.005671,46315,0.005672,47381,0.005673,55557,0.005674,38954,0.005675,27311,0.005677,11600,0.005678,11600,0.005679,19914,0.005681,11600,0.006092,52745,0.006091,3234,0.006090,6638,0.006089,17096,0.006088,20645,0.006087,42113,0.006086,50004,0.006085,24226,0.006084,26497,0.006083,41819,0.006093,22873,0.006094,12705,0.006095,19691,0.006096,19355,0.006097,25311,0.006098,13449,0.006099,24161,0.006100,69298,0.006101,30834,0.006102,27786
