spot_exch,fut_exch,symbol,ask_spot,bid_futures,spread_pct,ts,s_b1,s_b2,s_b3,s_b4,s_b5,s_b6,s_b7,s_b8,s_b9,s_b10,s_bq1,s_bq2,s_bq3,s_bq4,s_bq5,s_bq6,s_bq7,s_bq8,s_bq9,s_bq10,s_a1,s_a2,s_a3,s_a4,s_a5,s_a6,s_a7,s_a8,s_a9,s_a10,s_aq1,s_aq2,s_aq3,s_aq4,s_aq5,s_aq6,s_aq7,s_aq8,s_aq9,s_aq10,f_b1,f_b2,f_b3,f_b4,f_b5,f_b6,f_b7,f_b8,f_b9,f_b10,f_bq1,f_bq2,f_bq3,f_bq4,f_bq5,f_bq6,f_bq7,f_bq8,f_bq9,f_bq10,f_a1,f_a2,f_a3,f_a4,f_a5,f_a6,f_a7,f_a8,f_a9,f_a10,f_aq1,f_aq2,f_aq3,f_aq4,f_aq5,f_aq6,f_aq7,f_aq8,f_aq9,f_aq10
binance,bybit,SXPUSDT,0.00850000,0.00847,-0.3529,1774108910000,0.00840000,550231.00000000,0.00830000,1623614.60000000,0.00820000,430652.50000000,0.00810000,898229.60000000,0.00800000,672409.00000000,0.00790000,483546.20000000,0.00780000,1870590.30000000,0.00770000,641029.60000000,0.00760000,1223930.30000000,0.00750000,551031.90000000,0.00850000,105919.80000000,0.00860000,311047.90000000,0.00870000,280114.90000000,0.00880000,187339.90000000,0.00890000,602917.00000000,0.00900000,262509.50000000,0.00910000,68441.70000000,0.00920000,15257.20000000,0.00930000,30618.60000000,0.00940000,955759.60000000,0.00847,11.8,0.00846,58453.9,0.00845,69208.2,0.00844,85862.9,0.00843,89716.2,0.00842,23384.6,0.00841,44445.6,0.00840,20817.0,0.00839,33326.8,0.00838,21039.5,0.00849,17014.5,0.00850,81937.1,0.00851,47055.8,0.00852,18632.3,0.00853,20531.6,0.00854,21719.1,0.00855,86265.4,0.00856,66132.2,0.00857,21577.6,0.00858,63811.0
binance,bybit,SXPUSDT,0.00850000,0.00845,-0.5882,1774108911000,0.00840000,297319.90000000,0.00830000,1594364.60000000,0.00820000,401402.50000000,0.00810000,865500.70000000,0.00800000,643159.00000000,0.00790000,449571.20000000,0.00780000,1870590.30000000,0.00770000,641029.60000000,0.00760000,1223930.30000000,0.00750000,551031.90000000,0.00850000,197187.80000000,0.00860000,326448.90000000,0.00870000,250864.90000000,0.00880000,158089.90000000,0.00890000,573667.00000000,0.00900000,233259.50000000,0.00910000,39191.70000000,0.00920000,15257.20000000,0.00930000,30618.60000000,0.00940000,955759.60000000,0.00842,118.7,0.00841,18602.9,0.00840,27792.3,0.00839,46669.2,0.00838,22232.8,0.00837,19979.1,0.00836,31217.9,0.00835,20081.5,0.00834,18312.6,0.00833,17974.7,0.00845,14141.7,0.00846,23527.2,0.00847,24849.9,0.00848,24856.1,0.00849,37191.7,0.00850,88034.9,0.00851,47055.8,0.00852,18632.3,0.00853,31251.4,0.00854,33320.0
binance,bybit,SXPUSDT,0.00860000,0.00842,-2.093,1774108916000,0.00840000,485278.40000000,0.00830000,1597497.10000000,0.00820000,417121.30000000,0.00810000,864883.40000000,0.00800000,643159.00000000,0.00790000,448938.20000000,0.00780000,1870590.30000000,0.00770000,641029.60000000,0.00760000,1223930.30000000,0.00750000,551031.90000000,0.00850000,281993.40000000,0.00860000,329348.40000000,0.00870000,193149.90000000,0.00880000,215149.00000000,0.00890000,573077.10000000,0.00900000,233842.90000000,0.00910000,39191.70000000,0.00920000,15257.20000000,0.00930000,30618.60000000,0.00940000,955759.60000000,0.00842,747.0,0.00841,17161.0,0.00840,24625.6,0.00839,26419.3,0.00838,35353.4,0.00837,19979.1,0.00836,40270.0,0.00835,22486.8,0.00834,29369.3,0.00833,17974.7,0.00845,18094.4,0.00846,23534.3,0.00847,26034.5,0.00848,30953.9,0.00849,36011.1,0.00850,26344.8,0.00851,59169.7,0.00852,54300.6,0.00853,43204.9,0.00854,19770.1
binance,bybit,SXPUSDT,0.00850000,0.00844,-0.7059,1774108917000,0.00840000,500622.90000000,0.00830000,1597497.10000000,0.00820000,401402.50000000,0.00810000,865500.70000000,0.00800000,643159.00000000,0.00790000,449571.20000000,0.00780000,1870590.30000000,0.00770000,641029.60000000,0.00760000,1223930.30000000,0.00750000,551031.90000000,0.00850000,282671.80000000,0.00860000,329348.40000000,0.00870000,193149.90000000,0.00880000,215149.00000000,0.00890000,573077.10000000,0.00900000,233842.90000000,0.00910000,39191.70000000,0.00920000,15257.20000000,0.00930000,30618.60000000,0.00940000,955759.60000000,0.00844,12328.4,0.00843,22342.6,0.00842,25256.0,0.00841,20673.3,0.00840,29035.0,0.00839,26932.2,0.00838,52132.0,0.00837,21186.8,0.00836,31217.9,0.00835,21279.1,0.00847,17594.8,0.00848,19856.1,0.00849,30755.6,0.00850,51347.7,0.00851,53153.6,0.00852,18515.1,0.00853,31134.2,0.00854,55438.4,0.00855,104235.0,0.00856,18350.0
binance,bybit,SXPUSDT,0.00850000,0.00842,-0.9412,1774108918000,0.00840000,291211.70000000,0.00830000,1597497.10000000,0.00820000,401402.50000000,0.00810000,865500.70000000,0.00800000,643159.00000000,0.00790000,449571.20000000,0.00780000,1870590.30000000,0.00770000,641029.60000000,0.00760000,1223930.30000000,0.00750000,551031.90000000,0.00850000,60316.90000000,0.00860000,325861.60000000,0.00870000,193149.90000000,0.00880000,215149.00000000,0.00890000,573077.10000000,0.00900000,233842.90000000,0.00910000,39191.70000000,0.00920000,15257.20000000,0.00930000,30618.60000000,0.00940000,955759.60000000,0.00842,24509.0,0.00841,24508.4,0.00840,24744.6,0.00839,32505.1,0.00838,46034.2,0.00837,21186.8,0.00836,31217.9,0.00835,21279.1,0.00834,17233.4,0.00833,24072.5,0.00845,9355.9,0.00846,17785.9,0.00847,24803.1,0.00848,19453.9,0.00849,28893.6,0.00850,51347.7,0.00851,47055.8,0.00852,18515.1,0.00853,31134.2,0.00854,55438.4
binance,bybit,SXPUSDT,0.00850000,0.00842,-0.9412,1774108920000,0.00840000,304057.40000000,0.00830000,1597497.10000000,0.00820000,430652.50000000,0.00810000,894750.70000000,0.00800000,672409.00000000,0.00790000,478821.20000000,0.00780000,1899840.30000000,0.00770000,670279.60000000,0.00760000,1253180.30000000,0.00750000,580281.90000000,0.00850000,89566.90000000,0.00860000,355111.60000000,0.00870000,222399.90000000,0.00880000,244399.00000000,0.00890000,602327.10000000,0.00900000,263092.90000000,0.00910000,68441.70000000,0.00920000,44507.20000000,0.00930000,59868.60000000,0.00940000,985009.60000000,0.00842,10129.1,0.00841,24415.2,0.00840,24744.6,0.00839,30556.1,0.00838,24846.2,0.00837,26076.9,0.00836,40270.0,0.00835,20091.6,0.00834,29369.3,0.00833,17974.7,0.00844,316.9,0.00845,17791.2,0.00846,17785.9,0.00847,21699.0,0.00848,25736.6,0.00849,40672.2,0.00850,24630.9,0.00851,59169.7,0.00852,54183.4,0.00853,45036.7
binance,bybit,SXPUSDT,0.00850000,0.00842,-0.9412,1774108944000,0.00840000,279606.60000000,0.00830000,1597497.10000000,0.00820000,401402.50000000,0.00810000,868211.20000000,0.00800000,547765.30000000,0.00790000,449571.20000000,0.00780000,1870590.30000000,0.00770000,641029.60000000,0.00760000,1223930.30000000,0.00750000,551031.90000000,0.00850000,60316.90000000,0.00860000,338001.60000000,0.00870000,193149.90000000,0.00880000,215149.00000000,0.00890000,592064.40000000,0.00900000,214855.60000000,0.00910000,39191.70000000,0.00920000,15257.20000000,0.00930000,30618.60000000,0.00940000,955759.60000000,0.00842,787.1,0.00841,19437.5,0.00840,24010.7,0.00839,24864.1,0.00838,24965.5,0.00837,30486.3,0.00836,40270.0,0.00835,22486.8,0.00834,17233.4,0.00833,30110.6,0.00844,10695.5,0.00845,19589.0,0.00846,21603.3,0.00847,25886.3,0.00848,37529.1,0.00849,23893.6,0.00850,43228.2,0.00851,20502.1,0.00852,43756.2,0.00853,46604.6
binance,bybit,SXPUSDT,0.00850000,0.00844,-0.7059,1774108947000,0.00840000,279606.60000000,0.00830000,1573761.00000000,0.00820000,401402.50000000,0.00810000,868211.20000000,0.00800000,547765.30000000,0.00790000,449571.20000000,0.00780000,1870590.30000000,0.00770000,641029.60000000,0.00760000,1223930.30000000,0.00750000,551031.90000000,0.00850000,60316.90000000,0.00860000,338001.60000000,0.00870000,193149.90000000,0.00880000,215149.00000000,0.00890000,592064.40000000,0.00900000,214855.60000000,0.00910000,39191.70000000,0.00920000,15257.20000000,0.00930000,30618.60000000,0.00940000,955759.60000000,0.00845,11.8,0.00844,18100.6,0.00843,79457.6,0.00842,79846.1,0.00841,19437.5,0.00840,26918.2,0.00839,30961.9,0.00838,26914.5,0.00837,42374.8,0.00836,19082.0,0.00846,3208.7,0.00847,18543.2,0.00848,24453.9,0.00849,22795.8,0.00850,25993.6,0.00851,44003.9,0.00852,37900.5,0.00853,22537.2,0.00854,117888.2,0.00855,81337.1
binance,bybit,SXPUSDT,0.00850000,0.00843,-0.8235,1774108950000,0.00840000,308856.60000000,0.00830000,1603011.00000000,0.00820000,430652.50000000,0.00810000,897461.20000000,0.00800000,577015.30000000,0.00790000,478821.20000000,0.00780000,1899840.30000000,0.00770000,670279.60000000,0.00760000,1253180.30000000,0.00750000,580281.90000000,0.00850000,85916.60000000,0.00860000,367251.60000000,0.00870000,222399.90000000,0.00880000,244399.00000000,0.00890000,621314.40000000,0.00900000,244105.60000000,0.00910000,68441.70000000,0.00920000,44507.20000000,0.00930000,59868.60000000,0.00940000,985009.60000000,0.00843,10483.3,0.00842,15380.3,0.00841,24437.5,0.00840,28400.6,0.00839,30961.9,0.00838,26914.5,0.00837,41167.1,0.00836,20289.7,0.00835,33415.0,0.00834,17233.4,0.00845,59171.5,0.00846,10066.5,0.00847,28602.6,0.00848,24453.9,0.00849,22795.8,0.00850,32091.4,0.00851,20502.1,0.00852,31802.7,0.00853,58205.5,0.00854,82219.9
binance,bybit,SXPUSDT,0.00850000,0.00841,-1.0588,1774108960000,0.00840000,308856.60000000,0.00830000,1573761.00000000,0.00820000,430652.50000000,0.00810000,894750.70000000,0.00800000,569409.00000000,0.00790000,478821.20000000,0.00780000,1899840.30000000,0.00770000,670279.60000000,0.00760000,1253180.30000000,0.00750000,580281.90000000,0.00850000,85916.60000000,0.00860000,367251.60000000,0.00870000,222399.90000000,0.00880000,244399.00000000,0.00890000,621314.40000000,0.00900000,244105.60000000,0.00910000,68441.70000000,0.00920000,44507.20000000,0.00930000,59868.60000000,0.00940000,985009.60000000,0.00841,10833.0,0.00840,21655.4,0.00839,26495.3,0.00838,31204.6,0.00837,19979.1,0.00836,40270.0,0.00835,18883.9,0.00834,18441.1,0.00833,24072.5,0.00832,30401.8,0.00843,56549.5,0.00844,59241.7,0.00845,79136.6,0.00846,21318.4,0.00847,28484.7,0.00848,30669.6,0.00849,29909.7,0.00850,19395.8,0.00851,56170.4,0.00852,18515.1
binance,bybit,SXPUSDT,0.00850000,0.00843,-0.8235,1774108970000,0.00840000,279606.60000000,0.00830000,1573761.00000000,0.00820000,401402.50000000,0.00810000,864875.70000000,0.00800000,547765.40000000,0.00790000,449571.20000000,0.00780000,1844281.50000000,0.00770000,641029.60000000,0.00760000,1223930.30000000,0.00750000,551031.90000000,0.00850000,56666.60000000,0.00860000,338001.60000000,0.00870000,193149.90000000,0.00880000,215149.00000000,0.00890000,592064.40000000,0.00900000,214855.60000000,0.00910000,39191.70000000,0.00920000,15257.20000000,0.00930000,30618.60000000,0.00940000,955759.60000000,0.00843,9324.4,0.00842,24562.6,0.00841,23273.1,0.00840,22975.2,0.00839,24983.1,0.00838,37302.4,0.00837,43437.2,0.00836,32545.1,0.00835,18883.9,0.00834,17113.6,0.00846,20042.9,0.00847,28630.4,0.00848,24571.7,0.00849,22795.8,0.00850,36278.1,0.00851,21884.2,0.00852,24612.9,0.00853,71491.7,0.00854,82219.9,0.00855,80167.6
binance,bybit,SXPUSDT,0.00850000,0.00843,-0.8235,1774108971000,0.00840000,279606.60000000,0.00830000,1573761.00000000,0.00820000,401402.50000000,0.00810000,864875.70000000,0.00800000,547765.40000000,0.00790000,449571.20000000,0.00780000,1844281.50000000,0.00770000,641029.60000000,0.00760000,1223930.30000000,0.00750000,551031.90000000,0.00850000,56666.60000000,0.00860000,338001.60000000,0.00870000,193149.90000000,0.00880000,158089.90000000,0.00890000,592064.40000000,0.00900000,214855.60000000,0.00910000,39191.70000000,0.00920000,15257.20000000,0.00930000,30618.60000000,0.00940000,955759.60000000,0.00843,9977.5,0.00842,24562.6,0.00841,23273.1,0.00840,22975.2,0.00839,24983.1,0.00838,37302.4,0.00837,43437.2,0.00836,32545.1,0.00835,18883.9,0.00834,17113.6,0.00846,20042.9,0.00847,28630.4,0.00848,24571.7,0.00849,22795.8,0.00850,36278.1,0.00851,21884.2,0.00852,24612.9,0.00853,71491.7,0.00854,82219.9,0.00855,80167.6
binance,bybit,SXPUSDT,0.00850000,0.00841,-1.0588,1774108976000,0.00840000,268214.40000000,0.00830000,1597694.90000000,0.00820000,401402.50000000,0.00810000,864875.70000000,0.00800000,525463.80000000,0.00790000,449571.20000000,0.00780000,1844281.50000000,0.00770000,611533.30000000,0.00760000,1223930.30000000,0.00750000,551031.90000000,0.00850000,164298.60000000,0.00860000,231373.10000000,0.00870000,250864.90000000,0.00880000,158089.90000000,0.00890000,592064.40000000,0.00900000,214855.60000000,0.00910000,39191.70000000,0.00920000,15257.20000000,0.00930000,30618.60000000,0.00940000,955759.60000000,0.00841,125.9,0.00840,21655.4,0.00839,26311.7,0.00838,31204.6,0.00837,22249.2,0.00836,40389.5,0.00835,18883.9,0.00834,19520.3,0.00833,19175.1,0.00832,35297.7,0.00843,59311.9,0.00844,77408.2,0.00845,79349.7,0.00846,25042.9,0.00847,28630.4,0.00848,25901.6,0.00849,41007.5,0.00850,36278.1,0.00851,56170.4,0.00852,18515.1
binance,bybit,SXPUSDT,0.00850000,0.00839,-1.2941,1774108978000,0.00840000,268214.40000000,0.00830000,1597694.90000000,0.00820000,401402.50000000,0.00810000,864875.70000000,0.00800000,525463.80000000,0.00790000,449571.20000000,0.00780000,1844281.50000000,0.00770000,611533.30000000,0.00760000,1223930.30000000,0.00750000,551031.90000000,0.00850000,164298.60000000,0.00860000,231373.10000000,0.00870000,250864.90000000,0.00880000,158089.90000000,0.00890000,592064.40000000,0.00900000,214855.60000000,0.00910000,39191.70000000,0.00920000,15257.20000000,0.00930000,30618.60000000,0.00940000,955759.60000000,0.00841,125.9,0.00840,9347.0,0.00839,26311.7,0.00838,26795.2,0.00837,27249.2,0.00836,23610.9,0.00835,24981.7,0.00834,40708.3,0.00833,19175.1,0.00832,29199.9,0.00842,59382.4,0.00843,68965.8,0.00844,18166.5,0.00845,20178.2,0.00846,20042.9,0.00847,23630.4,0.00848,20901.6,0.00849,47608.4,0.00850,19513.4,0.00851,68636.9
binance,bybit,SXPUSDT,0.00850000,0.00838,-1.4118,1774108979000,0.00840000,268214.40000000,0.00830000,1597694.90000000,0.00820000,401402.50000000,0.00810000,864875.70000000,0.00800000,517857.40000000,0.00790000,449571.20000000,0.00780000,1844281.50000000,0.00770000,611533.30000000,0.00760000,1223930.30000000,0.00750000,551031.90000000,0.00850000,183259.60000000,0.00860000,231373.10000000,0.00870000,250864.90000000,0.00880000,158089.90000000,0.00890000,592064.40000000,0.00900000,214855.60000000,0.00910000,39191.70000000,0.00920000,15257.20000000,0.00930000,30618.60000000,0.00940000,955759.60000000,0.00838,919.5,0.00837,24342.7,0.00836,23491.4,0.00835,18883.9,0.00834,17113.6,0.00833,19175.1,0.00832,39579.7,0.00831,17261.0,0.00830,30377.9,0.00829,25740.4,0.00841,68817.9,0.00842,79565.7,0.00843,79490.1,0.00844,19455.0,0.00845,26276.0,0.00846,19869.4,0.00847,47345.2,0.00848,21520.7,0.00849,65930.6,0.00850,19513.4
binance,bybit,SXPUSDT,0.00850000,0.00837,-1.5294,1774108980000,0.00840000,263415.20000000,0.00830000,1597694.90000000,0.00820000,401402.50000000,0.00810000,864875.70000000,0.00800000,520567.90000000,0.00790000,449571.20000000,0.00780000,1844281.50000000,0.00770000,611533.30000000,0.00760000,1223930.30000000,0.00750000,551031.90000000,0.00850000,183259.60000000,0.00860000,231373.10000000,0.00870000,250864.90000000,0.00880000,158089.90000000,0.00890000,592064.40000000,0.00900000,214855.60000000,0.00910000,39191.70000000,0.00920000,15257.20000000,0.00930000,30618.60000000,0.00940000,955759.60000000,0.00837,19662.9,0.00836,19082.0,0.00835,33442.4,0.00834,22113.6,0.00833,17974.7,0.00832,21593.4,0.00831,23358.8,0.00830,41842.5,0.00829,30572.3,0.00828,16684.6,0.00840,9650.5,0.00841,79088.6,0.00842,81514.7,0.00843,79608.7,0.00844,18173.6,0.00845,26276.0,0.00846,43584.2,0.00847,71765.2,0.00848,19571.7,0.00849,17795.8
binance,bybit,SXPUSDT,0.00850000,0.00837,-1.5294,1774108984000,0.00840000,262486.70000000,0.00830000,1634960.60000000,0.00820000,401402.50000000,0.00810000,864875.70000000,0.00800000,520567.90000000,0.00790000,449571.20000000,0.00780000,1844281.50000000,0.00770000,611533.30000000,0.00760000,1223930.30000000,0.00750000,551031.90000000,0.00850000,164298.60000000,0.00860000,231373.10000000,0.00870000,250864.90000000,0.00880000,158089.90000000,0.00890000,592064.40000000,0.00900000,214855.60000000,0.00910000,39191.70000000,0.00920000,15257.20000000,0.00930000,30618.60000000,0.00940000,955759.60000000,0.00837,9667.0,0.00836,19082.0,0.00835,38562.1,0.00834,26523.0,0.00833,17974.7,0.00832,39579.7,0.00831,17261.0,0.00830,18242.0,0.00829,30572.3,0.00828,22782.4,0.00840,69170.9,0.00841,79404.2,0.00842,80754.3,0.00843,83687.7,0.00844,18173.6,0.00845,26394.3,0.00846,43584.2,0.00847,43628.4,0.00848,20633.1,0.00849,47344.8
binance,bybit,SXPUSDT,0.00850000,0.00838,-1.4118,1774108988000,0.00840000,299308.80000000,0.00830000,1634960.60000000,0.00820000,401402.50000000,0.00810000,864875.70000000,0.00800000,520567.90000000,0.00790000,449571.20000000,0.00780000,1844281.50000000,0.00770000,611533.30000000,0.00760000,1223930.30000000,0.00750000,551031.90000000,0.00850000,183259.60000000,0.00860000,231373.10000000,0.00870000,250864.90000000,0.00880000,158089.90000000,0.00890000,592064.40000000,0.00900000,214855.60000000,0.00910000,39191.70000000,0.00920000,15257.20000000,0.00930000,30618.60000000,0.00940000,955759.60000000,0.00838,2481.6,0.00837,6120.1,0.00836,33663.1,0.00835,23884.8,0.00834,26523.0,0.00833,18094.7,0.00832,38372.0,0.00831,17261.0,0.00830,19449.7,0.00829,18436.4,0.00839,59591.3,0.00840,69167.5,0.00841,79404.2,0.00842,80872.9,0.00843,83569.2,0.00844,18173.6,0.00845,38509.1,0.00846,31470.3,0.00847,43628.4,0.00848,20633.1
binance,bybit,SXPUSDT,0.00850000,0.00836,-1.6471,1774108989000,0.00840000,299308.80000000,0.00830000,1634960.60000000,0.00820000,401402.50000000,0.00810000,864875.70000000,0.00800000,520567.90000000,0.00790000,449571.20000000,0.00780000,1844281.50000000,0.00770000,611533.30000000,0.00760000,1223930.30000000,0.00750000,551031.90000000,0.00850000,164298.60000000,0.00860000,231373.10000000,0.00870000,250864.90000000,0.00880000,158089.90000000,0.00890000,592064.40000000,0.00900000,214855.60000000,0.00910000,39191.70000000,0.00920000,15257.20000000,0.00930000,30618.60000000,0.00940000,955759.60000000,0.00836,24227.7,0.00835,18884.8,0.00834,26642.8,0.00833,17974.7,0.00832,17184.0,0.00831,17261.0,0.00830,40637.7,0.00829,18436.4,0.00828,34918.3,0.00827,20608.9,0.00839,59591.3,0.00840,79576.6,0.00841,81353.2,0.00842,80872.9,0.00843,89687.4,0.00844,18173.6,0.00845,44012.2,0.00846,19869.4,0.00847,67695.8,0.00848,20633.1
binance,bybit,SXPUSDT,0.00850000,0.00836,-1.6471,1774108990000,0.00840000,299308.80000000,0.00830000,1634960.60000000,0.00820000,401402.50000000,0.00810000,864875.70000000,0.00800000,520567.90000000,0.00790000,449571.20000000,0.00780000,1844281.50000000,0.00770000,611533.30000000,0.00760000,1223930.30000000,0.00750000,551031.90000000,0.00850000,164298.60000000,0.00860000,231373.10000000,0.00870000,250864.90000000,0.00880000,158089.90000000,0.00890000,592064.40000000,0.00900000,214855.60000000,0.00910000,39191.70000000,0.00920000,15257.20000000,0.00930000,30618.60000000,0.00940000,955759.60000000,0.00836,31575.5,0.00835,18884.8,0.00834,26642.8,0.00833,22974.7,0.00832,17184.0,0.00831,17261.0,0.00830,40637.7,0.00829,18436.4,0.00828,34918.3,0.00827,20608.9,0.00839,59587.9,0.00840,79576.6,0.00841,81353.2,0.00842,80872.9,0.00843,89687.4,0.00844,18173.6,0.00845,44012.2,0.00846,19869.4,0.00847,67695.8,0.00848,20633.1
binance,bybit,SXPUSDT,0.00850000,0.00836,-1.6471,1774108992000,0.00840000,286889.70000000,0.00830000,1634960.60000000,0.00820000,401402.50000000,0.00810000,864875.70000000,0.00800000,520567.90000000,0.00790000,449571.20000000,0.00780000,1844281.50000000,0.00770000,611533.30000000,0.00760000,1223930.30000000,0.00750000,551031.90000000,0.00850000,183259.60000000,0.00860000,231373.10000000,0.00870000,250864.90000000,0.00880000,215149.00000000,0.00890000,535646.40000000,0.00900000,214855.60000000,0.00910000,39191.70000000,0.00920000,15257.20000000,0.00930000,30618.60000000,0.00940000,955759.60000000,0.00836,23978.0,0.00835,18884.8,0.00834,26642.8,0.00833,22974.7,0.00832,17184.0,0.00831,17261.0,0.00830,40637.7,0.00829,18436.4,0.00828,34918.3,0.00827,20608.9,0.00839,69082.3,0.00840,76491.7,0.00841,81353.2,0.00842,80872.9,0.00843,89687.4,0.00844,18173.6,0.00845,32411.3,0.00846,31470.3,0.00847,67695.8,0.00848,20633.1
binance,bybit,SXPUSDT,0.00840000,0.00836,-0.4762,1774108995000,0.00830000,1513874.80000000,0.00820000,409823.20000000,0.00810000,872679.10000000,0.00800000,520567.90000000,0.00790000,567433.40000000,0.00780000,1984563.00000000,0.00770000,611533.30000000,0.00760000,1223930.30000000,0.00750000,551031.90000000,0.00740000,350493.20000000,0.00840000,53256.50000000,0.00850000,385391.10000000,0.00860000,137438.70000000,0.00870000,250864.90000000,0.00880000,215149.00000000,0.00890000,535646.40000000,0.00900000,214855.60000000,0.00910000,39191.70000000,0.00920000,15257.20000000,0.00930000,30618.60000000,0.00836,15567.5,0.00835,18884.8,0.00834,26523.0,0.00833,22974.7,0.00832,17184.1,0.00831,17261.0,0.00830,40758.0,0.00829,18315.9,0.00828,28820.5,0.00827,20729.7,0.00839,59581.1,0.00840,76491.7,0.00841,81353.2,0.00842,80872.9,0.00843,89687.4,0.00844,18173.6,0.00845,44012.2,0.00846,19869.4,0.00847,67695.8,0.00848,20633.1
binance,bybit,SXPUSDT,0.00840000,0.00831,-1.0714,1774108996000,0.00830000,1512091.80000000,0.00820000,409823.20000000,0.00810000,864258.40000000,0.00800000,525210.80000000,0.00790000,567433.40000000,0.00780000,1984563.00000000,0.00770000,611533.30000000,0.00760000,1223930.30000000,0.00750000,551031.90000000,0.00740000,350493.20000000,0.00840000,54185.00000000,0.00850000,388568.90000000,0.00860000,137438.70000000,0.00870000,250864.90000000,0.00880000,215149.00000000,0.00890000,535646.40000000,0.00900000,214855.60000000,0.00910000,39191.70000000,0.00920000,15257.20000000,0.00930000,30618.60000000,0.00831,17407.5,0.00830,25082.0,0.00829,29701.7,0.00828,25074.9,0.00827,26291.5,0.00826,22516.6,0.00825,19766.7,0.00824,27460.2,0.00823,18367.6,0.00822,58327.4,0.00834,1324.9,0.00835,20117.4,0.00836,17734.1,0.00837,31979.2,0.00838,69450.3,0.00839,87681.9,0.00840,100559.1,0.00841,115607.5,0.00842,79684.4,0.00843,83589.6
binance,bybit,SXPUSDT,0.00840000,0.0083,-1.1905,1774108998000,0.00830000,1464103.70000000,0.00820000,457995.00000000,0.00810000,864258.40000000,0.00800000,525210.80000000,0.00790000,567433.40000000,0.00780000,1984563.00000000,0.00770000,611533.30000000,0.00760000,1223930.30000000,0.00750000,551031.90000000,0.00740000,350493.20000000,0.00840000,54185.00000000,0.00850000,391910.00000000,0.00860000,134057.60000000,0.00870000,250864.90000000,0.00880000,215149.00000000,0.00890000,535646.40000000,0.00900000,214855.60000000,0.00910000,39191.70000000,0.00920000,15257.20000000,0.00930000,30618.60000000,0.00830,21526.9,0.00829,28703.9,0.00828,25074.9,0.00827,26291.5,0.00826,16896.6,0.00825,19766.7,0.00824,20805.5,0.00823,32179.5,0.00822,34023.6,0.00821,17316.2,0.00834,19317.0,0.00835,21460.3,0.00836,34576.4,0.00837,44045.9,0.00838,57336.4,0.00839,87801.0,0.00840,88605.6,0.00841,139674.9,0.00842,79565.7,0.00843,83589.6
binance,bybit,SXPUSDT,0.00840000,0.0083,-1.1905,1774109000000,0.00830000,1464103.70000000,0.00820000,475171.90000000,0.00810000,893508.40000000,0.00800000,554460.80000000,0.00790000,596683.40000000,0.00780000,2013813.00000000,0.00770000,640783.30000000,0.00760000,1253180.30000000,0.00750000,580281.90000000,0.00740000,379743.20000000,0.00840000,83435.00000000,0.00850000,421160.00000000,0.00860000,163307.60000000,0.00870000,280114.90000000,0.00880000,244399.00000000,0.00890000,564896.40000000,0.00900000,244105.60000000,0.00910000,68441.70000000,0.00920000,44507.20000000,0.00930000,59868.60000000,0.00830,15488.2,0.00829,28703.9,0.00828,25074.9,0.00827,26291.5,0.00826,17017.6,0.00825,19887.9,0.00824,20805.5,0.00823,32344.8,0.00822,34023.6,0.00821,19727.9,0.00834,19309.8,0.00835,21584.2,0.00836,34576.4,0.00837,43926.6,0.00838,57336.4,0.00839,87801.0,0.00840,88605.6,0.00841,139674.9,0.00842,79565.7,0.00843,87148.3
binance,bybit,SXPUSDT,0.00840000,0.0083,-1.1905,1774109001000,0.00830000,1464103.70000000,0.00820000,458061.90000000,0.00810000,864258.40000000,0.00800000,525210.80000000,0.00790000,567433.40000000,0.00780000,1984563.00000000,0.00770000,611533.30000000,0.00760000,1223930.30000000,0.00750000,551031.90000000,0.00740000,350493.20000000,0.00840000,54185.00000000,0.00850000,391910.00000000,0.00860000,134057.60000000,0.00870000,250864.90000000,0.00880000,215149.00000000,0.00890000,535646.40000000,0.00900000,214855.60000000,0.00910000,39191.70000000,0.00920000,15257.20000000,0.00930000,30618.60000000,0.00830,15488.2,0.00829,28703.9,0.00828,25074.9,0.00827,26291.5,0.00826,17017.6,0.00825,19887.9,0.00824,20805.5,0.00823,32344.8,0.00822,34023.6,0.00821,19727.9,0.00834,19309.8,0.00835,21584.2,0.00836,34576.4,0.00837,43926.6,0.00838,57336.4,0.00839,87801.0,0.00840,88605.6,0.00841,139674.9,0.00842,79565.7,0.00843,87148.3
binance,bybit,SXPUSDT,0.00840000,0.00829,-1.3095,1774109002000,0.00830000,353133.10000000,0.00820000,473188.70000000,0.00810000,872870.70000000,0.00800000,525210.80000000,0.00790000,567433.40000000,0.00780000,1984563.00000000,0.00770000,611533.30000000,0.00760000,1223930.30000000,0.00750000,551031.90000000,0.00740000,350493.20000000,0.00840000,415701.20000000,0.00850000,373077.80000000,0.00860000,134057.60000000,0.00870000,235659.90000000,0.00880000,215149.00000000,0.00890000,535646.40000000,0.00900000,214855.60000000,0.00910000,39191.70000000,0.00920000,15257.20000000,0.00930000,30618.60000000,0.00829,25959.7,0.00828,20074.9,0.00827,21291.5,0.00826,17017.6,0.00825,19887.9,0.00824,20805.5,0.00823,16583.9,0.00822,34023.6,0.00821,19727.9,0.00820,37977.7,0.00832,19620.2,0.00833,22862.6,0.00834,19309.8,0.00835,22659.1,0.00836,34576.4,0.00837,31979.2,0.00838,57336.4,0.00839,87801.0,0.00840,88605.6,0.00841,177940.3
binance,bybit,SXPUSDT,0.00840000,0.00831,-1.0714,1774109006000,0.00830000,350454.70000000,0.00820000,473188.70000000,0.00810000,872870.70000000,0.00800000,525210.80000000,0.00790000,567433.40000000,0.00780000,1984563.00000000,0.00770000,611533.30000000,0.00760000,1223930.30000000,0.00750000,551031.90000000,0.00740000,350493.20000000,0.00840000,459125.60000000,0.00850000,366276.10000000,0.00860000,116306.20000000,0.00870000,235659.90000000,0.00880000,215149.00000000,0.00890000,535646.40000000,0.00900000,214855.60000000,0.00910000,39191.70000000,0.00920000,15257.20000000,0.00930000,30618.60000000,0.00831,266.1,0.00830,21178.1,0.00829,21493.6,0.00828,25074.9,0.00827,26412.3,0.00826,21896.6,0.00825,19887.9,0.00824,16519.4,0.00823,16583.9,0.00822,23658.1,0.00834,19309.8,0.00835,17661.5,0.00836,46538.1,0.00837,31979.2,0.00838,57336.4,0.00839,82681.9,0.00840,100741.5,0.00841,127539.0,0.00842,79565.7,0.00843,87148.3
binance,bybit,SXPUSDT,0.00840000,0.00831,-1.0714,1774109007000,0.00830000,268303.10000000,0.00820000,556398.30000000,0.00810000,872870.70000000,0.00800000,525210.80000000,0.00790000,567433.40000000,0.00780000,1984563.00000000,0.00770000,611533.30000000,0.00760000,1223930.30000000,0.00750000,551031.90000000,0.00740000,350493.20000000,0.00840000,566757.60000000,0.00850000,258644.10000000,0.00860000,116306.20000000,0.00870000,235659.90000000,0.00880000,215149.00000000,0.00890000,535646.40000000,0.00900000,214855.60000000,0.00910000,39191.70000000,0.00920000,15257.20000000,0.00930000,30618.60000000,0.00831,266.1,0.00830,21178.1,0.00829,26493.6,0.00828,25074.9,0.00827,26412.3,0.00826,21896.6,0.00825,19887.9,0.00824,16519.4,0.00823,16583.9,0.00822,26066.9,0.00832,12.0,0.00834,10835.2,0.00835,17661.5,0.00836,46538.1,0.00837,31979.2,0.00838,57336.4,0.00839,82681.9,0.00840,100741.5,0.00841,127539.0,0.00842,79565.7
binance,bybit,SXPUSDT,0.00840000,0.00831,-1.0714,1774109009000,0.00830000,268303.10000000,0.00820000,556398.30000000,0.00810000,872870.70000000,0.00800000,583858.00000000,0.00790000,567433.40000000,0.00780000,1984563.00000000,0.00770000,611533.30000000,0.00760000,1223930.30000000,0.00750000,551031.90000000,0.00740000,350493.20000000,0.00840000,566757.60000000,0.00850000,258644.10000000,0.00860000,116306.20000000,0.00870000,235659.90000000,0.00880000,215149.00000000,0.00890000,535646.40000000,0.00900000,214855.60000000,0.00910000,39191.70000000,0.00920000,15257.20000000,0.00930000,30618.60000000,0.00831,18925.2,0.00830,21178.1,0.00829,21494.5,0.00828,20074.9,0.00827,26412.3,0.00826,21896.6,0.00825,19887.9,0.00824,16519.4,0.00823,17798.9,0.00822,26066.9,0.00834,15835.2,0.00835,22661.5,0.00836,34576.4,0.00837,43926.6,0.00838,45403.2,0.00839,82682.8,0.00840,101931.9,0.00841,127539.0,0.00842,79565.7,0.00843,87148.3
binance,bybit,SXPUSDT,0.00840000,0.00831,-1.0714,1774109010000,,,,,,,,,,,,,,,,,,,,,,,,,,,,,,,,,,,,,,,,,0.00831,5498.2,0.00830,21178.1,0.00829,21494.5,0.00828,25074.9,0.00827,26412.3,0.00826,21896.6,0.00825,19887.9,0.00824,16519.4,0.00823,17798.9,0.00822,26066.9,0.00834,15831.6,0.00835,22661.5,0.00836,34576.4,0.00837,43926.6,0.00838,45403.2,0.00839,82682.8,0.00840,101931.9,0.00841,127539.0,0.00842,79565.7,0.00843,87148.3
binance,bybit,SXPUSDT,0.00840000,0.0083,-1.1905,1774109011000,0.00830000,268303.10000000,0.00820000,556398.30000000,0.00810000,872870.70000000,0.00800000,583858.00000000,0.00790000,567433.40000000,0.00780000,1984563.00000000,0.00770000,611533.30000000,0.00760000,1223930.30000000,0.00750000,551031.90000000,0.00740000,350493.20000000,0.00840000,566757.60000000,0.00850000,258644.10000000,0.00860000,116306.20000000,0.00870000,235659.90000000,0.00880000,215149.00000000,0.00890000,535646.40000000,0.00900000,214855.60000000,0.00910000,39191.70000000,0.00920000,15257.20000000,0.00930000,30618.60000000,0.00830,10707.5,0.00829,8484.5,0.00828,24865.2,0.00827,26202.6,0.00826,21896.6,0.00825,19887.9,0.00824,16519.4,0.00823,17798.9,0.00822,26066.9,0.00821,21602.3,0.00831,8410.6,0.00833,19771.6,0.00834,15951.3,0.00835,22661.5,0.00836,34576.4,0.00837,43926.6,0.00838,45403.2,0.00839,82682.8,0.00840,101931.9,0.00841,127539.0
binance,bybit,SXPUSDT,0.00840000,0.0083,-1.1905,1774109012000,0.00830000,268303.10000000,0.00820000,556398.30000000,0.00810000,872870.70000000,0.00800000,583858.00000000,0.00790000,567433.40000000,0.00780000,1984563.00000000,0.00770000,611533.30000000,0.00760000,1223930.30000000,0.00750000,551031.90000000,0.00740000,350493.20000000,0.00840000,568444.60000000,0.00850000,258644.10000000,0.00860000,116306.20000000,0.00870000,235659.90000000,0.00880000,215149.00000000,0.00890000,535646.40000000,0.00900000,214855.60000000,0.00910000,39191.70000000,0.00920000,15257.20000000,0.00930000,30618.60000000,0.00830,1443.5,0.00829,8484.5,0.00828,24865.2,0.00827,26202.6,0.00826,21896.6,0.00825,19887.9,0.00824,16519.4,0.00823,17798.9,0.00822,26066.9,0.00821,21602.3,0.00832,18202.8,0.00833,19771.6,0.00834,17153.7,0.00835,21460.3,0.00836,46538.1,0.00837,43926.6,0.00838,96377.3,0.00839,106750.2,0.00840,113885.4,0.00841,79404.2
binance,bybit,SXPUSDT,0.00840000,0.0083,-1.1905,1774109021000,0.00830000,297553.10000000,0.00820000,585648.30000000,0.00810000,902120.70000000,0.00800000,613108.00000000,0.00790000,596683.40000000,0.00780000,2013813.00000000,0.00770000,640783.30000000,0.00760000,1253180.30000000,0.00750000,551031.90000000,0.00740000,350493.20000000,0.00840000,460812.60000000,0.00850000,432311.30000000,0.00860000,145556.20000000,0.00870000,264909.90000000,0.00880000,244399.00000000,0.00890000,595713.60000000,0.00900000,244105.60000000,0.00910000,68441.70000000,0.00920000,15257.20000000,0.00930000,30618.60000000,0.00830,20273.6,0.00829,21456.0,0.00828,23802.2,0.00827,56323.5,0.00826,21896.6,0.00825,19766.7,0.00824,16519.4,0.00823,17920.3,0.00822,23658.1,0.00821,19606.3,0.00833,6202.8,0.00834,23746.5,0.00835,23804.9,0.00836,22614.7,0.00837,55874.0,0.00838,69118.0,0.00839,95149.3,0.00840,117456.8,0.00841,79523.0,0.00842,79565.7
binance,bybit,SXPUSDT,0.00840000,0.00831,-1.0714,1774109041000,0.00830000,268303.10000000,0.00820000,556398.30000000,0.00810000,872870.70000000,0.00800000,639629.60000000,0.00790000,567433.40000000,0.00780000,1984563.00000000,0.00770000,611533.30000000,0.00760000,1223930.30000000,0.00750000,551031.90000000,0.00740000,350493.20000000,0.00840000,460812.60000000,0.00850000,403061.30000000,0.00860000,116306.20000000,0.00870000,223765.40000000,0.00880000,272208.10000000,0.00890000,510045.60000000,0.00900000,214855.60000000,0.00910000,39191.70000000,0.00920000,15257.20000000,0.00930000,30618.60000000,0.00831,9986.9,0.00830,19430.3,0.00829,22975.1,0.00828,22526.4,0.00827,55734.6,0.00826,21896.6,0.00825,19887.9,0.00824,16519.4,0.00823,17798.9,0.00822,26066.9,0.00834,9814.1,0.00835,23804.9,0.00836,34695.8,0.00837,31237.9,0.00838,45403.2,0.00839,21894.0,0.00840,47928.5,0.00841,68211.9,0.00842,20302.0,0.00843,55766.1
binance,bybit,SXPUSDT,0.00840000,0.00831,-1.0714,1774109044000,0.00830000,268303.10000000,0.00820000,556398.30000000,0.00810000,872870.70000000,0.00800000,639629.60000000,0.00790000,567433.40000000,0.00780000,1984563.00000000,0.00770000,611533.30000000,0.00760000,1223930.30000000,0.00750000,551031.90000000,0.00740000,350493.20000000,0.00840000,460812.60000000,0.00850000,403061.30000000,0.00860000,116306.20000000,0.00870000,223765.40000000,0.00880000,348254.50000000,0.00890000,434640.30000000,0.00900000,214855.60000000,0.00910000,39191.70000000,0.00920000,15257.20000000,0.00930000,30618.60000000,0.00831,19369.7,0.00830,35837.3,0.00829,22975.1,0.00828,22526.4,0.00827,25734.6,0.00826,21896.6,0.00825,19887.9,0.00824,16519.4,0.00823,17798.9,0.00822,26066.9,0.00834,1437.5,0.00835,18685.3,0.00836,22614.7,0.00837,31357.2,0.00838,45403.2,0.00839,22013.1,0.00840,44357.1,0.00841,68211.9,0.00842,20183.3,0.00843,23757.3
binance,bybit,SXPUSDT,0.00840000,0.00832,-0.9524,1774109051000,0.00830000,293144.80000000,0.00820000,585648.30000000,0.00810000,902120.70000000,0.00800000,668879.60000000,0.00790000,596683.40000000,0.00780000,2013813.00000000,0.00770000,640783.30000000,0.00760000,1253180.30000000,0.00750000,580281.90000000,0.00740000,379743.20000000,0.00840000,460812.60000000,0.00850000,432311.30000000,0.00860000,145556.20000000,0.00870000,253015.40000000,0.00880000,320445.40000000,0.00890000,463890.30000000,0.00900000,244105.60000000,0.00910000,68441.70000000,0.00920000,44507.20000000,0.00930000,59868.60000000,0.00831,1597.0,0.00830,67493.5,0.00829,16501.9,0.00828,17526.4,0.00827,25613.8,0.00826,22017.6,0.00825,19887.9,0.00824,16519.4,0.00823,17798.9,0.00822,23658.1,0.00832,7.1,0.00833,18936.7,0.00834,18739.4,0.00835,18685.3,0.00836,17853.6,0.00837,31237.9,0.00838,57517.1,0.00839,21894.0,0.00840,56310.6,0.00841,44144.5
binance,bybit,SXPUSDT,0.00840000,0.00827,-1.5476,1774109071000,0.00830000,257471.50000000,0.00820000,556398.30000000,0.00810000,934491.10000000,0.00800000,639629.60000000,0.00790000,567433.40000000,0.00780000,1984563.00000000,0.00770000,611533.30000000,0.00760000,1223930.30000000,0.00750000,551031.90000000,0.00740000,350493.20000000,0.00840000,460812.60000000,0.00850000,403061.30000000,0.00860000,116306.20000000,0.00870000,281480.40000000,0.00880000,291195.40000000,0.00890000,434640.30000000,0.00900000,214855.60000000,0.00910000,39191.70000000,0.00920000,15257.20000000,0.00930000,30618.60000000,0.00827,1216.6,0.00826,14674.2,0.00825,25009.0,0.00824,21519.4,0.00823,22798.9,0.00822,17560.3,0.00821,17316.2,0.00820,23632.8,0.00819,21824.9,0.00818,26203.2,0.00828,24.0,0.00829,23.1,0.00830,41410.3,0.00831,24960.2,0.00832,22627.4,0.00833,19091.1,0.00834,24592.1,0.00835,63085.0,0.00836,60686.8,0.00837,22516.6
binance,bybit,SXPUSDT,0.00840000,0.00827,-1.5476,1774109072000,0.00830000,248123.40000000,0.00820000,556398.30000000,0.00810000,934491.10000000,0.00800000,639629.60000000,0.00790000,567433.40000000,0.00780000,1984563.00000000,0.00770000,611533.30000000,0.00760000,1223930.30000000,0.00750000,551031.90000000,0.00740000,350493.20000000,0.00840000,460812.60000000,0.00850000,403061.30000000,0.00860000,116306.20000000,0.00870000,281480.40000000,0.00880000,291195.40000000,0.00890000,434640.30000000,0.00900000,214855.60000000,0.00910000,39191.70000000,0.00920000,15257.20000000,0.00930000,30618.60000000,0.00827,612.1,0.00826,14674.2,0.00825,25009.0,0.00824,21519.4,0.00823,22798.9,0.00822,17560.3,0.00821,17316.2,0.00820,23632.8,0.00819,21824.9,0.00818,26203.2,0.00829,5023.1,0.00830,41410.3,0.00831,24960.2,0.00832,22627.4,0.00833,19091.1,0.00834,24592.1,0.00835,63085.0,0.00836,36619.4,0.00837,46584.0,0.00838,55537.7
binance,bybit,SXPUSDT,0.00840000,0.00825,-1.7857,1774109074000,0.00830000,248123.40000000,0.00820000,556398.30000000,0.00810000,934491.10000000,0.00800000,639629.60000000,0.00790000,567433.40000000,0.00780000,1984563.00000000,0.00770000,611533.30000000,0.00760000,1223930.30000000,0.00750000,551031.90000000,0.00740000,350493.20000000,0.00840000,407556.10000000,0.00850000,403061.30000000,0.00860000,116306.20000000,0.00870000,281480.40000000,0.00880000,291195.40000000,0.00890000,434640.30000000,0.00900000,214855.60000000,0.00910000,39191.70000000,0.00920000,15257.20000000,0.00930000,30618.60000000,0.00825,32239.3,0.00824,22973.9,0.00823,21705.3,0.00822,17681.9,0.00821,17194.6,0.00820,17535.7,0.00819,21824.9,0.00818,26325.3,0.00817,22577.2,0.00816,32392.7,0.00829,21859.2,0.00830,41417.4,0.00831,24840.0,0.00832,24696.4,0.00833,58490.8,0.00834,35451.7,0.00835,59889.5,0.00836,18810.8,0.00837,46584.0,0.00838,19334.4
binance,bybit,SXPUSDT,0.00840000,0.00828,-1.4286,1774109078000,0.00830000,194866.90000000,0.00820000,556398.30000000,0.00810000,934491.10000000,0.00800000,639629.60000000,0.00790000,567433.40000000,0.00780000,1984563.00000000,0.00770000,611533.30000000,0.00760000,1223930.30000000,0.00750000,551031.90000000,0.00740000,350493.20000000,0.00840000,515188.10000000,0.00850000,295429.30000000,0.00860000,116306.20000000,0.00870000,281480.40000000,0.00880000,291195.40000000,0.00890000,434640.30000000,0.00900000,214855.60000000,0.00910000,39191.70000000,0.00920000,15257.20000000,0.00930000,30618.60000000,0.00828,74476.9,0.00827,21071.8,0.00826,18206.8,0.00825,23951.5,0.00824,22973.9,0.00823,21705.3,0.00822,17681.9,0.00821,17194.6,0.00820,27535.7,0.00819,21824.9,0.00830,9525.0,0.00831,9397.6,0.00832,22627.4,0.00833,46376.9,0.00834,23850.8,0.00835,47936.0,0.00836,32360.7,0.00837,46584.0,0.00838,19334.4,0.00839,34359.6
binance,bybit,SXPUSDT,0.00840000,0.00829,-1.3095,1774109079000,0.00830000,269157.50000000,0.00820000,594346.50000000,0.00810000,1150059.90000000,0.00800000,639629.60000000,0.00790000,566800.40000000,0.00780000,1985204.10000000,0.00770000,611533.30000000,0.00760000,1223930.30000000,0.00750000,551031.90000000,0.00740000,350493.20000000,0.00840000,515188.10000000,0.00850000,295429.30000000,0.00860000,116306.20000000,0.00870000,281480.40000000,0.00880000,291195.40000000,0.00890000,434640.30000000,0.00900000,214855.60000000,0.00910000,39191.70000000,0.00920000,15257.20000000,0.00930000,30618.60000000,0.00829,60313.6,0.00828,65083.2,0.00827,21073.4,0.00826,18690.1,0.00825,23951.5,0.00824,22973.9,0.00823,21705.3,0.00822,17681.9,0.00821,17194.6,0.00820,27535.7,0.00831,9277.3,0.00832,17507.4,0.00833,40279.1,0.00834,23970.5,0.00835,35822.1,0.00836,23712.5,0.00837,42647.2,0.00838,19215.2,0.00839,61567.8,0.00840,20658.2
binance,bybit,SXPUSDT,0.00840000,0.0083,-1.1905,1774109090000,0.00830000,269765.90000000,0.00820000,1020358.50000000,0.00810000,1150059.90000000,0.00800000,639629.60000000,0.00790000,566800.40000000,0.00780000,1985204.10000000,0.00770000,656908.30000000,0.00760000,1223930.30000000,0.00750000,551031.90000000,0.00740000,350493.20000000,0.00840000,515188.10000000,0.00850000,295429.30000000,0.00860000,116306.20000000,0.00870000,281480.40000000,0.00880000,291195.40000000,0.00890000,434640.30000000,0.00900000,214855.60000000,0.00910000,39191.70000000,0.00920000,15257.20000000,0.00930000,30618.60000000,0.00830,10722.1,0.00829,18204.3,0.00828,23826.7,0.00827,23818.1,0.00826,29074.0,0.00825,30900.5,0.00824,49857.4,0.00823,16705.3,0.00822,17560.3,0.00821,17194.6,0.00833,17543.7,0.00834,23778.6,0.00835,34918.6,0.00836,18099.9,0.00837,42096.9,0.00838,27360.8,0.00839,43435.9,0.00840,41035.3,0.00841,45354.0,0.00842,21370.9
binance,bybit,SXPUSDT,0.00840000,0.0083,-1.1905,1774109091000,0.00830000,299015.90000000,0.00820000,1049608.50000000,0.00810000,1179309.90000000,0.00800000,668879.60000000,0.00790000,596050.40000000,0.00780000,2014454.10000000,0.00770000,686158.30000000,0.00760000,1253180.30000000,0.00750000,580281.90000000,0.00740000,379743.20000000,0.00840000,515188.10000000,0.00850000,324679.30000000,0.00860000,145556.20000000,0.00870000,310730.40000000,0.00880000,320445.40000000,0.00890000,463890.30000000,0.00900000,244105.60000000,0.00910000,68441.70000000,0.00920000,44507.20000000,0.00930000,59868.60000000,0.00830,10723.9,0.00829,18204.3,0.00828,23826.7,0.00827,23818.1,0.00826,29074.0,0.00825,30900.5,0.00824,49857.4,0.00823,16705.3,0.00822,17560.3,0.00821,17194.6,0.00833,17543.7,0.00834,23778.6,0.00835,34918.6,0.00836,18099.9,0.00837,42096.9,0.00838,27360.8,0.00839,43435.9,0.00840,41035.3,0.00841,45354.0,0.00842,21370.9
binance,bybit,SXPUSDT,0.00840000,0.00833,-0.8333,1774109095000,0.00830000,269765.90000000,0.00820000,1020358.50000000,0.00810000,1150059.90000000,0.00800000,639629.60000000,0.00790000,566800.40000000,0.00780000,1985204.10000000,0.00770000,656908.30000000,0.00760000,1223930.30000000,0.00750000,551031.90000000,0.00740000,350493.20000000,0.00840000,407556.10000000,0.00850000,403061.30000000,0.00860000,116306.20000000,0.00870000,281480.40000000,0.00880000,291195.40000000,0.00890000,434640.30000000,0.00900000,214855.60000000,0.00910000,39191.70000000,0.00920000,15257.20000000,0.00930000,30618.60000000,0.00833,12.0,0.00832,69531.6,0.00831,78688.7,0.00830,18889.3,0.00829,22490.4,0.00828,29924.4,0.00827,25646.2,0.00826,50814.6,0.00825,29072.6,0.00824,17732.9,0.00835,20309.8,0.00836,18099.9,0.00837,24051.7,0.00838,37345.0,0.00839,31640.1,0.00840,23065.7,0.00841,45001.4,0.00842,23319.9,0.00843,70745.3,0.00844,20143.6
binance,bybit,SXPUSDT,0.00840000,0.00833,-0.8333,1774109096000,0.00830000,269765.90000000,0.00820000,1020358.50000000,0.00810000,1150059.90000000,0.00800000,639629.60000000,0.00790000,566800.40000000,0.00780000,1985204.10000000,0.00770000,656908.30000000,0.00760000,1223930.30000000,0.00750000,551031.90000000,0.00740000,350493.20000000,0.00840000,407556.10000000,0.00850000,403061.30000000,0.00860000,116306.20000000,0.00870000,281480.40000000,0.00880000,291195.40000000,0.00890000,434640.30000000,0.00900000,214855.60000000,0.00910000,39191.70000000,0.00920000,15257.20000000,0.00930000,30618.60000000,0.00833,12.0,0.00832,69538.7,0.00831,78688.7,0.00830,18889.3,0.00829,22490.4,0.00828,29924.4,0.00827,25646.2,0.00826,50814.6,0.00825,29072.6,0.00824,17732.9,0.00835,20238.4,0.00836,17980.4,0.00837,23932.4,0.00838,37464.2,0.00839,31640.1,0.00840,23184.7,0.00841,45001.4,0.00842,23319.9,0.00843,70626.8,0.00844,20143.6
binance,bybit,SXPUSDT,0.00840000,0.00833,-0.8333,1774109101000,0.00830000,269765.90000000,0.00820000,1020358.50000000,0.00810000,1150059.90000000,0.00800000,639629.60000000,0.00790000,566800.40000000,0.00780000,1984563.00000000,0.00770000,656908.30000000,0.00760000,1223930.30000000,0.00750000,551031.90000000,0.00740000,350493.20000000,0.00840000,407556.10000000,0.00850000,403061.30000000,0.00860000,116306.20000000,0.00870000,281480.40000000,0.00880000,291195.40000000,0.00890000,434640.30000000,0.00900000,214855.60000000,0.00910000,39191.70000000,0.00920000,15257.20000000,0.00930000,30618.60000000,0.00833,12.0,0.00832,69538.7,0.00831,69635.9,0.00830,18889.3,0.00829,22490.4,0.00828,29924.4,0.00827,25646.2,0.00826,50814.6,0.00825,29072.6,0.00824,16519.4,0.00834,1544.6,0.00835,34483.5,0.00836,22980.4,0.00837,24051.7,0.00838,25411.8,0.00839,31640.1,0.00840,23184.7,0.00841,45001.4,0.00842,22132.3,0.00843,70626.8
binance,bybit,SXPUSDT,0.00840000,0.00833,-0.8333,1774109108000,0.00830000,269157.50000000,0.00820000,1020358.50000000,0.00810000,1150059.90000000,0.00800000,639629.60000000,0.00790000,563620.30000000,0.00780000,1984563.00000000,0.00770000,656908.30000000,0.00760000,1223930.30000000,0.00750000,551031.90000000,0.00740000,350493.20000000,0.00840000,407556.10000000,0.00850000,403061.30000000,0.00860000,116306.20000000,0.00870000,300467.70000000,0.00880000,272208.10000000,0.00890000,434640.30000000,0.00900000,214855.60000000,0.00910000,39191.70000000,0.00920000,15257.20000000,0.00930000,30618.60000000,0.00833,1416.2,0.00832,81390.6,0.00831,79042.4,0.00830,18889.3,0.00829,24940.7,0.00828,29924.4,0.00827,20646.2,0.00826,50814.6,0.00825,40082.2,0.00824,45169.3,0.00836,22275.4,0.00837,48597.2,0.00838,24215.2,0.00839,31759.1,0.00840,24690.2,0.00841,45001.4,0.00842,22132.3,0.00843,70626.8,0.00844,20143.6,0.00845,20334.7
binance,bybit,SXPUSDT,0.00840000,0.00833,-0.8333,1774109109000,0.00830000,269157.50000000,0.00820000,1020358.50000000,0.00810000,1150059.90000000,0.00800000,639629.60000000,0.00790000,563620.30000000,0.00780000,1985204.10000000,0.00770000,656908.30000000,0.00760000,1223930.30000000,0.00750000,551031.90000000,0.00740000,350493.20000000,0.00840000,388595.10000000,0.00850000,403061.30000000,0.00860000,116306.20000000,0.00870000,300467.70000000,0.00880000,272208.10000000,0.00890000,434640.30000000,0.00900000,214855.60000000,0.00910000,39191.70000000,0.00920000,15257.20000000,0.00930000,30618.60000000,0.00833,1416.2,0.00832,81390.6,0.00831,79042.4,0.00830,18889.3,0.00829,24942.5,0.00828,29924.4,0.00827,20646.2,0.00826,50814.6,0.00825,40081.3,0.00824,45169.3,0.00836,18094.3,0.00837,48597.2,0.00838,24215.2,0.00839,31759.1,0.00840,24690.2,0.00841,45001.4,0.00842,22132.3,0.00843,70626.8,0.00844,20148.7,0.00845,20334.7
binance,bybit,SXPUSDT,0.00840000,0.00834,-0.7143,1774109111000,0.00830000,298407.50000000,0.00820000,1049608.50000000,0.00810000,1179309.90000000,0.00800000,639629.60000000,0.00790000,563620.30000000,0.00780000,1984563.00000000,0.00770000,656908.30000000,0.00760000,1223930.30000000,0.00750000,551031.90000000,0.00740000,350493.20000000,0.00840000,417845.10000000,0.00850000,432311.30000000,0.00860000,145556.20000000,0.00870000,300467.70000000,0.00880000,272208.10000000,0.00890000,434640.30000000,0.00900000,214855.60000000,0.00910000,39191.70000000,0.00920000,15257.20000000,0.00930000,30618.60000000,0.00834,0.6,0.00833,3743.1,0.00832,81390.6,0.00831,79042.4,0.00830,18889.3,0.00829,23738.7,0.00828,44299.8,0.00827,18697.2,0.00826,36439.2,0.00825,40081.3,0.00836,19241.7,0.00837,48597.2,0.00838,24215.2,0.00839,31759.1,0.00840,25537.4,0.00841,33400.5,0.00842,22132.4,0.00843,58160.3,0.00844,20148.7,0.00845,44402.1
binance,bybit,SXPUSDT,0.00840000,0.00833,-0.8333,1774109112000,0.00830000,269157.50000000,0.00820000,1020358.50000000,0.00810000,1737483.70000000,0.00800000,639629.60000000,0.00790000,563620.30000000,0.00780000,1985204.10000000,0.00770000,656908.30000000,0.00760000,1223930.30000000,0.00750000,551031.90000000,0.00740000,350493.20000000,0.00840000,407556.10000000,0.00850000,403061.30000000,0.00860000,116306.20000000,0.00870000,300467.70000000,0.00880000,272208.10000000,0.00890000,434640.30000000,0.00900000,214855.60000000,0.00910000,39191.70000000,0.00920000,15257.20000000,0.00930000,30618.60000000,0.00833,12.0,0.00832,71989.0,0.00831,69635.9,0.00830,18889.3,0.00829,26110.5,0.00828,44299.8,0.00827,18697.2,0.00826,36439.2,0.00825,40081.3,0.00824,45169.3,0.00835,16995.0,0.00836,25650.1,0.00837,48597.2,0.00838,24334.4,0.00839,31640.1,0.00840,23184.7,0.00841,33400.5,0.00842,22132.4,0.00843,58160.3,0.00844,20148.7
binance,bybit,SXPUSDT,0.00840000,0.00833,-0.8333,1774109113000,0.00830000,269157.50000000,0.00820000,1020358.50000000,0.00810000,1737483.70000000,0.00800000,639629.60000000,0.00790000,563620.30000000,0.00780000,1985204.10000000,0.00770000,656908.30000000,0.00760000,1223930.30000000,0.00750000,551031.90000000,0.00740000,350493.20000000,0.00840000,388595.10000000,0.00850000,403061.30000000,0.00860000,116306.20000000,0.00870000,300467.70000000,0.00880000,272208.10000000,0.00890000,434640.30000000,0.00900000,214855.60000000,0.00910000,39191.70000000,0.00920000,15257.20000000,0.00930000,30618.60000000,0.00833,12.0,0.00832,71989.0,0.00831,79090.3,0.00830,18889.3,0.00829,26110.5,0.00828,29924.4,0.00827,20646.2,0.00826,50814.6,0.00825,40081.3,0.00824,45169.3,0.00835,12252.8,0.00836,25650.1,0.00837,48597.2,0.00838,24334.4,0.00839,31640.1,0.00840,23184.7,0.00841,45001.4,0.00842,22132.4,0.00843,71813.0,0.00844,20148.7
binance,bybit,SXPUSDT,0.00840000,0.00833,-0.8333,1774109114000,0.00830000,269157.50000000,0.00820000,1020358.50000000,0.00810000,1737483.70000000,0.00800000,639629.60000000,0.00790000,563620.30000000,0.00780000,1985204.10000000,0.00770000,656908.30000000,0.00760000,1223930.30000000,0.00750000,551031.90000000,0.00740000,350493.20000000,0.00840000,388595.10000000,0.00850000,403061.30000000,0.00860000,116306.20000000,0.00870000,300467.70000000,0.00880000,272208.10000000,0.00890000,434640.30000000,0.00900000,214855.60000000,0.00910000,39191.70000000,0.00920000,15257.20000000,0.00930000,30618.60000000,0.00833,12.0,0.00832,71989.0,0.00831,79090.3,0.00830,18889.3,0.00829,26110.5,0.00828,29924.4,0.00827,20646.2,0.00826,50814.6,0.00825,40081.3,0.00824,45169.3,0.00835,9276.8,0.00836,25650.1,0.00837,48597.2,0.00838,24334.4,0.00839,31640.1,0.00840,23184.7,0.00841,45001.4,0.00842,22132.4,0.00843,71813.0,0.00844,20148.7
binance,bybit,SXPUSDT,0.00840000,0.00833,-0.8333,1774109115000,0.00830000,269157.50000000,0.00820000,1020358.50000000,0.00810000,1737483.70000000,0.00800000,639629.60000000,0.00790000,563620.30000000,0.00780000,1985204.10000000,0.00770000,656908.30000000,0.00760000,1223930.30000000,0.00750000,551031.90000000,0.00740000,350493.20000000,0.00840000,388595.10000000,0.00850000,403061.30000000,0.00860000,116306.20000000,0.00870000,300467.70000000,0.00880000,272208.10000000,0.00890000,434640.30000000,0.00900000,214855.60000000,0.00910000,39191.70000000,0.00920000,15257.20000000,0.00930000,30618.60000000,0.00833,12.0,0.00832,71989.0,0.00831,79090.3,0.00830,18889.3,0.00829,26110.5,0.00828,29924.4,0.00827,20646.2,0.00826,50814.6,0.00825,40081.3,0.00824,45169.3,0.00835,6300.8,0.00836,25650.1,0.00837,48597.2,0.00838,24334.4,0.00839,31640.1,0.00840,23184.7,0.00841,45001.4,0.00842,22132.4,0.00843,71813.0,0.00844,20148.7
binance,bybit,SXPUSDT,0.00840000,0.00833,-0.8333,1774109118000,0.00830000,297974.00000000,0.00820000,1020358.50000000,0.00810000,1737483.70000000,0.00800000,639629.60000000,0.00790000,563620.30000000,0.00780000,1985204.10000000,0.00770000,656908.30000000,0.00760000,1223930.30000000,0.00750000,551031.90000000,0.00740000,350493.20000000,0.00840000,388595.10000000,0.00850000,403061.30000000,0.00860000,116306.20000000,0.00870000,300467.70000000,0.00880000,263816.30000000,0.00890000,434640.30000000,0.00900000,214855.60000000,0.00910000,39191.70000000,0.00920000,15257.20000000,0.00930000,30618.60000000,0.00833,12.0,0.00832,71989.0,0.00831,79090.3,0.00830,18889.3,0.00829,26110.5,0.00828,29924.4,0.00827,20646.2,0.00826,50814.6,0.00825,40081.3,0.00824,45169.3,0.00835,5110.4,0.00836,25650.1,0.00837,48597.2,0.00838,24334.4,0.00839,31640.1,0.00840,23184.7,0.00841,45001.4,0.00842,22132.4,0.00843,71813.0,0.00844,20148.7
binance,bybit,SXPUSDT,0.00840000,0.00833,-0.8333,1774109119000,0.00830000,297974.00000000,0.00820000,1020358.50000000,0.00810000,1737483.70000000,0.00800000,639629.60000000,0.00790000,563620.30000000,0.00780000,1985204.10000000,0.00770000,656908.30000000,0.00760000,1223930.30000000,0.00750000,551031.90000000,0.00740000,350493.20000000,0.00840000,407556.10000000,0.00850000,403061.30000000,0.00860000,116306.20000000,0.00870000,300467.70000000,0.00880000,263816.30000000,0.00890000,434640.30000000,0.00900000,214855.60000000,0.00910000,39191.70000000,0.00920000,15257.20000000,0.00930000,30618.60000000,0.00833,12.0,0.00832,71989.0,0.00831,79090.3,0.00830,18889.3,0.00829,26110.5,0.00828,29924.4,0.00827,20646.2,0.00826,50814.6,0.00825,40081.3,0.00824,45169.3,0.00835,5776.4,0.00836,25650.1,0.00837,48597.2,0.00838,24334.4,0.00839,31640.1,0.00840,23184.7,0.00841,45001.4,0.00842,22132.4,0.00843,71813.0,0.00844,20148.7
binance,bybit,SXPUSDT,0.00840000,0.00833,-0.8333,1774109121000,0.00830000,297974.00000000,0.00820000,1020358.50000000,0.00810000,1737483.70000000,0.00800000,639629.60000000,0.00790000,563620.30000000,0.00780000,1985204.10000000,0.00770000,656908.30000000,0.00760000,1223930.30000000,0.00750000,551031.90000000,0.00740000,350493.20000000,0.00840000,388595.10000000,0.00850000,463101.60000000,0.00860000,56265.90000000,0.00870000,300467.70000000,0.00880000,263816.30000000,0.00890000,434640.30000000,0.00900000,214855.60000000,0.00910000,39191.70000000,0.00920000,15257.20000000,0.00930000,30618.60000000,0.00833,12.0,0.00832,71989.0,0.00831,69635.9,0.00830,18889.3,0.00829,26110.5,0.00828,29924.4,0.00827,20646.2,0.00826,50814.6,0.00825,40081.3,0.00824,45169.3,0.00834,53.6,0.00835,13703.0,0.00836,25650.1,0.00837,48597.2,0.00838,24334.4,0.00839,31640.1,0.00840,23184.7,0.00841,45001.4,0.00842,22132.4,0.00843,71813.0
binance,bybit,SXPUSDT,0.00840000,0.00833,-0.8333,1774109122000,0.00830000,297974.00000000,0.00820000,1020358.50000000,0.00810000,1737483.70000000,0.00800000,639629.60000000,0.00790000,563620.30000000,0.00780000,1985204.10000000,0.00770000,656908.30000000,0.00760000,1223930.30000000,0.00750000,551031.90000000,0.00740000,350493.20000000,0.00840000,407556.10000000,0.00850000,463101.60000000,0.00860000,56265.90000000,0.00870000,300467.70000000,0.00880000,263816.30000000,0.00890000,434640.30000000,0.00900000,214855.60000000,0.00910000,39191.70000000,0.00920000,15257.20000000,0.00930000,30618.60000000,0.00833,12.0,0.00832,71989.0,0.00831,78296.6,0.00830,18889.3,0.00829,26110.5,0.00828,29924.4,0.00827,20646.2,0.00826,50814.6,0.00825,40081.3,0.00824,45169.3,0.00834,53.6,0.00835,13037.0,0.00836,25650.1,0.00837,48597.2,0.00838,24334.4,0.00839,31640.1,0.00840,23184.7,0.00841,45001.4,0.00842,22132.4,0.00843,71813.0
binance,bybit,SXPUSDT,0.00840000,0.00833,-0.8333,1774109124000,0.00830000,297974.00000000,0.00820000,1020358.50000000,0.00810000,1737483.70000000,0.00800000,639629.60000000,0.00790000,563620.30000000,0.00780000,1985204.10000000,0.00770000,656908.30000000,0.00760000,1223930.30000000,0.00750000,551031.90000000,0.00740000,350493.20000000,0.00840000,407556.10000000,0.00850000,463101.60000000,0.00860000,56265.90000000,0.00870000,300467.70000000,0.00880000,263816.30000000,0.00890000,434640.30000000,0.00900000,214855.60000000,0.00910000,39191.70000000,0.00920000,15257.20000000,0.00930000,30618.60000000,0.00833,246.2,0.00832,71989.0,0.00831,78296.6,0.00830,18889.3,0.00829,26110.5,0.00828,29924.4,0.00827,20646.2,0.00826,50814.6,0.00825,40081.3,0.00824,45169.3,0.00835,13037.0,0.00836,25650.1,0.00837,48597.2,0.00838,24334.4,0.00839,31640.1,0.00840,23184.7,0.00841,45001.4,0.00842,22132.4,0.00843,71813.0,0.00844,20148.7
binance,bybit,SXPUSDT,0.00840000,0.00833,-0.8333,1774109127000,0.00830000,297974.00000000,0.00820000,1020358.50000000,0.00810000,1737483.70000000,0.00800000,639629.60000000,0.00790000,563620.30000000,0.00780000,1985204.10000000,0.00770000,656908.30000000,0.00760000,1223930.30000000,0.00750000,551031.90000000,0.00740000,350493.20000000,0.00840000,444784.60000000,0.00850000,463101.60000000,0.00860000,64657.70000000,0.00870000,300467.70000000,0.00880000,263816.30000000,0.00890000,434640.30000000,0.00900000,214855.60000000,0.00910000,39191.70000000,0.00920000,15257.20000000,0.00930000,30618.60000000,0.00833,246.2,0.00832,71989.0,0.00831,76603.0,0.00830,18889.3,0.00829,26110.5,0.00828,29924.4,0.00827,20646.2,0.00826,50814.6,0.00825,40081.3,0.00824,45169.3,0.00835,13037.0,0.00836,25650.1,0.00837,48597.2,0.00838,24334.4,0.00839,31640.1,0.00840,23184.7,0.00841,45001.4,0.00842,22132.4,0.00843,71813.0,0.00844,20148.7
binance,bybit,SXPUSDT,0.00840000,0.00833,-0.8333,1774109129000,0.00830000,297974.00000000,0.00820000,1020358.50000000,0.00810000,1737483.70000000,0.00800000,639629.60000000,0.00790000,563620.30000000,0.00780000,2088204.10000000,0.00770000,656908.30000000,0.00760000,1223930.30000000,0.00750000,551031.90000000,0.00740000,350493.20000000,0.00840000,444784.60000000,0.00850000,463101.60000000,0.00860000,64657.70000000,0.00870000,300467.70000000,0.00880000,263816.30000000,0.00890000,434640.30000000,0.00900000,214855.60000000,0.00910000,39191.70000000,0.00920000,15257.20000000,0.00930000,30618.60000000,0.00833,246.2,0.00832,71989.0,0.00831,78706.8,0.00830,18889.3,0.00829,26110.5,0.00828,29924.4,0.00827,20646.2,0.00826,50814.6,0.00825,40081.3,0.00824,45169.3,0.00834,109.8,0.00835,13037.0,0.00836,25650.1,0.00837,48597.2,0.00838,24334.4,0.00839,31640.1,0.00840,23184.7,0.00841,45001.4,0.00842,22132.4,0.00843,71813.0
binance,bybit,SXPUSDT,0.00840000,0.00827,-1.5476,1774109130000,0.00830000,297974.00000000,0.00820000,1020358.50000000,0.00810000,1737483.70000000,0.00800000,639629.60000000,0.00790000,563620.30000000,0.00780000,2088204.10000000,0.00770000,656908.30000000,0.00760000,1223930.30000000,0.00750000,551031.90000000,0.00740000,350493.20000000,0.00840000,444784.60000000,0.00850000,463101.60000000,0.00860000,64657.70000000,0.00870000,300467.70000000,0.00880000,263816.30000000,0.00890000,434640.30000000,0.00900000,214855.60000000,0.00910000,39191.70000000,0.00920000,15257.20000000,0.00930000,30618.60000000,0.00827,23993.9,0.00826,5000.0,0.00825,28950.6,0.00824,21183.1,0.00823,16583.9,0.00822,17560.3,0.00821,43646.0,0.00820,27535.7,0.00819,47324.8,0.00818,21327.8,0.00829,120.6,0.00830,18796.3,0.00831,18735.7,0.00832,12016.2,0.00833,22069.5,0.00834,12209.7,0.00835,33066.9,0.00836,54619.2,0.00837,72664.6,0.00838,48401.8
binance,bybit,SXPUSDT,0.00840000,0.00828,-1.4286,1774109132000,0.00830000,297974.00000000,0.00820000,1020358.50000000,0.00810000,1737483.70000000,0.00800000,639629.60000000,0.00790000,563620.30000000,0.00780000,2088204.10000000,0.00770000,656908.30000000,0.00760000,1223930.30000000,0.00750000,551031.90000000,0.00740000,350493.20000000,0.00840000,444784.60000000,0.00850000,463101.60000000,0.00860000,64657.70000000,0.00870000,300467.70000000,0.00880000,263816.30000000,0.00890000,434640.30000000,0.00900000,214855.60000000,0.00910000,39191.70000000,0.00920000,15257.20000000,0.00930000,30618.60000000,0.00828,17144.6,0.00827,23361.3,0.00826,12762.5,0.00825,33183.0,0.00824,21183.1,0.00823,37057.1,0.00822,17560.3,0.00821,29270.6,0.00820,51807.5,0.00819,23053.0,0.00832,9454.0,0.00833,22189.4,0.00834,17210.9,0.00835,45162.5,0.00836,28955.4,0.00837,60711.1,0.00838,35816.1,0.00839,44980.3,0.00840,41154.2,0.00841,21286.6
binance,bybit,SXPUSDT,0.00840000,0.00828,-1.4286,1774109133000,0.00830000,297974.00000000,0.00820000,1020358.50000000,0.00810000,1737483.70000000,0.00800000,639629.60000000,0.00790000,563620.30000000,0.00780000,2088204.10000000,0.00770000,656908.30000000,0.00760000,1223930.30000000,0.00750000,551031.90000000,0.00740000,350493.20000000,0.00840000,444784.60000000,0.00850000,463101.60000000,0.00860000,64657.70000000,0.00870000,300467.70000000,0.00880000,263816.30000000,0.00890000,434640.30000000,0.00900000,214855.60000000,0.00910000,39191.70000000,0.00920000,15257.20000000,0.00930000,30618.60000000,0.00828,20418.0,0.00827,18361.3,0.00826,7762.5,0.00825,38183.0,0.00824,21183.1,0.00823,37057.1,0.00822,17560.3,0.00821,29270.6,0.00820,51807.5,0.00819,23053.0,0.00831,13508.1,0.00832,23896.4,0.00833,22189.4,0.00834,14904.5,0.00835,33186.5,0.00836,43230.7,0.00837,60711.1,0.00838,35816.1,0.00839,44980.3,0.00840,44725.6
binance,bybit,SXPUSDT,0.00840000,0.00828,-1.4286,1774109134000,0.00830000,297974.00000000,0.00820000,1020358.50000000,0.00810000,1737483.70000000,0.00800000,639629.60000000,0.00790000,563620.30000000,0.00780000,2088204.10000000,0.00770000,656908.30000000,0.00760000,1223930.30000000,0.00750000,551031.90000000,0.00740000,350493.20000000,0.00840000,444784.60000000,0.00850000,463101.60000000,0.00860000,64657.70000000,0.00870000,300467.70000000,0.00880000,263816.30000000,0.00890000,434640.30000000,0.00900000,214855.60000000,0.00910000,39191.70000000,0.00920000,15257.20000000,0.00930000,30618.60000000,0.00828,10216.5,0.00827,18361.3,0.00826,7762.5,0.00825,38183.0,0.00824,21183.1,0.00823,37057.1,0.00822,17560.3,0.00821,29270.6,0.00820,51807.5,0.00819,23053.0,0.00831,13508.1,0.00832,23896.4,0.00833,22189.4,0.00834,14904.5,0.00835,45162.5,0.00836,31269.0,0.00837,60711.1,0.00838,35816.1,0.00839,44980.3,0.00840,44725.6
binance,bybit,SXPUSDT,0.00840000,0.00828,-1.4286,1774109135000,0.00830000,297974.00000000,0.00820000,1020358.50000000,0.00810000,1737483.70000000,0.00800000,639629.60000000,0.00790000,563620.30000000,0.00780000,2088204.10000000,0.00770000,611533.30000000,0.00760000,1223930.30000000,0.00750000,551031.90000000,0.00740000,350493.20000000,0.00840000,444784.60000000,0.00850000,463101.60000000,0.00860000,64657.70000000,0.00870000,300467.70000000,0.00880000,263816.30000000,0.00890000,434640.30000000,0.00900000,214855.60000000,0.00910000,39191.70000000,0.00920000,15257.20000000,0.00930000,30618.60000000,0.00828,19642.2,0.00827,10397.7,0.00826,7762.5,0.00825,38183.0,0.00824,21183.1,0.00823,37057.1,0.00822,17560.3,0.00821,29270.6,0.00820,27535.7,0.00819,47324.8,0.00830,6298.9,0.00831,14450.8,0.00832,23896.4,0.00833,22189.4,0.00834,14130.4,0.00835,45162.5,0.00836,43382.9,0.00837,48597.2,0.00838,35816.1,0.00839,44980.3
binance,bybit,SXPUSDT,0.00840000,0.00828,-1.4286,1774109136000,0.00830000,297974.00000000,0.00820000,1020358.50000000,0.00810000,1737483.70000000,0.00800000,639629.60000000,0.00790000,563620.30000000,0.00780000,2088204.10000000,0.00770000,611533.30000000,0.00760000,1223930.30000000,0.00750000,551031.90000000,0.00740000,350493.20000000,0.00840000,444784.60000000,0.00850000,463101.60000000,0.00860000,64657.70000000,0.00870000,300467.70000000,0.00880000,263816.30000000,0.00890000,434640.30000000,0.00900000,214855.60000000,0.00910000,39191.70000000,0.00920000,15257.20000000,0.00930000,30618.60000000,0.00828,10722.1,0.00827,17432.9,0.00826,12762.5,0.00825,38183.0,0.00824,21304.4,0.00823,37178.6,0.00822,17560.3,0.00821,29270.6,0.00820,51807.5,0.00819,23174.9,0.00831,8508.1,0.00832,18896.4,0.00833,22189.4,0.00834,15105.3,0.00835,45162.5,0.00836,31269.0,0.00837,60711.1,0.00838,35816.1,0.00839,44980.3,0.00840,44725.6
binance,bybit,SXPUSDT,0.00840000,0.00826,-1.6667,1774109146000,0.00830000,129117.10000000,0.00820000,1324703.40000000,0.00810000,1737483.70000000,0.00800000,580982.40000000,0.00790000,563620.30000000,0.00780000,2087563.00000000,0.00770000,611533.30000000,0.00760000,1223930.30000000,0.00750000,551031.90000000,0.00740000,350493.20000000,0.00840000,552416.60000000,0.00850000,355469.60000000,0.00860000,64657.70000000,0.00870000,300467.70000000,0.00880000,263816.30000000,0.00890000,434640.30000000,0.00900000,214855.60000000,0.00910000,39191.70000000,0.00920000,15257.20000000,0.00930000,30618.60000000,0.00826,10460.8,0.00825,19674.2,0.00824,21183.1,0.00823,27157.0,0.00822,17560.3,0.00821,43646.0,0.00820,27535.7,0.00819,47446.7,0.00818,21327.8,0.00817,20108.7,0.00829,7098.2,0.00830,17224.0,0.00831,17982.0,0.00832,19892.5,0.00833,22189.4,0.00834,14130.4,0.00835,33186.5,0.00836,54984.7,0.00837,72664.6,0.00838,43282.6
binance,bybit,SXPUSDT,0.00840000,0.00827,-1.5476,1774109163000,0.00830000,133769.70000000,0.00820000,1324804.00000000,0.00810000,1737483.70000000,0.00800000,588092.70000000,0.00790000,563620.30000000,0.00780000,2087563.00000000,0.00770000,560884.00000000,0.00760000,1223930.30000000,0.00750000,551031.90000000,0.00740000,350493.20000000,0.00840000,552416.60000000,0.00850000,355469.60000000,0.00860000,64657.70000000,0.00870000,300467.70000000,0.00880000,263816.30000000,0.00890000,434640.30000000,0.00900000,214855.60000000,0.00910000,39191.70000000,0.00920000,15257.20000000,0.00930000,30618.60000000,0.00827,4450.7,0.00826,17554.7,0.00825,27348.9,0.00824,24095.3,0.00823,21826.8,0.00822,23926.9,0.00821,35802.4,0.00820,39611.7,0.00819,23174.9,0.00818,21327.8,0.00829,1949.0,0.00830,22231.1,0.00831,23102.2,0.00832,24796.5,0.00833,30934.2,0.00834,24295.3,0.00835,13044.1,0.00836,41753.3,0.00837,46584.0,0.00838,43401.8
binance,bybit,SXPUSDT,0.00840000,0.00827,-1.5476,1774109182000,0.00830000,163019.70000000,0.00820000,1324804.00000000,0.00810000,1766733.70000000,0.00800000,580982.40000000,0.00790000,563620.30000000,0.00780000,2087563.00000000,0.00770000,560884.00000000,0.00760000,1223930.30000000,0.00750000,551031.90000000,0.00740000,350493.20000000,0.00840000,552416.60000000,0.00850000,384719.60000000,0.00860000,93907.70000000,0.00870000,300467.70000000,0.00880000,263816.30000000,0.00890000,434640.30000000,0.00900000,214855.60000000,0.00910000,39191.70000000,0.00920000,15257.20000000,0.00930000,30618.60000000,0.00827,14923.9,0.00826,45283.6,0.00825,27348.9,0.00824,24216.6,0.00823,24445.7,0.00822,23926.9,0.00821,35802.4,0.00820,40221.4,0.00819,47446.7,0.00818,21327.8,0.00829,577.6,0.00830,9424.3,0.00831,22982.0,0.00832,24795.3,0.00833,28436.1,0.00834,12301.1,0.00835,25020.1,0.00836,53867.2,0.00837,46584.0,0.00838,43282.6
binance,bybit,SXPUSDT,0.00840000,0.00827,-1.5476,1774109183000,0.00830000,132870.50000000,0.00820000,1324804.00000000,0.00810000,1737483.70000000,0.00800000,580982.40000000,0.00790000,563620.30000000,0.00780000,2087563.00000000,0.00770000,560884.00000000,0.00760000,1223930.30000000,0.00750000,551031.90000000,0.00740000,350493.20000000,0.00840000,552416.60000000,0.00850000,355469.60000000,0.00860000,64657.70000000,0.00870000,300467.70000000,0.00880000,263816.30000000,0.00890000,434640.30000000,0.00900000,214855.60000000,0.00910000,39191.70000000,0.00920000,15257.20000000,0.00930000,30618.60000000,0.00827,14923.9,0.00826,45283.6,0.00825,27348.9,0.00824,24216.6,0.00823,24445.7,0.00822,23926.9,0.00821,35802.4,0.00820,40221.4,0.00819,47446.7,0.00818,21327.8,0.00830,9424.3,0.00831,22982.0,0.00832,24795.3,0.00833,28436.1,0.00834,12301.1,0.00835,25020.1,0.00836,53867.2,0.00837,46584.0,0.00838,43282.6,0.00839,22266.0
binance,bybit,SXPUSDT,0.00840000,0.00828,-1.4286,1774109191000,0.00830000,132870.50000000,0.00820000,1969209.40000000,0.00810000,1737483.70000000,0.00800000,580982.40000000,0.00790000,563620.30000000,0.00780000,2088204.10000000,0.00770000,560884.00000000,0.00760000,1223930.30000000,0.00750000,551031.90000000,0.00740000,350493.20000000,0.00840000,444784.60000000,0.00850000,463101.60000000,0.00860000,64657.70000000,0.00870000,300467.70000000,0.00880000,263816.30000000,0.00890000,434640.30000000,0.00900000,214855.60000000,0.00910000,39191.70000000,0.00920000,15257.20000000,0.00930000,30618.60000000,,,,,,,,,,,,,,,,,,,,,,,,,,,,,,,,,,,,,,,,
binance,bybit,SXPUSDT,0.00840000,0.00827,-1.5476,1774109192000,0.00830000,162120.50000000,0.00820000,1969209.40000000,0.00810000,1618844.70000000,0.00800000,610232.40000000,0.00790000,592870.30000000,0.00780000,2116813.00000000,0.00770000,590134.00000000,0.00760000,1253180.30000000,0.00750000,580281.90000000,0.00740000,379743.20000000,0.00840000,444784.60000000,0.00850000,492351.60000000,0.00860000,93907.70000000,0.00870000,329717.70000000,0.00880000,293066.30000000,0.00890000,463890.30000000,0.00900000,244105.60000000,0.00910000,68441.70000000,0.00920000,44507.20000000,0.00930000,59868.60000000,0.00827,14152.1,0.00826,43648.3,0.00825,27348.9,0.00824,24216.6,0.00823,23838.2,0.00822,23926.9,0.00821,36411.4,0.00820,39611.7,0.00819,47446.7,0.00818,21939.0,0.00831,8628.3,0.00832,19016.4,0.00833,28436.1,0.00834,14218.6,0.00835,25020.1,0.00836,53867.2,0.00837,47181.3,0.00838,43998.4,0.00839,21670.1,0.00840,53854.7
binance,bybit,SXPUSDT,0.00840000,0.00828,-1.4286,1774109195000,0.00830000,122420.60000000,0.00820000,1969209.40000000,0.00810000,1589594.70000000,0.00800000,730720.00000000,0.00790000,563620.30000000,0.00780000,2087563.00000000,0.00770000,560884.00000000,0.00760000,1223930.30000000,0.00750000,551031.90000000,0.00740000,350493.20000000,0.00840000,444784.60000000,0.00850000,463101.60000000,0.00860000,64657.70000000,0.00870000,300467.70000000,0.00880000,263816.30000000,0.00890000,434640.30000000,0.00900000,214855.60000000,0.00910000,39191.70000000,0.00920000,15257.20000000,0.00930000,30618.60000000,0.00828,19364.8,0.00827,23734.9,0.00826,48173.2,0.00825,27348.9,0.00824,28327.7,0.00823,42568.8,0.00822,29636.3,0.00821,19350.8,0.00820,52417.2,0.00819,23174.9,0.00832,17127.0,0.00833,28556.0,0.00834,12301.1,0.00835,36996.1,0.00836,32308.6,0.00837,46231.4,0.00838,19215.2,0.00839,44384.4,0.00840,78636.2,0.00841,21286.6
binance,bybit,SXPUSDT,0.00840000,0.00827,-1.5476,1774109202000,0.00830000,34842.30000000,0.00820000,1969209.40000000,0.00810000,1618844.70000000,0.00800000,767658.50000000,0.00790000,592870.30000000,0.00780000,2014454.10000000,0.00770000,590134.00000000,0.00760000,1253180.30000000,0.00750000,580281.90000000,0.00740000,379743.20000000,0.00840000,552416.60000000,0.00850000,384719.60000000,0.00860000,93907.70000000,0.00870000,387432.70000000,0.00880000,236007.20000000,0.00890000,463890.30000000,0.00900000,244105.60000000,0.00910000,68441.70000000,0.00920000,44507.20000000,0.00930000,59868.60000000,0.00827,4301.7,0.00826,43139.6,0.00825,32556.2,0.00824,24095.3,0.00823,28193.4,0.00822,21792.7,0.00821,33726.2,0.00820,39611.7,0.00819,47446.7,0.00818,21327.8,0.00830,14324.2,0.00831,24032.9,0.00832,22853.9,0.00833,28556.0,0.00834,12301.1,0.00835,25020.1,0.00836,56023.4,0.00837,46584.0,0.00838,43282.6,0.00839,19721.1
binance,bybit,SXPUSDT,0.00840000,0.00832,-0.9524,1774109220000,0.00830000,939.70000000,0.00820000,1978948.40000000,0.00810000,1616870.50000000,0.00800000,741466.80000000,0.00790000,563620.30000000,0.00780000,1985204.10000000,0.00770000,560884.00000000,0.00760000,1223930.30000000,0.00750000,551031.90000000,0.00740000,350493.20000000,0.00840000,551815.50000000,0.00850000,355469.60000000,0.00860000,123043.80000000,0.00870000,300467.70000000,0.00880000,206757.20000000,0.00890000,434640.30000000,0.00900000,214855.60000000,0.00910000,39191.70000000,0.00920000,15257.20000000,0.00930000,30618.60000000,0.00832,6373.7,0.00830,17371.9,0.00829,14357.6,0.00828,23832.2,0.00827,19387.8,0.00826,50142.9,0.00825,38715.5,0.00824,24216.5,0.00823,40855.7,0.00822,17560.3,0.00833,430.1,0.00834,11702.9,0.00835,21978.2,0.00836,32010.2,0.00837,24029.3,0.00838,19215.2,0.00839,43255.7,0.00840,52587.5,0.00841,21286.6,0.00842,44250.8
binance,bybit,SXPUSDT,0.00840000,0.00833,-0.8333,1774109222000,0.00830000,30189.70000000,0.00820000,2003831.50000000,0.00810000,1621309.50000000,0.00800000,770716.80000000,0.00790000,592870.30000000,0.00780000,2013813.00000000,0.00770000,590134.00000000,0.00760000,1253180.30000000,0.00750000,580281.90000000,0.00740000,379743.20000000,0.00840000,551815.50000000,0.00850000,384719.60000000,0.00860000,152293.80000000,0.00870000,329717.70000000,0.00880000,236007.20000000,0.00890000,463890.30000000,0.00900000,244105.60000000,0.00910000,68441.70000000,0.00920000,44507.20000000,0.00930000,59868.60000000,0.00833,10196.9,0.00832,26269.3,0.00831,17379.7,0.00830,17164.6,0.00829,19969.5,0.00828,30319.5,0.00827,19508.7,0.00826,50142.9,0.00825,32348.9,0.00824,49701.8,0.00836,17105.0,0.00837,22912.4,0.00838,20530.8,0.00839,41099.5,0.00840,16967.9,0.00841,40662.4,0.00842,55851.7,0.00843,44186.9,0.00844,23698.1,0.00845,19031.1
binance,bybit,SXPUSDT,0.00840000,0.00833,-0.8333,1774109232000,0.00830000,30189.70000000,0.00820000,1978948.40000000,0.00810000,1621309.50000000,0.00800000,766691.60000000,0.00790000,592870.30000000,0.00780000,2014454.10000000,0.00770000,590134.00000000,0.00760000,1253180.30000000,0.00750000,580281.90000000,0.00740000,379743.20000000,0.00840000,551815.50000000,0.00850000,384719.60000000,0.00860000,152293.80000000,0.00870000,310730.40000000,0.00880000,254994.50000000,0.00890000,463890.30000000,0.00900000,244105.60000000,0.00910000,68441.70000000,0.00920000,44507.20000000,0.00930000,59868.60000000,0.00833,4362.5,0.00832,11188.3,0.00831,22406.0,0.00830,22285.0,0.00829,18710.4,0.00828,30198.8,0.00827,22359.7,0.00826,50263.8,0.00825,32348.9,0.00824,45169.3,0.00835,19990.0,0.00836,28877.2,0.00837,24047.5,0.00838,25349.6,0.00839,30845.0,0.00840,23066.3,0.00841,40662.4,0.00842,61846.9,0.00843,44186.9,0.00844,23698.1
binance,bybit,SXPUSDT,0.00840000,0.00832,-0.9524,1774109233000,0.00830000,939.70000000,0.00820000,1978948.40000000,0.00810000,1592059.50000000,0.00800000,737441.60000000,0.00790000,563620.30000000,0.00780000,1985204.10000000,0.00770000,560884.00000000,0.00760000,1223930.30000000,0.00750000,551031.90000000,0.00740000,350493.20000000,0.00840000,551815.50000000,0.00850000,355469.60000000,0.00860000,123043.80000000,0.00870000,281480.40000000,0.00880000,225744.50000000,0.00890000,434640.30000000,0.00900000,214855.60000000,0.00910000,39191.70000000,0.00920000,15257.20000000,0.00930000,30618.60000000,0.00833,4362.5,0.00832,11188.3,0.00831,22406.0,0.00830,22285.0,0.00829,18710.4,0.00828,30198.8,0.00827,22359.7,0.00826,50263.8,0.00825,32348.9,0.00824,45169.3,0.00834,85.8,0.00835,20984.4,0.00836,28877.2,0.00837,24047.5,0.00838,25349.6,0.00839,29180.5,0.00840,23066.3,0.00841,40662.4,0.00842,61846.9,0.00843,44186.9
binance,bybit,SXPUSDT,0.00840000,0.00832,-0.9524,1774109234000,0.00820000,1954922.80000000,0.00810000,1616381.70000000,0.00800000,736816.60000000,0.00790000,564253.30000000,0.00780000,1984563.00000000,0.00770000,667253.30000000,0.00760000,1223930.30000000,0.00750000,551031.90000000,0.00740000,350493.20000000,0.00730000,357747.90000000,0.00840000,529800.40000000,0.00850000,355469.60000000,0.00860000,123043.80000000,0.00870000,281480.40000000,0.00880000,225744.50000000,0.00890000,434640.30000000,0.00900000,214855.60000000,0.00910000,39191.70000000,0.00920000,15257.20000000,0.00930000,30618.60000000,0.00832,7.1,0.00831,14708.2,0.00830,17594.6,0.00829,20412.6,0.00828,23952.9,0.00827,16364.5,0.00826,56241.3,0.00825,38344.1,0.00824,21018.7,0.00823,40855.7,0.00834,13432.1,0.00835,28785.7,0.00836,28877.2,0.00837,26904.8,0.00838,24153.4,0.00839,17261.5,0.00840,41175.4,0.00841,37993.2,0.00842,44250.8,0.00843,44186.9
binance,bybit,SXPUSDT,0.00840000,0.00833,-0.8333,1774109235000,0.00820000,1942749.10000000,0.00810000,1566983.50000000,0.00800000,737441.70000000,0.00790000,564253.30000000,0.00780000,1984563.00000000,0.00770000,667902.70000000,0.00760000,1223930.30000000,0.00750000,551031.90000000,0.00740000,350493.20000000,0.00730000,357747.90000000,0.00840000,529800.40000000,0.00850000,355469.60000000,0.00860000,123043.80000000,0.00870000,281480.40000000,0.00880000,225744.50000000,0.00890000,434640.30000000,0.00900000,214855.60000000,0.00910000,39191.70000000,0.00920000,15257.20000000,0.00930000,30618.60000000,0.00832,7.1,0.00831,14708.2,0.00830,17594.6,0.00829,20412.6,0.00828,23952.9,0.00827,16364.5,0.00826,56241.3,0.00825,38344.1,0.00824,21018.7,0.00823,40855.7,0.00834,12766.1,0.00835,28785.7,0.00836,28877.2,0.00837,27024.1,0.00838,24034.2,0.00839,17261.5,0.00840,41175.4,0.00841,37993.2,0.00842,44250.8,0.00843,44186.9
binance,bybit,SXPUSDT,0.00840000,0.00832,-0.9524,1774109241000,0.00830000,68317.30000000,0.00820000,1942749.10000000,0.00810000,1566983.50000000,0.00800000,737441.70000000,0.00790000,563620.30000000,0.00780000,1984563.00000000,0.00770000,667253.30000000,0.00760000,1223930.30000000,0.00750000,551031.90000000,0.00740000,350493.20000000,0.00840000,392432.80000000,0.00850000,463101.60000000,0.00860000,123043.80000000,0.00870000,281480.40000000,0.00880000,225744.50000000,0.00890000,434640.30000000,0.00900000,214855.60000000,0.00910000,39191.70000000,0.00920000,15257.20000000,0.00930000,30618.60000000,0.00832,8443.3,0.00831,14708.2,0.00830,22594.6,0.00829,18710.5,0.00828,23952.9,0.00827,15155.4,0.00826,56241.3,0.00825,38344.1,0.00824,21018.7,0.00823,40855.7,0.00834,8280.9,0.00835,28785.7,0.00836,28877.2,0.00837,24166.8,0.00838,24034.2,0.00839,17261.5,0.00840,54932.5,0.00841,26392.3,0.00842,44250.8,0.00843,43000.7
binance,bybit,SXPUSDT,0.00840000,0.00832,-0.9524,1774109242000,0.00830000,285184.70000000,0.00820000,1966774.70000000,0.00810000,1543278.60000000,0.00800000,737441.60000000,0.00790000,563620.30000000,0.00780000,1985204.10000000,0.00770000,667253.30000000,0.00760000,1223930.30000000,0.00750000,551031.90000000,0.00740000,350493.20000000,0.00840000,414596.00000000,0.00850000,463101.60000000,0.00860000,123043.80000000,0.00870000,281480.40000000,0.00880000,225744.50000000,0.00890000,434640.30000000,0.00900000,214855.60000000,0.00910000,39191.70000000,0.00920000,15257.20000000,0.00930000,30618.60000000,0.00832,6761.8,0.00831,22987.7,0.00830,22801.9,0.00829,18710.5,0.00828,23952.9,0.00827,15155.4,0.00826,56241.3,0.00825,38344.1,0.00824,21018.7,0.00823,40855.7,0.00834,5442.1,0.00835,28785.7,0.00836,28877.2,0.00837,25365.0,0.00838,24034.2,0.00839,29180.5,0.00840,43331.6,0.00841,37993.2,0.00842,44250.8,0.00843,43000.7
binance,bybit,SXPUSDT,0.00840000,0.00832,-0.9524,1774109243000,0.00830000,277809.60000000,0.00820000,1966774.70000000,0.00810000,1543278.60000000,0.00800000,737441.60000000,0.00790000,563620.30000000,0.00780000,1984563.00000000,0.00770000,667253.30000000,0.00760000,1223930.30000000,0.00750000,551031.90000000,0.00740000,350493.20000000,0.00840000,414596.00000000,0.00850000,463101.60000000,0.00860000,123043.80000000,0.00870000,281480.40000000,0.00880000,225744.50000000,0.00890000,434640.30000000,0.00900000,214855.60000000,0.00910000,39191.70000000,0.00920000,15257.20000000,0.00930000,30618.60000000,0.00832,7.1,0.00831,14708.2,0.00830,14689.0,0.00829,18710.5,0.00828,23952.9,0.00827,15155.4,0.00826,56241.3,0.00825,38344.1,0.00824,45290.5,0.00823,16583.9,0.00834,13612.7,0.00835,28785.7,0.00836,28877.2,0.00837,25365.0,0.00838,24034.2,0.00839,29180.5,0.00840,31217.7,0.00841,50107.1,0.00842,44250.8,0.00843,43000.7
binance,bybit,SXPUSDT,0.00840000,0.00832,-0.9524,1774109272000,0.00830000,307059.60000000,0.00820000,1978847.80000000,0.00810000,1560306.40000000,0.00800000,766691.60000000,0.00790000,592870.30000000,0.00780000,2014454.10000000,0.00770000,696503.30000000,0.00760000,1253180.30000000,0.00750000,580281.90000000,0.00740000,379743.20000000,0.00840000,414596.00000000,0.00850000,492351.60000000,0.00860000,93907.70000000,0.00870000,260730.40000000,0.00880000,316534.90000000,0.00890000,463890.30000000,0.00900000,244105.60000000,0.00910000,68441.70000000,0.00920000,44507.20000000,0.00930000,59868.60000000,,,,,,,,,,,,,,,,,,,,,,,,,,,,,,,,,,,,,,,,
binance,bybit,SXPUSDT,0.00840000,0.00832,-0.9524,1774109296000,0.00830000,282462.20000000,0.00820000,1979048.00000000,0.00810000,943632.60000000,0.00800000,737441.60000000,0.00790000,563620.30000000,0.00780000,1985204.10000000,0.00770000,667253.30000000,0.00760000,1223930.30000000,0.00750000,551031.90000000,0.00740000,350493.20000000,0.00840000,414596.00000000,0.00850000,463101.60000000,0.00860000,64657.70000000,0.00870000,173765.40000000,0.00880000,344344.00000000,0.00890000,434640.30000000,0.00900000,214855.60000000,0.00910000,39191.70000000,0.00920000,15257.20000000,0.00930000,30618.60000000,0.00832,7.1,0.00831,22319.7,0.00830,23011.2,0.00829,18710.5,0.00828,23952.9,0.00827,15155.4,0.00826,51162.1,0.00825,38344.1,0.00824,21018.7,0.00823,41463.2,0.00833,1100.1,0.00834,14811.9,0.00835,28785.7,0.00836,28877.2,0.00837,24166.8,0.00838,24034.2,0.00839,29180.5,0.00840,54932.5,0.00841,26392.3,0.00842,44844.6
binance,bybit,SXPUSDT,0.00840000,0.00832,-0.9524,1774109302000,0.00830000,282462.20000000,0.00820000,1979048.00000000,0.00810000,943632.60000000,0.00800000,737441.60000000,0.00790000,563620.30000000,0.00780000,1985204.10000000,0.00770000,654266.30000000,0.00760000,1223930.30000000,0.00750000,551031.90000000,0.00740000,350493.20000000,0.00840000,474636.30000000,0.00850000,403061.30000000,0.00860000,64657.70000000,0.00870000,173765.40000000,0.00880000,344344.00000000,0.00890000,434640.30000000,0.00900000,214855.60000000,0.00910000,39191.70000000,0.00920000,15257.20000000,0.00930000,30618.60000000,0.00832,7.1,0.00831,17319.7,0.00830,23011.2,0.00829,18710.5,0.00828,23952.9,0.00827,15155.4,0.00826,51162.1,0.00825,38344.1,0.00824,21018.7,0.00823,41463.2,0.00833,1100.1,0.00834,14811.9,0.00835,28785.7,0.00836,28877.2,0.00837,24166.8,0.00838,24034.2,0.00839,29180.5,0.00840,54932.5,0.00841,26392.3,0.00842,44844.6
binance,bybit,SXPUSDT,0.00840000,0.00832,-0.9524,1774109303000,0.00830000,282462.20000000,0.00820000,1979048.00000000,0.00810000,943632.60000000,0.00800000,737441.60000000,0.00790000,563620.30000000,0.00780000,1985204.10000000,0.00770000,654266.30000000,0.00760000,1223930.30000000,0.00750000,551031.90000000,0.00740000,350493.20000000,0.00840000,474636.30000000,0.00850000,403061.30000000,0.00860000,64657.70000000,0.00870000,173765.40000000,0.00880000,344344.00000000,0.00890000,434640.30000000,0.00900000,214855.60000000,0.00910000,39191.70000000,0.00920000,15257.20000000,0.00930000,30618.60000000,0.00832,7.1,0.00831,17319.7,0.00830,23011.2,0.00829,18710.5,0.00828,23952.9,0.00827,15155.4,0.00826,51162.1,0.00825,38344.1,0.00824,21018.7,0.00823,41463.2,0.00833,49.6,0.00834,14811.9,0.00835,28785.7,0.00836,28877.2,0.00837,24166.8,0.00838,24034.2,0.00839,29180.5,0.00840,54932.5,0.00841,26392.3,0.00842,44844.6
binance,bybit,SXPUSDT,0.00840000,0.00832,-0.9524,1774109310000,0.00830000,282462.20000000,0.00820000,1979048.00000000,0.00810000,943015.30000000,0.00800000,737441.60000000,0.00790000,563620.30000000,0.00780000,1985204.10000000,0.00770000,654266.30000000,0.00760000,1223930.30000000,0.00750000,551031.90000000,0.00740000,350493.20000000,0.00840000,493597.30000000,0.00850000,403061.30000000,0.00860000,64657.70000000,0.00870000,173765.40000000,0.00880000,344344.00000000,0.00890000,434640.30000000,0.00900000,214855.60000000,0.00910000,39191.70000000,0.00920000,15257.20000000,0.00930000,30618.60000000,0.00832,7.1,0.00831,17319.7,0.00830,23011.2,0.00829,18710.5,0.00828,23952.9,0.00827,15155.4,0.00826,51162.1,0.00825,38344.1,0.00824,21018.7,0.00823,41463.2,0.00833,1185.7,0.00834,14811.9,0.00835,28785.7,0.00836,28877.2,0.00837,24166.8,0.00838,24034.2,0.00839,29180.5,0.00840,54932.5,0.00841,26392.3,0.00842,44844.6
binance,bybit,SXPUSDT,0.00840000,0.00831,-1.0714,1774109323000,0.00830000,311712.20000000,0.00820000,1979048.00000000,0.00810000,972265.30000000,0.00800000,766691.60000000,0.00790000,592870.30000000,0.00780000,2116813.00000000,0.00770000,705200.40000000,0.00760000,1253180.30000000,0.00750000,580281.90000000,0.00740000,379743.20000000,0.00840000,474636.30000000,0.00850000,432311.30000000,0.00860000,93907.70000000,0.00870000,203015.40000000,0.00880000,373594.00000000,0.00890000,463890.30000000,0.00900000,244105.60000000,0.00910000,68441.70000000,0.00920000,44507.20000000,0.00930000,59868.60000000,0.00831,7845.1,0.00830,22803.9,0.00829,18797.3,0.00828,24073.6,0.00827,12999.2,0.00826,38480.8,0.00825,39556.2,0.00824,34308.2,0.00823,40855.7,0.00822,18776.8,0.00833,1934.5,0.00834,14811.9,0.00835,28792.8,0.00836,28877.2,0.00837,24166.8,0.00838,30132.6,0.00839,17261.5,0.00840,48834.1,0.00841,26392.3,0.00842,44250.8
binance,bybit,SXPUSDT,0.00840000,0.00831,-1.0714,1774109340000,0.00830000,276874.10000000,0.00820000,1979048.00000000,0.00810000,943015.30000000,0.00800000,737441.60000000,0.00790000,563620.30000000,0.00780000,2088204.10000000,0.00770000,675950.40000000,0.00760000,1223930.30000000,0.00750000,551031.90000000,0.00740000,350493.20000000,0.00840000,474636.30000000,0.00850000,403061.30000000,0.00860000,64657.70000000,0.00870000,173765.40000000,0.00880000,344344.00000000,0.00890000,434640.30000000,0.00900000,214855.60000000,0.00910000,39191.70000000,0.00920000,66746.30000000,0.00930000,30618.60000000,0.00831,134234.5,0.00830,9689.0,0.00829,20748.3,0.00828,23832.2,0.00827,13120.0,0.00826,28458.8,0.00825,34556.2,0.00824,50718.6,0.00823,51865.3,0.00822,18898.3,0.00833,70.6,0.00834,6641.3,0.00835,28982.2,0.00836,28996.6,0.00837,24047.5,0.00838,30132.6,0.00839,23536.1,0.00840,48834.1,0.00841,74177.5,0.00842,20183.4
binance,bybit,SXPUSDT,0.00840000,0.00832,-0.9524,1774109343000,0.00830000,281526.70000000,0.00820000,1979048.00000000,0.00810000,943015.30000000,0.00800000,737441.60000000,0.00790000,563620.30000000,0.00780000,2088204.10000000,0.00770000,675950.40000000,0.00760000,1223930.30000000,0.00750000,551031.90000000,0.00740000,350493.20000000,0.00840000,474636.30000000,0.00850000,403061.30000000,0.00860000,64657.70000000,0.00870000,173765.40000000,0.00880000,344344.00000000,0.00890000,434640.30000000,0.00900000,214855.60000000,0.00910000,39191.70000000,0.00920000,66746.30000000,0.00930000,30618.60000000,0.00832,11951.8,0.00831,134234.5,0.00830,19145.2,0.00829,15748.3,0.00828,28064.6,0.00827,15276.2,0.00826,50677.8,0.00825,34556.2,0.00824,46382.8,0.00823,27593.5,0.00835,6973.1,0.00836,28848.5,0.00837,25221.7,0.00838,30251.8,0.00839,40980.4,0.00840,29342.7,0.00841,46190.4,0.00842,44250.8,0.00843,43000.7,0.00844,23698.1
binance,bybit,SXPUSDT,0.00840000,0.00832,-0.9524,1774109346000,0.00830000,291150.20000000,0.00820000,1979048.00000000,0.00810000,943015.30000000,0.00800000,737441.60000000,0.00790000,563620.30000000,0.00780000,2087563.00000000,0.00770000,675950.40000000,0.00760000,1223930.30000000,0.00750000,551031.90000000,0.00740000,350493.20000000,0.00840000,474636.30000000,0.00850000,403061.30000000,0.00860000,64657.70000000,0.00870000,173765.40000000,0.00880000,344344.00000000,0.00890000,434640.30000000,0.00900000,214855.60000000,0.00910000,39191.70000000,0.00920000,66746.30000000,0.00930000,30618.60000000,0.00832,11951.8,0.00831,134234.5,0.00830,19145.2,0.00829,15748.3,0.00828,28064.6,0.00827,15276.2,0.00826,50677.8,0.00825,34556.2,0.00824,46382.8,0.00823,27593.5,0.00835,12639.1,0.00836,28848.5,0.00837,25221.7,0.00838,30251.8,0.00839,29061.4,0.00840,29342.7,0.00841,46190.4,0.00842,44250.8,0.00843,43000.7,0.00844,23698.1
binance,bybit,SXPUSDT,0.00840000,0.00833,-0.8333,1774109353000,0.00830000,320400.20000000,0.00820000,1979048.00000000,0.00810000,1033885.70000000,0.00800000,766691.60000000,0.00790000,592870.30000000,0.00780000,2116813.00000000,0.00770000,705200.40000000,0.00760000,1253180.30000000,0.00750000,551031.90000000,0.00740000,350493.20000000,0.00840000,474636.30000000,0.00850000,432311.30000000,0.00860000,93907.70000000,0.00870000,279717.70000000,0.00880000,297547.60000000,0.00890000,463890.30000000,0.00900000,244105.60000000,0.00910000,39191.70000000,0.00920000,66746.30000000,0.00930000,30618.60000000,0.00833,17600.3,0.00832,132366.2,0.00831,22171.3,0.00830,18851.5,0.00829,9357.6,0.00828,28064.6,0.00827,15276.2,0.00826,50677.8,0.00825,58828.0,0.00824,33120.6,0.00835,125.4,0.00836,21439.0,0.00837,24047.5,0.00838,30251.8,0.00839,17142.4,0.00840,34986.9,0.00841,30142.6,0.00842,67965.6,0.00843,43000.7,0.00844,23698.1
binance,bybit,SXPUSDT,0.00840000,0.00833,-0.8333,1774109357000,0.00830000,291150.20000000,0.00820000,1979048.00000000,0.00810000,1004635.70000000,0.00800000,737441.60000000,0.00790000,563620.30000000,0.00780000,2088204.10000000,0.00770000,675950.40000000,0.00760000,1223930.30000000,0.00750000,551031.90000000,0.00740000,350493.20000000,0.00840000,474636.30000000,0.00850000,403061.30000000,0.00860000,64657.70000000,0.00870000,250467.70000000,0.00880000,268297.60000000,0.00890000,434640.30000000,0.00900000,214855.60000000,0.00910000,39191.70000000,0.00920000,66746.30000000,0.00930000,30618.60000000,,,,,,,,,,,,,,,,,,,,,,,,,,,,,,,,,,,,,,,,
binance,bybit,SXPUSDT,0.00840000,0.00833,-0.8333,1774109361000,0.00830000,291150.20000000,0.00820000,2048198.50000000,0.00810000,943015.30000000,0.00800000,750827.80000000,0.00790000,563620.30000000,0.00780000,2088204.10000000,0.00770000,675950.40000000,0.00760000,1223930.30000000,0.00750000,551031.90000000,0.00740000,350493.20000000,0.00840000,474636.30000000,0.00850000,403061.30000000,0.00860000,64657.70000000,0.00870000,250467.70000000,0.00880000,268297.60000000,0.00890000,434640.30000000,0.00900000,214855.60000000,0.00910000,39191.70000000,0.00920000,66746.30000000,0.00930000,30618.60000000,0.00833,27600.6,0.00832,132366.2,0.00831,22171.3,0.00830,18851.5,0.00829,9357.6,0.00828,28064.6,0.00827,15276.2,0.00826,50677.8,0.00825,58828.0,0.00824,33120.6,0.00835,77.9,0.00836,25309.9,0.00837,24047.5,0.00838,30251.8,0.00839,17142.4,0.00840,34986.9,0.00841,30142.6,0.00842,67965.6,0.00843,43000.7,0.00844,23698.1
binance,bybit,SXPUSDT,0.00840000,0.00832,-0.9524,1774109362000,0.00830000,291150.20000000,0.00820000,2048198.50000000,0.00810000,943015.30000000,0.00800000,750827.80000000,0.00790000,563620.30000000,0.00780000,2088204.10000000,0.00770000,675950.40000000,0.00760000,1223930.30000000,0.00750000,551031.90000000,0.00740000,350493.20000000,0.00840000,474636.30000000,0.00850000,403061.30000000,0.00860000,64657.70000000,0.00870000,250467.70000000,0.00880000,268297.60000000,0.00890000,434640.30000000,0.00900000,214855.60000000,0.00910000,39191.70000000,0.00920000,66746.30000000,0.00930000,30618.60000000,0.00833,17600.3,0.00832,132366.2,0.00831,22171.3,0.00830,18851.5,0.00829,9357.6,0.00828,28064.6,0.00827,15276.2,0.00826,50677.8,0.00825,58828.0,0.00824,33120.6,0.00835,77.9,0.00836,21439.0,0.00837,24047.5,0.00838,30251.8,0.00839,17142.4,0.00840,34986.9,0.00841,30142.6,0.00842,67965.6,0.00843,43000.7,0.00844,23698.1
binance,bybit,SXPUSDT,0.00840000,0.00835,-0.5952,1774109363000,0.00830000,320400.20000000,0.00820000,2048198.50000000,0.00810000,972265.30000000,0.00800000,780077.80000000,0.00790000,592870.30000000,0.00780000,2117454.10000000,0.00770000,705200.40000000,0.00760000,1253180.30000000,0.00750000,580281.90000000,0.00740000,379743.20000000,0.00840000,493597.30000000,0.00850000,432311.30000000,0.00860000,93907.70000000,0.00870000,279717.70000000,0.00880000,297547.60000000,0.00890000,463890.30000000,0.00900000,244105.60000000,0.00910000,68441.70000000,0.00920000,95996.30000000,0.00930000,59868.60000000,0.00833,27631.4,0.00832,132366.2,0.00831,22171.3,0.00830,18851.5,0.00829,9357.6,0.00828,28064.6,0.00827,15276.2,0.00826,50677.8,0.00825,58828.0,0.00824,33120.6,0.00835,77.9,0.00836,21439.0,0.00837,24047.5,0.00838,30251.8,0.00839,17142.4,0.00840,34986.9,0.00841,30142.6,0.00842,67965.6,0.00843,43000.7,0.00844,23698.1
binance,bybit,SXPUSDT,0.00840000,0.00835,-0.5952,1774109364000,0.00830000,291150.20000000,0.00820000,2048198.50000000,0.00810000,943015.30000000,0.00800000,750827.80000000,0.00790000,563620.30000000,0.00780000,2088204.10000000,0.00770000,675950.40000000,0.00760000,1223930.30000000,0.00750000,551031.90000000,0.00740000,350493.20000000,0.00840000,474636.30000000,0.00850000,403061.30000000,0.00860000,64657.70000000,0.00870000,250467.70000000,0.00880000,268297.60000000,0.00890000,434640.30000000,0.00900000,214855.60000000,0.00910000,39191.70000000,0.00920000,66746.30000000,0.00930000,30618.60000000,0.00835,7.1,0.00834,17602.8,0.00833,31551.3,0.00832,73570.2,0.00831,20821.3,0.00830,29296.8,0.00829,53882.8,0.00828,23952.8,0.00827,12999.2,0.00826,42278.8,0.00838,24518.8,0.00839,22142.4,0.00840,52682.3,0.00841,27503.7,0.00842,20302.1,0.00843,44601.4,0.00844,56996.7,0.00845,18912.9,0.00846,42657.9,0.00847,22274.7
binance,bybit,SXPUSDT,0.00840000,0.00834,-0.7143,1774109365000,0.00830000,291150.20000000,0.00820000,2048198.50000000,0.00810000,943015.30000000,0.00800000,750827.80000000,0.00790000,563620.30000000,0.00780000,2088204.10000000,0.00770000,675950.40000000,0.00760000,1223930.30000000,0.00750000,551031.90000000,0.00740000,350493.20000000,0.00840000,474636.30000000,0.00850000,403061.30000000,0.00860000,64657.70000000,0.00870000,250467.70000000,0.00880000,268297.60000000,0.00890000,434640.30000000,0.00900000,214855.60000000,0.00910000,39191.70000000,0.00920000,66746.30000000,0.00930000,30618.60000000,0.00834,1199.6,0.00833,19812.5,0.00832,73777.5,0.00831,20940.6,0.00830,29178.2,0.00829,17509.0,0.00828,62482.8,0.00827,12999.2,0.00826,42277.9,0.00825,27470.0,0.00836,12944.4,0.00837,23267.8,0.00838,24525.9,0.00839,29789.3,0.00840,52682.3,0.00841,27503.7,0.00842,20302.1,0.00843,37042.4,0.00844,55811.9,0.00845,42985.4
binance,bybit,SXPUSDT,0.00840000,0.00834,-0.7143,1774109371000,0.00830000,291150.20000000,0.00820000,2048198.50000000,0.00810000,943015.30000000,0.00800000,750827.80000000,0.00790000,563620.30000000,0.00780000,2088204.10000000,0.00770000,675950.40000000,0.00760000,1223930.30000000,0.00750000,551031.90000000,0.00740000,350493.20000000,0.00840000,474636.30000000,0.00850000,403061.30000000,0.00860000,64657.70000000,0.00870000,250467.70000000,0.00880000,268297.60000000,0.00890000,434640.30000000,0.00900000,214855.60000000,0.00910000,39191.70000000,0.00920000,66746.30000000,0.00930000,30618.60000000,0.00834,1199.6,0.00833,26922.2,0.00832,73777.5,0.00831,20940.6,0.00830,29178.2,0.00829,17509.0,0.00828,62482.8,0.00827,12999.2,0.00826,42277.9,0.00825,27470.0,0.00836,9416.8,0.00837,23267.8,0.00838,24525.9,0.00839,31323.0,0.00840,52682.3,0.00841,27503.7,0.00842,20302.1,0.00843,37042.4,0.00844,55811.9,0.00845,42985.4
binance,bybit,SXPUSDT,0.00840000,0.00832,-0.9524,1774109378000,,,,,,,,,,,,,,,,,,,,,,,,,,,,,,,,,,,,,,,,,0.00832,64189.3,0.00831,20820.3,0.00830,23200.2,0.00829,10936.0,0.00828,23952.8,0.00827,27249.0,0.00826,58957.3,0.00825,27470.0,0.00824,46382.8,0.00823,16583.9,0.00834,479.0,0.00835,12234.7,0.00836,23227.7,0.00837,21983.5,0.00838,24525.9,0.00839,22142.4,0.00840,40777.5,0.00841,47769.0,0.00842,61504.7,0.00843,43000.7
binance,bybit,SXPUSDT,0.00840000,0.00832,-0.9524,1774109383000,0.00830000,293115.30000000,0.00820000,2048198.50000000,0.00810000,972265.30000000,0.00800000,780077.80000000,0.00790000,592870.30000000,0.00780000,2116813.00000000,0.00770000,705200.40000000,0.00760000,1253180.30000000,0.00750000,551031.90000000,0.00740000,350493.20000000,0.00840000,493597.30000000,0.00850000,432311.30000000,0.00860000,93907.70000000,0.00870000,279717.70000000,0.00880000,297547.60000000,0.00890000,463890.30000000,0.00900000,244105.60000000,0.00910000,39191.70000000,0.00920000,66746.30000000,0.00930000,30618.60000000,0.00832,64189.3,0.00831,20907.1,0.00830,23079.8,0.00829,11951.0,0.00828,23952.8,0.00827,27249.0,0.00826,59562.6,0.00825,27470.0,0.00824,45169.3,0.00823,18406.4,0.00835,17197.0,0.00836,23227.7,0.00837,25337.7,0.00838,49923.9,0.00839,28240.8,0.00840,22495.6,0.00841,39514.4,0.00842,56564.2,0.00843,43593.8,0.00844,20143.6
binance,bybit,SXPUSDT,0.00840000,0.00832,-0.9524,1774109400000,0.00830000,254241.80000000,0.00820000,2152390.10000000,0.00810000,943015.30000000,0.00800000,750827.80000000,0.00790000,563620.30000000,0.00780000,2087563.00000000,0.00770000,675950.40000000,0.00760000,1223930.30000000,0.00750000,551031.90000000,0.00740000,350493.20000000,0.00840000,493597.30000000,0.00850000,403061.30000000,0.00860000,64657.70000000,0.00870000,250467.70000000,0.00880000,268297.60000000,0.00890000,434640.30000000,0.00900000,214855.60000000,0.00910000,39191.70000000,0.00920000,66746.30000000,0.00930000,30618.60000000,0.00832,229144.3,0.00831,11468.3,0.00830,18953.2,0.00829,15000.8,0.00828,26428.9,0.00827,26285.9,0.00826,58352.0,0.00825,28561.0,0.00824,26892.7,0.00823,42799.6,0.00835,12526.5,0.00836,23221.3,0.00837,26674.4,0.00838,36459.1,0.00839,28240.8,0.00840,35811.4,0.00841,27400.5,0.00842,56564.2,0.00843,43593.8,0.00844,20143.6
binance,bybit,SXPUSDT,0.00840000,0.00832,-0.9524,1774109402000,0.00830000,239805.50000000,0.00820000,2152390.10000000,0.00810000,943015.30000000,0.00800000,750827.80000000,0.00790000,563620.30000000,0.00780000,2088204.10000000,0.00770000,675950.40000000,0.00760000,1223930.30000000,0.00750000,551031.90000000,0.00740000,350493.20000000,0.00840000,493597.30000000,0.00850000,403061.30000000,0.00860000,64657.70000000,0.00870000,250467.70000000,0.00880000,268297.60000000,0.00890000,434640.30000000,0.00900000,214855.60000000,0.00910000,39191.70000000,0.00920000,66746.30000000,0.00930000,30618.60000000,0.00833,2.3,0.00832,230522.6,0.00831,9593.9,0.00830,16917.9,0.00829,15000.8,0.00828,26428.9,0.00827,26285.9,0.00826,64347.2,0.00825,28561.0,0.00824,42593.4,0.00834,3187.9,0.00835,9337.9,0.00836,23340.8,0.00837,26793.7,0.00838,36459.1,0.00839,28240.8,0.00840,28041.8,0.00841,40584.7,0.00842,56445.5,0.00843,43712.3
binance,bybit,SXPUSDT,0.00840000,0.00832,-0.9524,1774109403000,0.00830000,239805.50000000,0.00820000,2140317.00000000,0.00810000,1530439.10000000,0.00800000,750827.80000000,0.00790000,563620.30000000,0.00780000,2087563.00000000,0.00770000,675950.40000000,0.00760000,1223930.30000000,0.00750000,551031.90000000,0.00740000,350493.20000000,0.00840000,493597.30000000,0.00850000,403061.30000000,0.00860000,64657.70000000,0.00870000,250467.70000000,0.00880000,268297.60000000,0.00890000,434640.30000000,0.00900000,214855.60000000,0.00910000,39191.70000000,0.00920000,66746.30000000,0.00930000,30618.60000000,0.00833,2.3,0.00832,230522.6,0.00831,9593.9,0.00830,9503.9,0.00829,15000.8,0.00828,26428.9,0.00827,26285.9,0.00826,64347.2,0.00825,28561.0,0.00824,42593.4,0.00834,3187.9,0.00835,21700.0,0.00836,23340.8,0.00837,26793.7,0.00838,24525.9,0.00839,28240.8,0.00840,28041.8,0.00841,40584.7,0.00842,56445.5,0.00843,43712.3
binance,bybit,SXPUSDT,0.00840000,0.00833,-0.8333,1774109406000,0.00830000,239805.50000000,0.00820000,2140317.00000000,0.00810000,1530439.10000000,0.00800000,750827.80000000,0.00790000,563620.30000000,0.00780000,2088204.10000000,0.00770000,675950.40000000,0.00760000,1223930.30000000,0.00750000,551031.90000000,0.00740000,350493.20000000,0.00840000,493597.30000000,0.00850000,403061.30000000,0.00860000,64657.70000000,0.00870000,231480.40000000,0.00880000,268297.60000000,0.00890000,434640.30000000,0.00900000,214855.60000000,0.00910000,39191.70000000,0.00920000,66746.30000000,0.00930000,30618.60000000,0.00833,45.8,0.00832,230522.6,0.00831,9593.9,0.00830,19000.1,0.00829,15121.3,0.00828,20209.8,0.00827,26285.9,0.00826,70445.6,0.00825,28561.0,0.00824,42593.4,0.00835,38089.8,0.00836,18340.8,0.00837,25457.0,0.00838,37752.3,0.00839,28240.8,0.00840,28041.8,0.00841,40584.7,0.00842,60008.4,0.00843,43712.3,0.00844,20143.6
binance,bybit,SXPUSDT,0.00840000,0.00834,-0.7143,1774109433000,0.00830000,249429.00000000,0.00820000,2140317.00000000,0.00810000,943015.30000000,0.00800000,750827.80000000,0.00790000,563620.30000000,0.00780000,2087563.00000000,0.00770000,675950.40000000,0.00760000,1223930.30000000,0.00750000,551031.90000000,0.00740000,350493.20000000,0.00840000,493597.30000000,0.00850000,403061.30000000,0.00860000,33675.90000000,0.00870000,250467.70000000,0.00880000,268297.60000000,0.00890000,434640.30000000,0.00900000,214855.60000000,0.00910000,39191.70000000,0.00920000,66746.30000000,0.00930000,30618.60000000,0.00834,9572.1,0.00833,61238.3,0.00832,188702.4,0.00831,19134.8,0.00830,19050.2,0.00829,13710.5,0.00828,33207.6,0.00827,26285.9,0.00826,56070.2,0.00825,28561.0,0.00836,8185.9,0.00837,14529.7,0.00838,25721.5,0.00839,34061.4,0.00840,34537.9,0.00841,46024.3,0.00842,42039.4,0.00843,19526.4,0.00844,46367.2,0.00845,79769.1
binance,bybit,SXPUSDT,0.00840000,0.00835,-0.5952,1774109443000,0.00830000,249429.00000000,0.00820000,2140317.00000000,0.00810000,943015.30000000,0.00800000,750827.80000000,0.00790000,563620.30000000,0.00780000,1985204.10000000,0.00770000,612573.90000000,0.00760000,1151694.50000000,0.00750000,533698.90000000,0.00740000,343736.50000000,0.00840000,493597.30000000,0.00850000,403061.30000000,0.00860000,33675.90000000,0.00870000,250467.70000000,0.00880000,268297.60000000,0.00890000,434640.30000000,0.00900000,214855.60000000,0.00910000,39191.70000000,0.00920000,66746.30000000,0.00930000,30618.60000000,0.00835,0.1,0.00834,14572.1,0.00833,65292.3,0.00832,188495.1,0.00831,23487.5,0.00830,19050.2,0.00829,33184.3,0.00828,57362.2,0.00827,14208.3,0.00826,44214.7,0.00836,3185.0,0.00837,12465.5,0.00838,30941.0,0.00839,34061.4,0.00840,34537.8,0.00841,27281.8,0.00842,26400.5,0.00843,31047.2,0.00844,57968.1,0.00845,44168.8
binance,bybit,SXPUSDT,0.00840000,0.00835,-0.5952,1774109446000,0.00830000,249429.00000000,0.00820000,2140317.00000000,0.00810000,943015.30000000,0.00800000,750827.80000000,0.00790000,563620.30000000,0.00780000,1985204.10000000,0.00770000,612573.90000000,0.00760000,1151694.50000000,0.00750000,533698.90000000,0.00740000,343736.50000000,0.00840000,474636.30000000,0.00850000,403061.30000000,0.00860000,33675.90000000,0.00870000,250467.70000000,0.00880000,268297.60000000,0.00890000,434640.30000000,0.00900000,214855.60000000,0.00910000,39191.70000000,0.00920000,66746.30000000,0.00930000,30618.60000000,0.00835,0.1,0.00834,22346.8,0.00833,65292.3,0.00832,188495.1,0.00831,23487.5,0.00830,19050.2,0.00829,47559.7,0.00828,42986.8,0.00827,14208.3,0.00826,44214.7,0.00837,4648.5,0.00838,25725.3,0.00839,34061.4,0.00840,34537.8,0.00841,27281.8,0.00842,31618.0,0.00843,31047.2,0.00844,57968.1,0.00845,20101.4,0.00846,46203.9
