spot_exch,fut_exch,symbol,ask_spot,bid_futures,spread_pct,ts,s_b1,s_b2,s_b3,s_b4,s_b5,s_b6,s_b7,s_b8,s_b9,s_b10,s_bq1,s_bq2,s_bq3,s_bq4,s_bq5,s_bq6,s_bq7,s_bq8,s_bq9,s_bq10,s_a1,s_a2,s_a3,s_a4,s_a5,s_a6,s_a7,s_a8,s_a9,s_a10,s_aq1,s_aq2,s_aq3,s_aq4,s_aq5,s_aq6,s_aq7,s_aq8,s_aq9,s_aq10,f_b1,f_b2,f_b3,f_b4,f_b5,f_b6,f_b7,f_b8,f_b9,f_b10,f_bq1,f_bq2,f_bq3,f_bq4,f_bq5,f_bq6,f_bq7,f_bq8,f_bq9,f_bq10,f_a1,f_a2,f_a3,f_a4,f_a5,f_a6,f_a7,f_a8,f_a9,f_a10,f_aq1,f_aq2,f_aq3,f_aq4,f_aq5,f_aq6,f_aq7,f_aq8,f_aq9,f_aq10
gate,bybit,VANRYUSDT,0.005574,0.006003,7.6964,1774108909000,,,,,,,,,,,,,,,,,,,,,,,,,,,,,,,,,,,,,,,,,0.006003,1667,0.006002,2587,0.006001,5773,0.006000,23723,0.005999,20876,0.005998,54249,0.005997,31714,0.005996,21731,0.005995,17100,0.005994,25983,0.006004,57847,0.006005,14830,0.006006,1666,0.006007,20657,0.006008,23314,0.006009,47043,0.006010,23198,0.006011,20432,0.006012,49185,0.006013,52351
gate,bybit,VANRYUSDT,0.005574,0.006003,7.6964,1774108913000,,,,,,,,,,,,,,,,,,,,,,,,,,,,,,,,,,,,,,,,,0.006002,2587,0.006001,1667,0.006000,10947,0.005999,20876,0.005998,9320,0.005997,16702,0.005996,21731,0.005995,17100,0.005994,25983,0.005993,66475,0.006003,56279,0.006005,16496,0.006006,10058,0.006007,29201,0.006008,71263,0.006009,27643,0.006010,23198,0.006011,20432,0.006012,49185,0.006013,52351
gate,bybit,VANRYUSDT,0.005573,0.006002,7.6978,1774108916000,0.005571,25011,0.00557,18265,0.005569,35631,0.005568,35764,0.005567,35925,0.005566,15805,0.005564,31600,0.005563,31600,0.005562,11600,0.005561,31600,0.005573,8593,0.005574,8779,0.005575,146615,0.005576,104250,0.005577,31600,0.005579,11600,0.005598,11600,0.005599,26930,0.0056,19292,0.005601,15527,0.006002,2587,0.006001,1667,0.006000,4292,0.005999,24686,0.005998,10632,0.005997,16702,0.005996,21731,0.005995,17100,0.005994,25983,0.005993,66475,0.006003,58457,0.006004,1667,0.006005,16496,0.006006,22914,0.006007,18758,0.006008,71263,0.006009,27643,0.006010,23198,0.006011,20432,0.006012,49185
gate,bybit,VANRYUSDT,0.005572,0.006002,7.7172,1774108920000,0.00557,18265,0.005569,15631,0.005568,15764,0.005567,35925,0.005566,15805,0.005565,37381,0.005564,35686,0.005563,31600,0.005562,11600,0.005561,31600,0.005572,8751,0.005573,8593,0.005574,20379,0.005575,146615,0.005576,104250,0.005577,15737,0.005578,11600,0.005598,11600,0.005599,26930,0.0056,19292,0.006002,2587,0.006001,1667,0.006000,4292,0.005999,24686,0.005998,10632,0.005997,16702,0.005996,21731,0.005995,17100,0.005994,25983,0.005993,66475,0.006003,70778,0.006004,1667,0.006005,3892,0.006006,22914,0.006007,18758,0.006008,71263,0.006009,27643,0.006010,23198,0.006011,20432,0.006012,49185
gate,bybit,VANRYUSDT,0.005572,0.006001,7.6992,1774108921000,0.00557,26926,0.005569,15631,0.005568,15764,0.005567,35925,0.005566,15805,0.005565,36597,0.005564,35686,0.005563,31600,0.005562,31600,0.005561,31600,0.005572,4192,0.005573,8593,0.005574,36273,0.005575,146615,0.005576,104250,0.005577,11600,0.005578,11600,0.005598,11600,0.005599,26930,0.0056,19292,0.006001,844,0.006000,2587,0.005999,14133,0.005998,9320,0.005997,16702,0.005996,21731,0.005995,17100,0.005994,25983,0.005993,66475,0.005992,24911,0.006002,49138,0.006003,31694,0.006004,1667,0.006005,18777,0.006006,23834,0.006007,18758,0.006008,71263,0.006009,27643,0.006010,23198,0.006011,20432
gate,bybit,VANRYUSDT,0.005572,0.005996,7.6095,1774108922000,0.005571,4022,0.00557,18265,0.005569,15631,0.005568,15764,0.005567,35925,0.005566,15805,0.005565,36597,0.005564,35686,0.005563,31600,0.005562,31600,0.005572,4192,0.005573,8593,0.005574,36273,0.005575,146615,0.005576,104250,0.005578,11600,0.005598,11600,0.005599,26930,0.0056,19292,0.005601,15527,0.006001,2515,0.006000,2587,0.005999,5773,0.005998,14842,0.005997,16702,0.005996,21731,0.005995,17100,0.005994,25983,0.005993,66475,0.005992,24911,0.006002,43896,0.006003,33361,0.006004,1667,0.006005,22771,0.006006,21569,0.006007,16521,0.006008,71263,0.006009,27643,0.006010,23198,0.006011,20432
gate,bybit,VANRYUSDT,0.005565,0.005994,7.7089,1774108924000,0.005565,16725,0.005564,27709,0.005563,19048,0.005562,37479,0.005561,16837,0.00556,17036,0.005559,16366,0.005557,11600,0.005555,31600,0.005554,31600,0.005566,4498,0.005567,5815,0.005568,11612,0.005569,19048,0.00557,45974,0.005571,20508,0.005572,11600,0.005573,11600,0.005574,11600,0.005575,11600,0.005994,2192,0.005993,3549,0.005992,4305,0.005991,18669,0.005990,27841,0.005989,54032,0.005988,18315,0.005987,36512,0.005986,58977,0.005985,17256,0.005995,66139,0.005996,3849,0.005997,5773,0.005998,32986,0.005999,30356,0.006000,16551,0.006001,20657,0.006002,9259,0.006003,8339,0.006004,89672
gate,bybit,VANRYUSDT,0.005565,0.005994,7.7089,1774108929000,0.005564,12812,0.005563,18927,0.005562,17905,0.005561,16837,0.00556,17036,0.005559,36366,0.005558,55049,0.005557,31600,0.005556,31600,0.005555,31600,0.005565,4339,0.005566,4498,0.005567,5815,0.005568,23212,0.005569,19048,0.00557,19048,0.005571,16054,0.005573,31600,0.005574,11600,0.005578,11600,0.005994,2192,0.005993,1861,0.005992,2590,0.005991,16954,0.005990,26526,0.005989,54032,0.005988,18315,0.005987,36512,0.005986,58977,0.005985,17256,0.005995,66139,0.005996,3849,0.005997,5773,0.005998,32986,0.005999,30356,0.006000,17471,0.006001,20657,0.006002,9259,0.006003,8339,0.006004,90592
gate,bybit,VANRYUSDT,0.005564,0.005994,7.7283,1774108934000,0.005563,11600,0.005562,17905,0.005561,16837,0.00556,37036,0.005559,37380,0.005558,35874,0.005557,35764,0.005556,31600,0.005555,31600,0.005554,31600,0.005564,5345,0.005565,4174,0.005566,161766,0.005567,11600,0.005568,23212,0.005569,19048,0.00557,15639,0.005572,20000,0.005573,11600,0.005578,11600,0.005994,2440,0.005993,1861,0.005992,2590,0.005991,16954,0.005990,26526,0.005989,54032,0.005988,18315,0.005987,36512,0.005986,58977,0.005985,17256,0.005995,66139,0.005996,3849,0.005997,5773,0.005998,32986,0.005999,30356,0.006000,17471,0.006001,20657,0.006002,9259,0.006003,8339,0.006004,90592
gate,bybit,VANRYUSDT,0.005563,0.005992,7.7117,1774108935000,0.005561,16837,0.00556,17036,0.005559,17380,0.005558,35874,0.005557,35764,0.005556,37431,0.005555,35694,0.005554,31600,0.005553,11600,0.005544,18641,0.005563,25343,0.005564,5345,0.005565,15774,0.005566,161766,0.005567,17574,0.005568,23212,0.005569,11600,0.00557,15639,0.005573,11600,0.005578,11600,0.005994,2440,0.005993,1861,0.005992,2590,0.005991,12848,0.005990,22420,0.005989,54032,0.005988,18315,0.005987,36512,0.005986,58977,0.005985,17256,0.005995,66139,0.005996,3849,0.005997,5773,0.005998,32986,0.005999,30356,0.006000,17471,0.006001,20657,0.006002,9259,0.006003,8339,0.006004,90592
gate,bybit,VANRYUSDT,0.005563,0.005992,7.7117,1774108936198,0.00556,17036,0.005559,17380,0.005558,35874,0.005557,35764,0.005556,37431,0.005555,35694,0.005554,31600,0.005553,11600,0.005544,18641,0.005543,11600,0.005562,5117,0.005563,25343,0.005564,16945,0.005565,15774,0.005566,161766,0.005567,27574,0.005568,15764,0.005569,11600,0.00557,15639,0.005578,11600,0.005992,2590,0.005991,1670,0.005990,4279,0.005989,277414,0.005988,18315,0.005987,21500,0.005986,58977,0.005985,17256,0.005984,37297,0.005983,57932,0.005993,52750,0.005994,15829,0.005995,31433,0.005996,29248,0.005997,20668,0.005998,16414,0.005999,23351,0.006000,17471,0.006001,20657,0.006002,9259
gate,bybit,VANRYUSDT,0.005562,0.005992,7.731,1774108936505,0.00556,17036,0.005559,17380,0.005558,35874,0.005557,35764,0.005556,37431,0.005555,35694,0.005554,31600,0.005553,11600,0.005546,29634,0.005545,31600,0.005562,5117,0.005563,25343,0.005564,16945,0.005565,15774,0.005566,171766,0.005567,17574,0.005568,11600,0.005569,11600,0.00557,15639,0.005578,11600,0.005992,2590,0.005991,1670,0.005990,4279,0.005989,277414,0.005988,18315,0.005987,21500,0.005986,58977,0.005985,17256,0.005984,37297,0.005983,57932,0.005993,52750,0.005994,15829,0.005995,31433,0.005996,29248,0.005997,20668,0.005998,16414,0.005999,23351,0.006000,17471,0.006001,20657,0.006002,9259
gate,bybit,VANRYUSDT,0.005561,0.005991,7.7324,1774108936818,0.005559,17380,0.005558,15874,0.005557,15764,0.005556,37431,0.005555,35694,0.005554,35923,0.005553,15691,0.005546,29634,0.005545,31600,0.005544,600,0.005561,5651,0.005562,5117,0.005563,25343,0.005564,16945,0.005565,15774,0.005566,171766,0.005567,11600,0.005568,11600,0.005569,11600,0.00557,15639,0.005992,2590,0.005991,1670,0.005990,4279,0.005989,277414,0.005988,18315,0.005987,21500,0.005986,58977,0.005985,17256,0.005984,37297,0.005983,57932,0.005993,44570,0.005994,15829,0.005995,31433,0.005996,29248,0.005997,20668,0.005998,16414,0.005999,23351,0.006000,17471,0.006001,20657,0.006002,9259
gate,bybit,VANRYUSDT,0.005561,0.005991,7.7324,1774108937131,0.005559,17289,0.005558,15874,0.005557,15764,0.005556,37431,0.005555,35694,0.005554,35923,0.005553,15691,0.005546,29634,0.005545,31600,0.005544,600,0.005561,5651,0.005562,5117,0.005563,25343,0.005564,16945,0.005565,15774,0.005566,172606,0.005567,11600,0.005568,11600,0.005569,11600,0.00557,15639,0.005992,2590,0.005991,1670,0.005990,4279,0.005989,277414,0.005988,18315,0.005987,21500,0.005986,58977,0.005985,17256,0.005984,37297,0.005983,57932,0.005993,44570,0.005994,15829,0.005995,31433,0.005996,29248,0.005997,20668,0.005998,16414,0.005999,23351,0.006000,17471,0.006001,20657,0.006002,9259
gate,bybit,VANRYUSDT,0.005561,0.005991,7.7324,1774108937443,0.005559,17289,0.005558,15874,0.005557,15764,0.005556,37431,0.005555,35694,0.005554,35923,0.005553,15691,0.005546,29634,0.005545,31600,0.005544,600,0.005561,5651,0.005562,5117,0.005563,25343,0.005564,16945,0.005565,15774,0.005566,172606,0.005567,11600,0.005568,11600,0.005569,11600,0.00557,15639,0.005992,2590,0.005991,1670,0.005990,2590,0.005989,276023,0.005988,18315,0.005987,21500,0.005986,58977,0.005985,17256,0.005984,37297,0.005983,57932,0.005993,44570,0.005994,15829,0.005995,31433,0.005996,29248,0.005997,20668,0.005998,16414,0.005999,23351,0.006000,17471,0.006001,20657,0.006002,9259
gate,bybit,VANRYUSDT,0.005561,0.005991,7.7324,1774108937756,0.005559,17289,0.005558,15874,0.005557,15764,0.005556,37431,0.005555,35694,0.005554,35923,0.005553,15691,0.005546,49634,0.005545,31600,0.005544,600,0.005561,5651,0.005562,5117,0.005563,25343,0.005564,16945,0.005565,25774,0.005566,162606,0.005567,11600,0.005568,11600,0.005569,11600,0.00557,15639,0.005991,1670,0.005990,2590,0.005989,260733,0.005988,13781,0.005987,13140,0.005986,58977,0.005985,17256,0.005984,37297,0.005983,57932,0.005982,13942,0.005992,56559,0.005993,3830,0.005994,30848,0.005995,43866,0.005996,25870,0.005997,20668,0.005998,16414,0.005999,23351,0.006000,17471,0.006001,70554
gate,bybit,VANRYUSDT,0.005561,0.005991,7.7324,1774108938073,0.005559,17289,0.005558,15874,0.005557,15764,0.005556,37431,0.005555,35694,0.005554,35923,0.005553,15691,0.005546,49634,0.005545,31600,0.005544,600,0.005561,5651,0.005562,5117,0.005563,25343,0.005564,16945,0.005565,25774,0.005566,162606,0.005567,11600,0.005568,11600,0.005569,11600,0.00557,15639,0.005991,1670,0.005990,2590,0.005989,260733,0.005988,13781,0.005987,21500,0.005986,58977,0.005985,17256,0.005984,37297,0.005983,57932,0.005982,13942,0.005992,55777,0.005993,3830,0.005994,30848,0.005995,48647,0.005996,19664,0.005997,20668,0.005998,16414,0.005999,23351,0.006000,17471,0.006001,70554
gate,bybit,VANRYUSDT,0.005561,0.005991,7.7324,1774108938384,0.005559,25950,0.005558,15874,0.005557,15764,0.005556,37431,0.005555,35694,0.005554,35923,0.005553,15691,0.005546,49634,0.005545,31600,0.005544,600,0.005561,5651,0.005562,5117,0.005563,25343,0.005564,16945,0.005565,25774,0.005566,162606,0.005567,11600,0.005568,11600,0.005569,11600,0.00557,15639,0.005991,1670,0.005990,2590,0.005989,260733,0.005988,13781,0.005987,21500,0.005986,58977,0.005985,17256,0.005984,37297,0.005983,57932,0.005982,13942,0.005992,55777,0.005993,3830,0.005994,30848,0.005995,48647,0.005996,19664,0.005997,20668,0.005998,16414,0.005999,23351,0.006000,17471,0.006001,70554
gate,bybit,VANRYUSDT,0.005561,0.005991,7.7324,1774108938692,0.005559,25950,0.005558,15874,0.005557,15764,0.005556,37431,0.005555,35694,0.005554,35923,0.005553,15691,0.005548,29628,0.005547,31600,0.005546,31600,0.005561,5651,0.005562,5117,0.005563,25343,0.005564,16945,0.005565,25774,0.005566,162606,0.005568,11600,0.005569,11600,0.00557,15639,0.005578,11600,0.005991,1670,0.005990,2590,0.005989,260733,0.005988,13781,0.005987,21500,0.005986,58977,0.005985,17256,0.005984,37297,0.005983,57932,0.005982,13942,0.005992,47601,0.005993,3830,0.005994,30848,0.005995,48647,0.005996,19664,0.005997,20668,0.005998,16414,0.005999,23351,0.006000,17471,0.006001,70554
gate,bybit,VANRYUSDT,0.005561,0.005991,7.7324,1774108938998,0.005559,25950,0.005558,15874,0.005557,15764,0.005556,37431,0.005555,35694,0.005554,35923,0.005553,15691,0.005548,29628,0.005547,31600,0.005546,31600,0.005561,5651,0.005562,5117,0.005563,25343,0.005564,16945,0.005565,25774,0.005566,162606,0.005568,11600,0.005569,11600,0.00557,15639,0.005578,11600,0.005991,1670,0.005990,2590,0.005989,260733,0.005988,13781,0.005987,21500,0.005986,58977,0.005985,17256,0.005984,37297,0.005983,57932,0.005982,13942,0.005992,47601,0.005993,3830,0.005994,30848,0.005995,48647,0.005996,19664,0.005997,20668,0.005998,16414,0.005999,23351,0.006000,17471,0.006001,70554
gate,bybit,VANRYUSDT,0.005562,0.005991,7.7131,1774108939300,0.005561,14674,0.00556,16567,0.005559,17289,0.005558,15874,0.005557,15764,0.005556,37431,0.005555,35694,0.005554,35923,0.005553,15691,0.005548,29628,0.005563,5343,0.005564,5345,0.005565,25774,0.005566,156361,0.005567,4448,0.005568,15819,0.005569,11600,0.00557,15639,0.005578,11600,0.005589,11600,0.005991,1670,0.005990,2590,0.005989,260733,0.005988,13785,0.005987,21500,0.005986,58977,0.005985,17256,0.005984,37297,0.005983,57932,0.005982,22302,0.005992,39744,0.005993,8675,0.005994,23843,0.005995,41977,0.005996,21581,0.005997,20668,0.005998,16414,0.005999,23351,0.006000,17471,0.006001,70554
gate,bybit,VANRYUSDT,0.005562,0.005991,7.7131,1774108939601,0.005561,5389,0.00556,16567,0.005559,17289,0.005558,15874,0.005557,15764,0.005556,37431,0.005555,35694,0.005554,35923,0.005553,15691,0.005549,31600,0.005562,4282,0.005563,5343,0.005564,5345,0.005565,25774,0.005566,163104,0.005567,16048,0.005568,35819,0.005569,11600,0.00557,15639,0.005578,11600,0.005991,1670,0.005990,7332,0.005989,260733,0.005988,13785,0.005987,21500,0.005986,58977,0.005985,17256,0.005984,37297,0.005983,57932,0.005982,22302,0.005992,39744,0.005993,8675,0.005994,23843,0.005995,43894,0.005996,19664,0.005997,20668,0.005998,16414,0.005999,23351,0.006000,17471,0.006001,70554
gate,bybit,VANRYUSDT,0.005562,0.005991,7.7131,1774108939906,0.005561,5389,0.00556,16567,0.005559,17289,0.005558,15874,0.005557,15764,0.005556,37431,0.005555,35694,0.005554,35923,0.005553,15691,0.005549,31600,0.005562,4282,0.005563,5343,0.005564,5345,0.005565,25774,0.005566,163104,0.005567,16048,0.005568,35819,0.005569,11600,0.00557,15639,0.005578,11600,0.005991,1670,0.005990,7332,0.005989,260733,0.005988,13785,0.005987,21500,0.005986,58977,0.005985,17256,0.005984,37297,0.005983,57932,0.005982,22302,0.005992,39744,0.005993,8675,0.005994,23843,0.005995,43894,0.005996,19664,0.005997,20668,0.005998,16414,0.005999,23351,0.006000,17471,0.006001,70554
gate,bybit,VANRYUSDT,0.005562,0.005991,7.7131,1774108940213,0.005561,5389,0.00556,16567,0.005559,17289,0.005558,15874,0.005557,15764,0.005556,37431,0.005555,35694,0.005554,35923,0.005553,15691,0.00555,18021,0.005562,4282,0.005563,5343,0.005564,5345,0.005565,25774,0.005566,163104,0.005567,16048,0.005568,35819,0.005569,11600,0.00557,15639,0.005578,11600,0.005991,1670,0.005990,7332,0.005989,260733,0.005988,13785,0.005987,21500,0.005986,58977,0.005985,17256,0.005984,37297,0.005983,57932,0.005982,22302,0.005992,39744,0.005993,8675,0.005994,23843,0.005995,43894,0.005996,19664,0.005997,20668,0.005998,16414,0.005999,23351,0.006000,17471,0.006001,70554
gate,bybit,VANRYUSDT,0.005562,0.005991,7.7131,1774108940519,0.00556,25228,0.005559,17289,0.005558,15874,0.005557,15764,0.005556,37431,0.005555,35694,0.005554,35923,0.005553,15691,0.00555,49621,0.005549,31600,0.005562,4282,0.005563,5343,0.005564,5345,0.005565,25774,0.005566,163614,0.005567,36048,0.005568,15819,0.005569,11600,0.00557,15639,0.005578,11600,0.005991,1670,0.005990,7332,0.005989,260733,0.005988,13785,0.005987,21500,0.005986,58977,0.005985,17256,0.005984,37297,0.005983,57932,0.005982,22302,0.005992,39744,0.005993,8675,0.005994,23843,0.005995,43894,0.005996,19664,0.005997,20668,0.005998,16414,0.005999,23351,0.006000,17471,0.006001,70554
gate,bybit,VANRYUSDT,0.005562,0.005991,7.7131,1774108940828,0.00556,25228,0.005559,17289,0.005558,15874,0.005557,15764,0.005556,37431,0.005555,35694,0.005554,35923,0.005553,15691,0.00555,49621,0.005549,31600,0.005562,4282,0.005563,5343,0.005564,5345,0.005565,25774,0.005566,163614,0.005567,36048,0.005568,15819,0.005569,11600,0.00557,15639,0.005578,11600,0.005991,1670,0.005990,7332,0.005989,260733,0.005988,13785,0.005987,21500,0.005986,58977,0.005985,17256,0.005984,37297,0.005983,57932,0.005982,22302,0.005992,39744,0.005993,8675,0.005994,23843,0.005995,43894,0.005996,19664,0.005997,20668,0.005998,16414,0.005999,23351,0.006000,17471,0.006001,70554
gate,bybit,VANRYUSDT,0.005562,0.005991,7.7131,1774108941141,0.00556,25228,0.005559,17289,0.005558,15874,0.005557,15764,0.005556,37431,0.005555,35694,0.005554,35923,0.005553,15691,0.005552,29615,0.005551,31600,0.005562,4282,0.005563,5343,0.005564,5345,0.005565,25774,0.005566,183614,0.005567,16048,0.005568,15819,0.005569,11600,0.00557,15639,0.005578,11600,0.005991,1670,0.005990,7332,0.005989,260733,0.005988,13785,0.005987,21500,0.005986,58977,0.005985,17256,0.005984,37297,0.005983,57932,0.005982,22302,0.005992,39744,0.005993,8675,0.005994,23843,0.005995,43894,0.005996,19664,0.005997,20668,0.005998,16414,0.005999,23351,0.006000,17471,0.006001,70554
gate,bybit,VANRYUSDT,0.005562,0.005991,7.7131,1774108941443,0.00556,25228,0.005559,17289,0.005558,15874,0.005557,15764,0.005556,37431,0.005555,35694,0.005554,35923,0.005553,15691,0.005552,49615,0.005551,31600,0.005562,4282,0.005563,5343,0.005564,5345,0.005565,35774,0.005566,163614,0.005567,16048,0.005568,15819,0.005569,11600,0.00557,15639,0.005589,11600,0.005991,1670,0.005990,7332,0.005989,260733,0.005988,13785,0.005987,21500,0.005986,58977,0.005985,17256,0.005984,37297,0.005983,57932,0.005982,22302,0.005992,37560,0.005993,8675,0.005994,23843,0.005995,43894,0.005996,19664,0.005997,20668,0.005998,16414,0.005999,23351,0.006000,17471,0.006001,70554
gate,bybit,VANRYUSDT,0.005562,0.005991,7.7131,1774108941747,0.00556,25228,0.005559,17289,0.005558,15874,0.005557,15764,0.005556,37431,0.005555,35694,0.005554,35923,0.005553,15691,0.005552,49615,0.005551,31600,0.005562,4282,0.005563,5343,0.005564,5345,0.005565,35774,0.005566,163614,0.005567,16048,0.005568,15819,0.005569,11600,0.00557,15639,0.005589,11600,0.005991,1670,0.005990,2590,0.005989,260733,0.005988,13785,0.005987,21500,0.005986,58977,0.005985,17256,0.005984,37297,0.005983,57932,0.005982,22302,0.005992,37560,0.005993,8675,0.005994,23843,0.005995,43894,0.005996,19664,0.005997,20668,0.005998,16414,0.005999,23351,0.006000,17471,0.006001,70554
gate,bybit,VANRYUSDT,0.005562,0.005991,7.7131,1774108942047,0.005561,4269,0.00556,25228,0.005559,17289,0.005558,15874,0.005557,15764,0.005556,37431,0.005555,35694,0.005554,35923,0.005553,15691,0.005552,49615,0.005562,4282,0.005563,5343,0.005564,5345,0.005565,35774,0.005566,156361,0.005567,16048,0.005568,15819,0.005569,11600,0.00557,15639,0.005589,11600,0.005991,1670,0.005990,8535,0.005989,260733,0.005988,13785,0.005987,21500,0.005986,58977,0.005985,17256,0.005984,37297,0.005983,57932,0.005982,22302,0.005992,39749,0.005993,8675,0.005994,23843,0.005995,43894,0.005996,19664,0.005997,20668,0.005998,16414,0.005999,23351,0.006000,17471,0.006001,70554
gate,bybit,VANRYUSDT,0.005562,0.005991,7.7131,1774108942347,0.005561,4269,0.00556,25228,0.005559,17289,0.005558,15874,0.005557,15764,0.005556,37431,0.005555,35694,0.005554,35923,0.005553,15691,0.005552,49615,0.005562,4282,0.005563,5343,0.005564,5345,0.005565,35774,0.005566,163613,0.005567,16048,0.005568,15819,0.005569,11600,0.00557,15639,0.005589,11600,0.005991,1670,0.005990,8535,0.005989,260733,0.005988,13785,0.005987,21500,0.005986,58977,0.005985,17256,0.005984,37297,0.005983,57932,0.005982,22302,0.005992,39749,0.005993,8675,0.005994,23843,0.005995,43894,0.005996,19664,0.005997,20668,0.005998,16414,0.005999,23351,0.006000,17471,0.006001,70554
gate,bybit,VANRYUSDT,0.005562,0.005991,7.7131,1774108942647,0.005561,4269,0.00556,25228,0.005559,17289,0.005558,15874,0.005557,15764,0.005556,37431,0.005555,35694,0.005554,35923,0.005553,35691,0.005552,49615,0.005562,4282,0.005563,5343,0.005564,5345,0.005565,35774,0.005566,163613,0.005567,26048,0.005568,15819,0.005569,11600,0.00557,15639,0.005589,11600,0.005991,1670,0.005990,8535,0.005989,260733,0.005988,13785,0.005987,21500,0.005986,58977,0.005985,17256,0.005984,37297,0.005983,57932,0.005982,22302,0.005992,39749,0.005993,8675,0.005994,23843,0.005995,43894,0.005996,19664,0.005997,20668,0.005998,16414,0.005999,23351,0.006000,17471,0.006001,70554
gate,bybit,VANRYUSDT,0.005562,0.005991,7.7131,1774108942948,0.005561,4269,0.00556,25228,0.005559,17289,0.005558,15874,0.005557,15764,0.005556,37431,0.005555,35694,0.005554,35923,0.005553,35691,0.005552,49615,0.005562,4282,0.005563,5343,0.005564,5345,0.005565,35774,0.005566,163613,0.005567,26048,0.005568,15819,0.005569,11600,0.00557,15639,0.005589,11600,0.005991,1670,0.005990,4276,0.005989,260733,0.005988,13785,0.005987,21500,0.005986,58977,0.005985,17256,0.005984,37297,0.005983,57932,0.005982,22302,0.005992,39749,0.005993,8675,0.005994,23843,0.005995,43894,0.005996,19664,0.005997,20668,0.005998,16414,0.005999,23351,0.006000,17471,0.006001,70554
gate,bybit,VANRYUSDT,0.005562,0.005991,7.7131,1774108943249,0.005561,4269,0.00556,25228,0.005559,17289,0.005558,15874,0.005557,15764,0.005556,37431,0.005555,35694,0.005554,35923,0.005553,35691,0.005552,49615,0.005562,4282,0.005563,5343,0.005564,5345,0.005565,35774,0.005566,163613,0.005567,26048,0.005568,15819,0.005569,11600,0.00557,15639,0.005589,11600,0.005991,1670,0.005990,4276,0.005989,260733,0.005988,13785,0.005987,21500,0.005986,58977,0.005985,17256,0.005984,37297,0.005983,57932,0.005982,22302,0.005992,39749,0.005993,8675,0.005994,23843,0.005995,43894,0.005996,19664,0.005997,20668,0.005998,16414,0.005999,23351,0.006000,17471,0.006001,70554
gate,bybit,VANRYUSDT,0.005562,0.005991,7.7131,1774108943550,0.00556,25228,0.005559,17289,0.005558,15874,0.005557,15764,0.005556,37431,0.005555,35694,0.005554,35923,0.005553,35691,0.005552,49615,0.005551,31600,0.005562,4282,0.005563,5343,0.005564,5345,0.005565,35774,0.005566,173613,0.005567,16048,0.005568,15819,0.005569,11600,0.00557,15639,0.005589,11600,0.005991,1670,0.005990,4276,0.005989,260733,0.005988,13785,0.005987,21500,0.005986,58977,0.005985,17256,0.005984,37297,0.005983,57932,0.005982,22302,0.005992,39749,0.005993,8675,0.005994,23843,0.005995,43894,0.005996,19664,0.005997,20668,0.005998,16414,0.005999,23351,0.006000,17471,0.006001,70554
gate,bybit,VANRYUSDT,0.005562,0.005991,7.7131,1774108943866,0.00556,25228,0.005559,17289,0.005558,15874,0.005557,15764,0.005556,37431,0.005555,35694,0.005554,35923,0.005553,35691,0.005552,49615,0.005551,31600,0.005562,4282,0.005563,5343,0.005564,5345,0.005565,35774,0.005566,173613,0.005567,16048,0.005568,15819,0.005569,11600,0.00557,15639,0.005589,11600,0.005991,1670,0.005990,4276,0.005989,260733,0.005988,13785,0.005987,21500,0.005986,58977,0.005985,17256,0.005984,37297,0.005983,57932,0.005982,22302,0.005992,39749,0.005993,8675,0.005994,23843,0.005995,43894,0.005996,19664,0.005997,20668,0.005998,16414,0.005999,23351,0.006000,17471,0.006001,70554
gate,bybit,VANRYUSDT,0.005562,0.005991,7.7131,1774108944177,0.00556,25228,0.005559,17289,0.005558,15874,0.005557,15764,0.005556,37431,0.005555,35694,0.005554,35923,0.005553,35691,0.005552,49615,0.005551,31600,0.005562,4282,0.005563,5343,0.005564,5345,0.005565,35774,0.005566,173613,0.005567,16048,0.005568,15819,0.005569,11600,0.00557,15639,0.005589,11600,0.005991,1670,0.005990,4276,0.005989,260733,0.005988,13785,0.005987,21500,0.005986,58977,0.005985,17256,0.005984,37297,0.005983,57932,0.005982,22302,0.005992,39749,0.005993,8675,0.005994,23843,0.005995,43894,0.005996,19664,0.005997,20668,0.005998,16414,0.005999,23351,0.006000,17471,0.006001,70554
gate,bybit,VANRYUSDT,0.005562,0.005991,7.7131,1774108944494,0.00556,25228,0.005559,17289,0.005558,15874,0.005557,15764,0.005556,37431,0.005555,35694,0.005554,35923,0.005553,35691,0.005552,49615,0.005551,31600,0.005562,4282,0.005563,5343,0.005564,5345,0.005565,35774,0.005566,173613,0.005567,16048,0.005568,15819,0.005569,11600,0.00557,15639,0.005589,11600,0.005991,1670,0.005990,4276,0.005989,260733,0.005988,13785,0.005987,21500,0.005986,58977,0.005985,17256,0.005984,37297,0.005983,57932,0.005982,22302,0.005992,39749,0.005993,14149,0.005994,23843,0.005995,43894,0.005996,19664,0.005997,20668,0.005998,16414,0.005999,23351,0.006000,17471,0.006001,70554
gate,bybit,VANRYUSDT,0.005562,0.005991,7.7131,1774108944801,0.00556,25228,0.005559,17289,0.005558,15874,0.005557,15764,0.005556,37431,0.005555,35694,0.005554,35923,0.005553,35691,0.005552,49615,0.005551,31600,0.005562,4282,0.005563,5343,0.005564,5345,0.005565,35774,0.005566,173613,0.005567,16048,0.005568,15819,0.005569,11600,0.00557,15639,0.005589,11600,0.005991,1670,0.005990,4276,0.005989,260733,0.005988,13785,0.005987,21500,0.005986,58977,0.005985,17256,0.005984,37297,0.005983,57932,0.005982,22302,0.005992,39749,0.005993,14149,0.005994,23843,0.005995,43894,0.005996,24292,0.005997,20668,0.005998,16414,0.005999,23351,0.006000,17471,0.006001,70554
gate,bybit,VANRYUSDT,0.005562,0.005991,7.7131,1774108945104,0.00556,25228,0.005559,17289,0.005558,15874,0.005557,15764,0.005556,37431,0.005555,35694,0.005554,35923,0.005553,35691,0.005552,49615,0.005551,31600,0.005562,4282,0.005563,5343,0.005564,5345,0.005565,35774,0.005566,173613,0.005567,16048,0.005568,15819,0.005569,11600,0.00557,15639,0.005589,11600,0.005991,1670,0.005990,4276,0.005989,260733,0.005988,13785,0.005987,21500,0.005986,58977,0.005985,17256,0.005984,37297,0.005983,57932,0.005982,22302,0.005992,39749,0.005993,14149,0.005994,23843,0.005995,43894,0.005996,24292,0.005997,20668,0.005998,16414,0.005999,23351,0.006000,17471,0.006001,70554
gate,bybit,VANRYUSDT,0.005562,0.005991,7.7131,1774108945410,0.00556,25228,0.005559,17289,0.005558,15874,0.005557,15764,0.005556,37431,0.005555,35694,0.005554,35923,0.005553,35691,0.005552,49615,0.005551,31600,0.005562,4282,0.005563,5343,0.005564,5345,0.005565,35774,0.005566,173212,0.005567,16048,0.005568,15819,0.005569,11600,0.00557,15639,0.005589,11600,0.005991,1670,0.005990,2590,0.005989,260733,0.005988,13785,0.005987,21500,0.005986,58977,0.005985,17256,0.005984,37297,0.005983,57932,0.005982,22302,0.005992,52229,0.005993,14149,0.005994,23843,0.005995,31290,0.005996,24292,0.005997,20668,0.005998,16414,0.005999,23351,0.006000,17471,0.006001,70554
gate,bybit,VANRYUSDT,0.005562,0.005991,7.7131,1774108945720,0.00556,25228,0.005559,17289,0.005558,15874,0.005557,15764,0.005556,37431,0.005555,35694,0.005554,35923,0.005553,35691,0.005552,49615,0.005551,31600,0.005562,4282,0.005563,5343,0.005564,5345,0.005565,35774,0.005566,170561,0.005567,16048,0.005568,15819,0.005569,11600,0.00557,15639,0.005589,11600,0.005991,1670,0.005990,2590,0.005989,260733,0.005988,13785,0.005987,21500,0.005986,58977,0.005985,17256,0.005984,37297,0.005983,57932,0.005982,22302,0.005992,52229,0.005993,14149,0.005994,23843,0.005995,31290,0.005996,24292,0.005997,20668,0.005998,16414,0.005999,23351,0.006000,17471,0.006001,70554
gate,bybit,VANRYUSDT,0.005562,0.005991,7.7131,1774108946028,0.00556,25228,0.005559,17289,0.005558,15874,0.005557,15764,0.005556,37431,0.005555,35694,0.005554,35923,0.005553,35691,0.005552,49615,0.005551,31600,0.005562,4282,0.005563,5343,0.005564,5345,0.005565,35774,0.005566,170561,0.005567,16048,0.005568,15819,0.005569,11600,0.00557,15639,0.005589,11600,0.005991,1670,0.005990,2590,0.005989,260733,0.005988,13785,0.005987,21500,0.005986,58977,0.005985,17256,0.005984,37297,0.005983,57932,0.005982,22302,0.005992,52229,0.005993,14149,0.005994,23843,0.005995,31290,0.005996,24292,0.005997,20668,0.005998,16414,0.005999,23351,0.006000,17471,0.006001,70554
gate,bybit,VANRYUSDT,0.005562,0.005991,7.7131,1774108946336,0.00556,25228,0.005559,17289,0.005558,15874,0.005557,15764,0.005556,37431,0.005555,35694,0.005554,35923,0.005553,35691,0.005552,49615,0.005551,31600,0.005562,4282,0.005563,5343,0.005564,5345,0.005565,35774,0.005566,170561,0.005567,16048,0.005568,15819,0.005569,11600,0.00557,15639,0.005589,11600,0.005991,1670,0.005990,2590,0.005989,260733,0.005988,13785,0.005987,21500,0.005986,58977,0.005985,17256,0.005984,37297,0.005983,57932,0.005982,22302,0.005992,52229,0.005993,14149,0.005994,23843,0.005995,31290,0.005996,24292,0.005997,20668,0.005998,16414,0.005999,23351,0.006000,17471,0.006001,70554
gate,bybit,VANRYUSDT,0.005562,0.005991,7.7131,1774108946636,0.00556,25228,0.005559,17289,0.005558,15874,0.005557,15764,0.005556,37431,0.005555,35694,0.005554,35923,0.005553,35691,0.005552,49615,0.005551,31600,0.005562,4282,0.005563,5343,0.005564,5345,0.005565,35774,0.005566,170561,0.005567,16048,0.005568,15819,0.005569,11600,0.00557,15639,0.005589,11600,0.005991,1670,0.005990,2590,0.005989,260733,0.005988,13785,0.005987,21500,0.005986,58977,0.005985,17256,0.005984,37297,0.005983,57932,0.005982,22302,0.005992,52229,0.005993,14149,0.005994,23843,0.005995,31290,0.005996,24292,0.005997,20668,0.005998,16414,0.005999,23351,0.006000,17471,0.006001,70554
gate,bybit,VANRYUSDT,0.005562,0.005991,7.7131,1774108946936,0.00556,25228,0.005559,17289,0.005558,15874,0.005557,15764,0.005556,37431,0.005555,35694,0.005554,35923,0.005553,35691,0.005552,49615,0.005551,31600,0.005562,4282,0.005563,5343,0.005564,5345,0.005565,35774,0.005566,170561,0.005567,16048,0.005568,15819,0.005569,11600,0.00557,15639,0.005589,11600,0.005991,1670,0.005990,2590,0.005989,260733,0.005988,13785,0.005987,21500,0.005986,58977,0.005985,17256,0.005984,37297,0.005983,57932,0.005982,22302,0.005992,52229,0.005993,14149,0.005994,23843,0.005995,31290,0.005996,24292,0.005997,20668,0.005998,16414,0.005999,23351,0.006000,17471,0.006001,70554
gate,bybit,VANRYUSDT,0.005562,0.005991,7.7131,1774108947247,0.00556,25228,0.005559,17289,0.005558,15874,0.005557,15764,0.005556,37431,0.005555,35694,0.005554,35923,0.005553,35691,0.005552,49615,0.005551,31600,0.005562,4282,0.005563,5343,0.005564,5345,0.005565,35774,0.005566,170561,0.005567,16048,0.005568,15819,0.005569,11600,0.00557,15639,0.005589,11600,0.005991,1670,0.005990,2590,0.005989,260733,0.005988,13785,0.005987,21500,0.005986,58977,0.005985,17256,0.005984,37297,0.005983,57932,0.005982,22302,0.005992,52229,0.005993,14149,0.005994,23843,0.005995,31290,0.005996,24292,0.005997,20668,0.005998,16414,0.005999,23351,0.006000,17471,0.006001,70554
gate,bybit,VANRYUSDT,0.005562,0.005991,7.7131,1774108947557,0.00556,25228,0.005559,17289,0.005558,15874,0.005557,15764,0.005556,37431,0.005555,35694,0.005554,35923,0.005553,35691,0.005552,49615,0.005551,11600,0.005562,4282,0.005563,5343,0.005564,5345,0.005565,35774,0.005566,170561,0.005567,16048,0.005568,15819,0.005569,11600,0.00557,15639,0.005589,11600,0.005991,1670,0.005990,2590,0.005989,260733,0.005988,13785,0.005987,21500,0.005986,58977,0.005985,17256,0.005984,37297,0.005983,57932,0.005982,22302,0.005992,52229,0.005993,14149,0.005994,23843,0.005995,31290,0.005996,24292,0.005997,20668,0.005998,16414,0.005999,23351,0.006000,17471,0.006001,70554
gate,bybit,VANRYUSDT,0.005562,0.005991,7.7131,1774108947859,0.00556,25228,0.005559,17289,0.005558,15874,0.005557,15764,0.005556,37431,0.005555,35694,0.005554,35923,0.005553,35691,0.005552,49615,0.005551,11600,0.005562,4282,0.005563,5343,0.005564,5345,0.005565,35774,0.005566,173614,0.005567,16048,0.005568,15819,0.005569,11600,0.00557,15639,0.005589,11600,0.005991,1670,0.005990,2590,0.005989,260733,0.005988,13785,0.005987,21500,0.005986,58977,0.005985,17256,0.005984,37297,0.005983,57932,0.005982,22302,0.005992,52229,0.005993,14149,0.005994,23843,0.005995,31290,0.005996,24292,0.005997,20668,0.005998,16414,0.005999,23351,0.006000,17471,0.006001,70554
gate,bybit,VANRYUSDT,0.005562,0.005991,7.7131,1774108948172,0.00556,25228,0.005559,17289,0.005558,15874,0.005557,15764,0.005556,37431,0.005555,35694,0.005554,35923,0.005553,35691,0.005552,49615,0.005551,11600,0.005562,4282,0.005563,5343,0.005564,5345,0.005565,35774,0.005566,173614,0.005567,16048,0.005568,15819,0.005569,11600,0.00557,15639,0.005589,11600,0.005991,1670,0.005990,2590,0.005989,260733,0.005988,13785,0.005987,21500,0.005986,58977,0.005985,17256,0.005984,37297,0.005983,57932,0.005982,22302,0.005992,52229,0.005993,14149,0.005994,23843,0.005995,31290,0.005996,24292,0.005997,20668,0.005998,16414,0.005999,23351,0.006000,17471,0.006001,70554
gate,bybit,VANRYUSDT,0.005562,0.005991,7.7131,1774108948472,0.00556,25228,0.005559,17289,0.005558,15874,0.005557,15764,0.005556,37431,0.005555,35694,0.005554,35923,0.005553,35691,0.005552,49615,0.005551,11600,0.005562,4282,0.005563,5343,0.005564,5345,0.005565,35774,0.005566,173614,0.005567,16048,0.005568,15819,0.005569,11600,0.00557,15639,0.005589,11600,0.005991,1670,0.005990,2590,0.005989,260733,0.005988,13785,0.005987,21500,0.005986,58977,0.005985,17256,0.005984,37297,0.005983,57932,0.005982,22302,0.005992,52229,0.005993,14149,0.005994,23843,0.005995,31290,0.005996,24292,0.005997,20668,0.005998,16414,0.005999,23351,0.006000,17471,0.006001,70554
gate,bybit,VANRYUSDT,0.005562,0.005991,7.7131,1774108948772,0.00556,25228,0.005559,17289,0.005558,15874,0.005557,15764,0.005556,37431,0.005555,35694,0.005554,35923,0.005553,35691,0.005552,49615,0.005551,11600,0.005562,4282,0.005563,5343,0.005564,5345,0.005565,35774,0.005566,173614,0.005567,16048,0.005568,15819,0.005569,11600,0.00557,15639,0.005589,11600,0.005991,1670,0.005990,2590,0.005989,260733,0.005988,13785,0.005987,21500,0.005986,58977,0.005985,17256,0.005984,37297,0.005983,57932,0.005982,22302,0.005992,52229,0.005993,14149,0.005994,23843,0.005995,31290,0.005996,24292,0.005997,20668,0.005998,16414,0.005999,23351,0.006000,17471,0.006001,70554
gate,bybit,VANRYUSDT,0.005562,0.005991,7.7131,1774108949072,0.00556,25228,0.005559,17289,0.005558,15874,0.005557,15764,0.005556,37431,0.005555,35694,0.005554,35923,0.005553,35691,0.005552,49615,0.005551,11600,0.005562,4282,0.005563,5343,0.005564,5345,0.005565,35774,0.005566,173614,0.005567,16048,0.005568,15819,0.005569,11600,0.00557,15639,0.005589,11600,0.005991,1670,0.005990,2590,0.005989,260733,0.005988,13785,0.005987,21500,0.005986,58977,0.005985,17256,0.005984,37297,0.005983,57932,0.005982,22302,0.005992,52229,0.005993,14149,0.005994,23843,0.005995,31290,0.005996,24292,0.005997,20668,0.005998,16414,0.005999,23351,0.006000,17471,0.006001,70554
gate,bybit,VANRYUSDT,0.005562,0.005991,7.7131,1774108949372,0.00556,25228,0.005559,17289,0.005558,15874,0.005557,15764,0.005556,37431,0.005555,35694,0.005554,35923,0.005553,35691,0.005552,49615,0.005551,11600,0.005562,4282,0.005563,5343,0.005564,5345,0.005565,35774,0.005566,173614,0.005567,16048,0.005568,15819,0.005569,11600,0.00557,15639,0.005589,11600,0.005991,1670,0.005990,2590,0.005989,260733,0.005988,13785,0.005987,21500,0.005986,58977,0.005985,17256,0.005984,37297,0.005983,57932,0.005982,22302,0.005992,52229,0.005993,14149,0.005994,23843,0.005995,31290,0.005996,24292,0.005997,20668,0.005998,16414,0.005999,23351,0.006000,17471,0.006001,70554
gate,bybit,VANRYUSDT,0.005562,0.005991,7.7131,1774108949672,0.00556,25228,0.005559,17289,0.005558,15874,0.005557,15764,0.005556,37431,0.005555,35694,0.005554,35923,0.005553,35691,0.005552,49615,0.005551,11600,0.005562,4282,0.005563,5343,0.005564,5345,0.005565,35774,0.005566,173614,0.005567,16048,0.005568,15819,0.005569,11600,0.00557,15639,0.005589,11600,0.005991,1670,0.005990,2590,0.005989,260733,0.005988,13785,0.005987,21500,0.005986,58977,0.005985,17256,0.005984,37297,0.005983,57932,0.005982,22302,0.005992,52229,0.005993,14149,0.005994,23843,0.005995,31290,0.005996,24292,0.005997,20668,0.005998,16414,0.005999,23351,0.006000,17471,0.006001,70554
gate,bybit,VANRYUSDT,0.005562,0.005991,7.7131,1774108949972,0.00556,25228,0.005559,17289,0.005558,15874,0.005557,15764,0.005556,37431,0.005555,35694,0.005554,35923,0.005553,35691,0.005552,49615,0.005551,11600,0.005562,4282,0.005563,5343,0.005564,5345,0.005565,35774,0.005566,173614,0.005567,16048,0.005568,15819,0.005569,11600,0.00557,15639,0.005589,11600,0.005991,1670,0.005990,2590,0.005989,260733,0.005988,13785,0.005987,21500,0.005986,58977,0.005985,17256,0.005984,37297,0.005983,57932,0.005982,22302,0.005992,57703,0.005993,8675,0.005994,23843,0.005995,31290,0.005996,24292,0.005997,20668,0.005998,16414,0.005999,23351,0.006000,17471,0.006001,70554
gate,bybit,VANRYUSDT,0.005561,0.005991,7.7324,1774108950274,0.00556,11600,0.005559,17339,0.005558,15874,0.005557,15764,0.005556,37431,0.005555,35694,0.005554,35923,0.005553,35691,0.005552,29615,0.005548,11600,0.005561,8825,0.005562,4282,0.005563,5343,0.005564,5345,0.005565,35774,0.005566,173614,0.005567,16048,0.005568,15819,0.005569,11600,0.00557,11600,0.005991,1670,0.005990,2590,0.005989,1739,0.005988,13785,0.005987,21500,0.005986,58977,0.005985,17256,0.005984,37297,0.005983,57932,0.005982,22302,0.005992,57692,0.005993,8675,0.005994,23843,0.005995,31290,0.005996,24292,0.005997,20668,0.005998,16414,0.005999,23351,0.006000,17471,0.006001,70554
gate,bybit,VANRYUSDT,0.005561,0.005989,7.6965,1774108950574,0.005559,16377,0.005558,15874,0.005557,15764,0.005556,37431,0.005555,35694,0.005554,35923,0.005553,35691,0.005552,11600,0.005549,18025,0.005548,11600,0.005561,8908,0.005562,4282,0.005563,5343,0.005564,5345,0.005565,35774,0.005566,173614,0.005567,16048,0.005568,15819,0.005569,11600,0.00557,11600,0.005989,1739,0.005988,2591,0.005987,7468,0.005986,19620,0.005985,17256,0.005984,22283,0.005983,57932,0.005982,22302,0.005981,17276,0.005980,18048,0.005990,25567,0.005991,15830,0.005992,21802,0.005993,18387,0.005994,31551,0.005995,25538,0.005996,22110,0.005997,20668,0.005998,16414,0.005999,23351
gate,bybit,VANRYUSDT,0.00556,0.005988,7.6978,1774108950874,0.005559,11600,0.005558,15874,0.005557,15764,0.005556,37431,0.005555,35694,0.005554,35923,0.005553,35691,0.005552,11600,0.005549,18025,0.005548,11600,0.00556,6153,0.005561,8908,0.005562,4282,0.005563,5343,0.005564,16945,0.005565,35774,0.005566,166361,0.005567,11600,0.005568,11600,0.005569,11600,0.005988,2591,0.005987,1672,0.005986,8355,0.005985,21138,0.005984,22283,0.005983,57932,0.005982,22302,0.005981,17276,0.005980,18048,0.005979,44606,0.005989,31576,0.005990,3837,0.005991,15830,0.005992,34419,0.005993,20776,0.005994,31551,0.005995,25538,0.005996,22110,0.005997,20668,0.005998,16414
gate,bybit,VANRYUSDT,0.005561,0.005988,7.6785,1774108951183,0.00556,11600,0.005559,28601,0.005558,15874,0.005557,15764,0.005556,37431,0.005555,35694,0.005554,35923,0.005553,35691,0.005552,11600,0.005549,18025,0.005561,8908,0.005562,4282,0.005563,5343,0.005564,16945,0.005565,35774,0.005566,173616,0.005567,11600,0.005568,11600,0.005569,11600,0.00557,11600,0.005988,2591,0.005987,1672,0.005986,8355,0.005985,21138,0.005984,22283,0.005983,57932,0.005982,22302,0.005981,17276,0.005980,18048,0.005979,44606,0.005989,31576,0.005990,3837,0.005991,15830,0.005992,34419,0.005993,20776,0.005994,31551,0.005995,25538,0.005996,22110,0.005997,20668,0.005998,16414
gate,bybit,VANRYUSDT,0.005561,0.005988,7.6785,1774108951495,0.00556,11600,0.005559,20261,0.005558,15874,0.005557,15764,0.005556,37431,0.005555,35694,0.005554,35923,0.005553,35691,0.005552,11600,0.005549,18025,0.005561,8908,0.005562,4282,0.005563,5343,0.005564,16945,0.005565,35774,0.005566,173616,0.005567,11600,0.005568,11600,0.005569,11600,0.00557,11600,0.005988,2591,0.005987,1672,0.005986,8355,0.005985,21138,0.005984,22283,0.005983,57932,0.005982,22302,0.005981,17276,0.005980,18048,0.005979,44606,0.005989,31576,0.005990,3837,0.005991,15830,0.005992,34419,0.005993,20776,0.005994,31551,0.005995,25538,0.005996,22110,0.005997,20668,0.005998,16414
gate,bybit,VANRYUSDT,0.005561,0.005988,7.6785,1774108951802,0.00556,11600,0.005559,25183,0.005558,15874,0.005557,15764,0.005556,37431,0.005555,35694,0.005554,35923,0.005553,35691,0.005552,11600,0.005549,18025,0.005561,8908,0.005562,4282,0.005563,5343,0.005564,16945,0.005565,35774,0.005566,173616,0.005567,11600,0.005568,11600,0.005569,11600,0.00557,11600,0.005988,2591,0.005987,1672,0.005986,8355,0.005985,21138,0.005984,22283,0.005983,57932,0.005982,22302,0.005981,17276,0.005980,18048,0.005979,44606,0.005989,31576,0.005990,3837,0.005991,15830,0.005992,34419,0.005993,20776,0.005994,31551,0.005995,25538,0.005996,22110,0.005997,20668,0.005998,16414
gate,bybit,VANRYUSDT,0.00556,0.005988,7.6978,1774108952108,0.005559,24512,0.005558,15874,0.005557,15764,0.005556,37431,0.005555,35694,0.005554,35923,0.005553,35691,0.005552,11600,0.005549,18025,0.005548,11600,0.00556,4916,0.005561,4489,0.005562,4282,0.005563,5343,0.005564,16945,0.005565,35774,0.005566,173616,0.005567,11600,0.005568,11600,0.005569,11600,0.005988,2591,0.005987,1672,0.005986,8355,0.005985,21138,0.005984,22283,0.005983,57932,0.005982,22302,0.005981,17276,0.005980,18048,0.005979,36394,0.005989,31576,0.005990,3837,0.005991,15830,0.005992,34419,0.005993,20776,0.005994,31551,0.005995,25538,0.005996,22110,0.005997,20668,0.005998,16414
gate,bybit,VANRYUSDT,0.005561,0.005988,7.6785,1774108952420,0.00556,11600,0.005559,24512,0.005558,15874,0.005557,15764,0.005556,37431,0.005555,35694,0.005554,35923,0.005553,35691,0.005552,11600,0.005549,18025,0.005561,4489,0.005562,108532,0.005563,5343,0.005564,16945,0.005565,35774,0.005566,166361,0.005567,11600,0.005568,11600,0.005569,11600,0.00557,11600,0.005988,2591,0.005987,1672,0.005986,8355,0.005985,21138,0.005984,22283,0.005983,57932,0.005982,22302,0.005981,17276,0.005980,18048,0.005979,36394,0.005989,31695,0.005990,3837,0.005991,15830,0.005992,34419,0.005993,20776,0.005994,31551,0.005995,25538,0.005996,22110,0.005997,20668,0.005998,16414
gate,bybit,VANRYUSDT,0.005561,0.005988,7.6785,1774108952731,0.005559,11600,0.005558,15874,0.005557,15764,0.005556,37431,0.005555,35694,0.005554,35923,0.005553,35691,0.005552,11600,0.005548,11600,0.005547,11600,0.005561,8880,0.005562,108532,0.005563,5343,0.005564,16945,0.005565,35774,0.005566,166361,0.005567,11600,0.005568,11600,0.005569,11600,0.00557,11600,0.005988,2591,0.005987,1672,0.005986,8355,0.005985,21138,0.005984,22283,0.005983,57932,0.005982,22302,0.005981,17276,0.005980,18048,0.005979,36394,0.005989,31695,0.005990,3837,0.005991,15830,0.005992,34419,0.005993,20776,0.005994,31551,0.005995,25538,0.005996,22110,0.005997,20668,0.005998,16414
gate,bybit,VANRYUSDT,0.005561,0.005988,7.6785,1774108953043,0.00556,11600,0.005559,26794,0.005558,15874,0.005557,15764,0.005556,37431,0.005555,35694,0.005554,35923,0.005553,35691,0.005548,11600,0.005547,11600,0.005561,8880,0.005562,108532,0.005563,5343,0.005564,16945,0.005565,35774,0.005566,166361,0.005568,11600,0.005569,11600,0.00557,11600,0.005589,11600,0.005988,2591,0.005987,1672,0.005986,8355,0.005985,21138,0.005984,22283,0.005983,57932,0.005982,22302,0.005981,17276,0.005980,18048,0.005979,36394,0.005989,31695,0.005990,3837,0.005991,15830,0.005992,34419,0.005993,20776,0.005994,31551,0.005995,25538,0.005996,22110,0.005997,20668,0.005998,16414
gate,bybit,VANRYUSDT,0.005561,0.005988,7.6785,1774108953351,0.00556,11600,0.005559,26794,0.005558,15874,0.005557,15764,0.005556,37431,0.005555,35694,0.005554,35923,0.005553,15691,0.005549,18025,0.005548,11600,0.005561,8880,0.005562,108532,0.005563,5343,0.005564,16945,0.005565,35774,0.005566,156361,0.005568,11600,0.005569,11600,0.00557,11600,0.005589,11600,0.005988,2591,0.005987,1672,0.005986,8355,0.005985,21138,0.005984,22283,0.005983,57932,0.005982,22302,0.005981,17276,0.005980,18048,0.005979,36394,0.005989,31707,0.005990,3837,0.005991,15830,0.005992,34419,0.005993,20776,0.005994,31551,0.005995,25538,0.005996,22110,0.005997,20668,0.005998,16414
gate,bybit,VANRYUSDT,0.005561,0.005988,7.6785,1774108953654,0.005559,11600,0.005558,15874,0.005557,15764,0.005556,37431,0.005555,35694,0.005554,35923,0.005553,15691,0.005549,18025,0.005548,11600,0.005547,11600,0.005561,8880,0.005562,108532,0.005563,5343,0.005564,16945,0.005565,35774,0.005566,156361,0.005568,11600,0.005569,11600,0.00557,11600,0.005589,11600,0.005988,2591,0.005987,1672,0.005986,8355,0.005985,21138,0.005984,22283,0.005983,57932,0.005982,22302,0.005981,17276,0.005980,18048,0.005979,36394,0.005989,44028,0.005990,3837,0.005991,15830,0.005992,21939,0.005993,20776,0.005994,31551,0.005995,25538,0.005996,22110,0.005997,20668,0.005998,16414
gate,bybit,VANRYUSDT,0.005561,0.005988,7.6785,1774108953957,0.005559,11600,0.005558,15874,0.005557,15764,0.005556,37431,0.005555,35694,0.005554,35923,0.005553,15691,0.005549,18025,0.005548,11600,0.005547,11600,0.005561,8880,0.005562,108532,0.005563,5343,0.005564,16945,0.005565,35774,0.005566,156361,0.005568,11600,0.005569,11600,0.00557,11600,0.005589,11600,0.005988,2591,0.005987,1672,0.005986,8355,0.005985,21138,0.005984,22283,0.005983,57932,0.005982,22302,0.005981,17276,0.005980,18048,0.005979,36394,0.005989,44028,0.005990,3837,0.005991,15830,0.005992,21939,0.005993,20776,0.005994,31551,0.005995,25538,0.005996,22110,0.005997,20668,0.005998,16414
gate,bybit,VANRYUSDT,0.005561,0.005988,7.6785,1774108954259,0.00556,11600,0.005559,17665,0.005558,15874,0.005557,15764,0.005556,37431,0.005555,35694,0.005554,35923,0.005553,15691,0.005549,18025,0.005548,11600,0.005561,8880,0.005562,108532,0.005563,5343,0.005564,5345,0.005565,35774,0.005568,11600,0.005569,11600,0.00557,11600,0.005589,11600,0.00559,26940,0.005988,2591,0.005987,1672,0.005986,8355,0.005985,21138,0.005984,22283,0.005983,57932,0.005982,22302,0.005981,17276,0.005980,18048,0.005979,36394,0.005989,44028,0.005990,3837,0.005991,15830,0.005992,21939,0.005993,20776,0.005994,31551,0.005995,25538,0.005996,22110,0.005997,20668,0.005998,16414
gate,bybit,VANRYUSDT,0.005561,0.005988,7.6785,1774108954559,0.005559,16163,0.005558,15874,0.005557,15764,0.005556,37431,0.005555,35694,0.005554,35923,0.005553,15691,0.005549,18025,0.005548,11600,0.005547,11600,0.005561,8880,0.005562,108532,0.005563,5343,0.005564,5345,0.005565,35774,0.005566,7230,0.005568,11600,0.005569,11600,0.00557,11600,0.005589,11600,0.005988,2591,0.005987,1672,0.005986,8355,0.005985,21138,0.005984,22283,0.005983,57932,0.005982,22302,0.005981,17276,0.005980,18048,0.005979,36394,0.005989,44028,0.005990,3837,0.005991,15830,0.005992,21939,0.005993,20776,0.005994,31551,0.005995,25538,0.005996,22110,0.005997,20668,0.005998,16414
gate,bybit,VANRYUSDT,0.005561,0.005988,7.6785,1774108954859,0.005559,16163,0.005558,15874,0.005557,15764,0.005556,37431,0.005555,35694,0.005554,35923,0.005553,15691,0.005549,18025,0.005548,11600,0.005547,11600,0.005561,8880,0.005562,108532,0.005563,5343,0.005564,5345,0.005565,35774,0.005566,7230,0.005568,11600,0.005569,11600,0.00557,11600,0.005589,11600,0.005988,2591,0.005987,1672,0.005986,8355,0.005985,21138,0.005984,22283,0.005983,57932,0.005982,22302,0.005981,17276,0.005980,18048,0.005979,36394,0.005989,44028,0.005990,3837,0.005991,15830,0.005992,21939,0.005993,20776,0.005994,31551,0.005995,25538,0.005996,22110,0.005997,20668,0.005998,16414
gate,bybit,VANRYUSDT,0.005561,0.005988,7.6785,1774108955159,0.005559,16163,0.005558,15874,0.005557,15764,0.005556,37431,0.005555,35694,0.005554,35923,0.005553,15691,0.005549,18025,0.005548,11600,0.005547,11600,0.005561,8880,0.005562,108532,0.005563,5343,0.005564,5345,0.005565,35774,0.005566,7230,0.005568,11600,0.005569,11600,0.00557,11600,0.005588,10000,0.005988,2591,0.005987,1672,0.005986,8355,0.005985,21138,0.005984,22283,0.005983,57932,0.005982,22302,0.005981,17276,0.005980,18048,0.005979,36394,0.005989,44028,0.005990,3837,0.005991,15830,0.005992,21939,0.005993,20776,0.005994,31551,0.005995,25538,0.005996,22110,0.005997,20668,0.005998,16414
gate,bybit,VANRYUSDT,0.005561,0.005988,7.6785,1774108955460,0.005559,16163,0.005558,15874,0.005557,15764,0.005556,37431,0.005555,35694,0.005554,35923,0.005553,15691,0.005549,18025,0.005548,11600,0.005547,11600,0.005561,8880,0.005562,108532,0.005563,5343,0.005564,5345,0.005565,35774,0.005566,7230,0.005568,11600,0.005569,11600,0.00557,11600,0.005588,10000,0.005988,2591,0.005987,1672,0.005986,8355,0.005985,21138,0.005984,22283,0.005983,57932,0.005982,22302,0.005981,17276,0.005980,18048,0.005979,36394,0.005989,44028,0.005990,3837,0.005991,15830,0.005992,21939,0.005993,20776,0.005994,31551,0.005995,25538,0.005996,22110,0.005997,20668,0.005998,16414
gate,bybit,VANRYUSDT,0.005561,0.005988,7.6785,1774108955760,0.005559,16163,0.005558,15874,0.005557,15764,0.005556,37431,0.005555,35694,0.005554,35923,0.005553,15691,0.005549,18025,0.005548,11600,0.005547,11600,0.005561,8880,0.005562,108532,0.005563,5343,0.005564,5345,0.005565,35774,0.005566,7230,0.005568,11600,0.005569,11600,0.00557,11600,0.005588,10000,0.005988,2591,0.005987,1672,0.005986,8355,0.005985,21138,0.005984,22283,0.005983,57932,0.005982,22302,0.005981,17276,0.005980,18048,0.005979,36394,0.005989,49502,0.005990,3837,0.005991,15830,0.005992,16465,0.005993,20776,0.005994,31551,0.005995,25538,0.005996,22110,0.005997,20668,0.005998,16414
gate,bybit,VANRYUSDT,0.005561,0.005988,7.6785,1774108956060,0.005559,16163,0.005558,15874,0.005557,15764,0.005556,37431,0.005555,35694,0.005554,35923,0.005553,15691,0.005549,29625,0.005547,11600,0.005545,11600,0.005561,8880,0.005562,108532,0.005563,5343,0.005564,5345,0.005565,35774,0.005566,18830,0.005569,11600,0.00557,11600,0.005588,10000,0.005589,11600,0.005988,2591,0.005987,1672,0.005986,8355,0.005985,21138,0.005984,22283,0.005983,57932,0.005982,22302,0.005981,17276,0.005980,18048,0.005979,36394,0.005989,49502,0.005990,3837,0.005991,15830,0.005992,16465,0.005993,20776,0.005994,31551,0.005995,25538,0.005996,22110,0.005997,20668,0.005998,16414
gate,bybit,VANRYUSDT,0.005561,0.005988,7.6785,1774108956361,0.005559,16163,0.005558,15874,0.005557,15764,0.005556,37431,0.005555,35694,0.005554,35923,0.005553,15691,0.005549,29625,0.005547,11600,0.005545,11600,0.005561,8880,0.005562,108532,0.005563,5343,0.005564,5345,0.005565,35774,0.005566,18830,0.005569,11600,0.00557,11600,0.005588,10000,0.005589,11600,0.005988,2591,0.005987,1672,0.005986,8355,0.005985,21138,0.005984,22283,0.005983,57932,0.005982,22302,0.005981,17276,0.005980,18048,0.005979,36394,0.005989,49502,0.005990,3837,0.005991,15830,0.005992,16465,0.005993,20776,0.005994,31551,0.005995,25538,0.005996,22110,0.005997,20668,0.005998,16414
gate,bybit,VANRYUSDT,0.005561,0.005988,7.6785,1774108956661,0.005559,16163,0.005558,15874,0.005557,15764,0.005556,37431,0.005555,35694,0.005554,35923,0.005553,15691,0.005549,29625,0.005547,11600,0.005545,11600,0.005561,8880,0.005562,108532,0.005563,5343,0.005564,5345,0.005565,35774,0.005566,18830,0.005569,11600,0.00557,11600,0.005588,10000,0.005589,11600,0.005988,2591,0.005987,1672,0.005986,8355,0.005985,21138,0.005984,22283,0.005983,57932,0.005982,22302,0.005981,17276,0.005980,18048,0.005979,36394,0.005989,49502,0.005990,3837,0.005991,15830,0.005992,16465,0.005993,20776,0.005994,31551,0.005995,25538,0.005996,22110,0.005997,20668,0.005998,16414
gate,bybit,VANRYUSDT,0.005561,0.005988,7.6785,1774108956961,0.005559,24824,0.005558,15874,0.005557,15764,0.005556,37431,0.005555,35694,0.005554,35923,0.005553,15691,0.005549,29625,0.005547,11600,0.005545,11600,0.005561,8880,0.005562,108532,0.005563,5343,0.005564,5345,0.005565,35774,0.005566,18830,0.005569,11600,0.00557,11600,0.005588,10000,0.005589,11600,0.005988,2591,0.005987,1672,0.005986,8355,0.005985,21138,0.005984,22283,0.005983,57932,0.005982,22302,0.005981,17276,0.005980,18048,0.005979,36394,0.005989,49502,0.005990,3837,0.005991,15830,0.005992,16465,0.005993,20776,0.005994,31551,0.005995,25538,0.005996,22110,0.005997,20668,0.005998,16414
gate,bybit,VANRYUSDT,0.005561,0.005988,7.6785,1774108957262,0.005559,24824,0.005558,15874,0.005557,15764,0.005556,37431,0.005555,35694,0.005554,35923,0.005553,15691,0.005549,29625,0.005547,11600,0.005545,11600,0.005561,8880,0.005562,108532,0.005563,5343,0.005564,5345,0.005565,35774,0.005566,18830,0.005569,11600,0.00557,11600,0.005588,10000,0.005589,11600,0.005988,2591,0.005987,1672,0.005986,8355,0.005985,21138,0.005984,22283,0.005983,57932,0.005982,22302,0.005981,17276,0.005980,18048,0.005979,36394,0.005989,49502,0.005990,3837,0.005991,15830,0.005992,16465,0.005993,20776,0.005994,31551,0.005995,25538,0.005996,22110,0.005997,20668,0.005998,16414
gate,bybit,VANRYUSDT,0.005561,0.005988,7.6785,1774108957562,0.005559,24824,0.005558,15874,0.005557,15764,0.005556,37431,0.005555,35694,0.005554,35923,0.005553,15691,0.005549,29625,0.005547,11600,0.005545,11600,0.005561,8880,0.005562,108532,0.005563,5343,0.005564,5345,0.005565,35774,0.005566,18830,0.005569,11600,0.00557,11600,0.005588,10000,0.005589,11600,0.005988,2591,0.005987,1672,0.005986,8355,0.005985,21138,0.005984,22283,0.005983,57932,0.005982,22302,0.005981,17276,0.005980,18048,0.005979,36394,0.005989,49502,0.005990,3837,0.005991,15830,0.005992,16465,0.005993,20776,0.005994,31551,0.005995,25538,0.005996,22110,0.005997,20668,0.005998,16414
gate,bybit,VANRYUSDT,0.005561,0.005988,7.6785,1774108957862,0.005559,24824,0.005558,15874,0.005557,15764,0.005556,37431,0.005555,35694,0.005554,35923,0.005553,15691,0.005549,29625,0.005547,11600,0.005545,11600,0.005561,8880,0.005562,108532,0.005563,5343,0.005564,5345,0.005565,35774,0.005566,18830,0.005569,11600,0.00557,11600,0.005588,10000,0.005589,11600,0.005988,2591,0.005987,1672,0.005986,8355,0.005985,21138,0.005984,22283,0.005983,57932,0.005982,22302,0.005981,17276,0.005980,18048,0.005979,36394,0.005989,49502,0.005990,3837,0.005991,15830,0.005992,16465,0.005993,20776,0.005994,31551,0.005995,25538,0.005996,22110,0.005997,20668,0.005998,16414
gate,bybit,VANRYUSDT,0.005561,0.005988,7.6785,1774108958162,0.00556,15968,0.005559,24824,0.005558,15874,0.005557,15764,0.005556,37431,0.005555,35694,0.005554,35923,0.005553,15691,0.005549,29625,0.005547,11600,0.005562,108532,0.005564,5345,0.005565,35774,0.005566,18830,0.005567,7089,0.005569,11600,0.00557,11600,0.005588,10000,0.005589,11600,0.00559,26940,0.005988,2591,0.005987,1672,0.005986,8355,0.005985,22830,0.005984,22283,0.005983,57932,0.005982,22302,0.005981,17276,0.005980,18048,0.005979,36394,0.005989,49502,0.005990,3837,0.005991,15830,0.005992,16465,0.005993,20776,0.005994,31551,0.005995,25538,0.005996,22110,0.005997,20668,0.005998,16414
gate,bybit,VANRYUSDT,0.005561,0.005988,7.6785,1774108958475,0.00556,11600,0.005559,24824,0.005558,15874,0.005557,15764,0.005556,37431,0.005555,35694,0.005554,35923,0.005553,15691,0.005549,29625,0.005547,11600,0.005561,4672,0.005562,108532,0.005563,7230,0.005564,5345,0.005565,35774,0.005566,18830,0.005567,7089,0.005569,11600,0.00557,11600,0.005588,10000,0.005988,2591,0.005987,1672,0.005986,8355,0.005985,22830,0.005984,22283,0.005983,57932,0.005982,22302,0.005981,17276,0.005980,18048,0.005979,36394,0.005989,49502,0.005990,3837,0.005991,15830,0.005992,16465,0.005993,20776,0.005994,31551,0.005995,25538,0.005996,22110,0.005997,20668,0.005998,16414
gate,bybit,VANRYUSDT,0.005561,0.005988,7.6785,1774108958775,0.00556,11600,0.005559,24824,0.005558,15874,0.005557,15764,0.005556,37431,0.005555,35694,0.005554,35923,0.005553,15691,0.005549,29625,0.005545,11600,0.005561,4672,0.005562,108532,0.005563,7230,0.005564,5345,0.005565,35774,0.005566,18830,0.005567,18689,0.00557,11600,0.005588,10000,0.005589,11600,0.005988,2591,0.005987,1672,0.005986,8355,0.005985,22830,0.005984,22283,0.005983,57932,0.005982,22302,0.005981,17276,0.005980,18048,0.005979,36394,0.005989,49502,0.005990,3837,0.005991,15830,0.005992,16465,0.005993,20776,0.005994,31551,0.005995,25538,0.005996,22110,0.005997,20668,0.005998,16414
gate,bybit,VANRYUSDT,0.005561,0.005988,7.6785,1774108959075,0.00556,11600,0.005559,24824,0.005558,15874,0.005557,15764,0.005556,37431,0.005555,35694,0.005554,35923,0.005553,15691,0.005549,29625,0.005545,11600,0.005561,4672,0.005562,108532,0.005563,7230,0.005564,5345,0.005565,35774,0.005566,18830,0.005567,11600,0.00557,11600,0.005588,10000,0.005589,11600,0.005988,2591,0.005987,1672,0.005986,8355,0.005985,22830,0.005984,22283,0.005983,57932,0.005982,22302,0.005981,17276,0.005980,18048,0.005979,36394,0.005989,49502,0.005990,3837,0.005991,15830,0.005992,16465,0.005993,20776,0.005994,31551,0.005995,25538,0.005996,22110,0.005997,20668,0.005998,16414
gate,bybit,VANRYUSDT,0.005561,0.005988,7.6785,1774108959376,0.00556,11600,0.005559,16163,0.005558,15874,0.005557,15764,0.005556,37431,0.005555,35694,0.005554,35923,0.005553,15691,0.005549,29625,0.005545,11600,0.005561,4672,0.005562,108532,0.005564,5345,0.005565,35774,0.005566,18830,0.005567,16808,0.00557,11600,0.005588,10000,0.005589,11600,0.00559,26940,0.005988,2591,0.005987,1672,0.005986,8355,0.005985,22830,0.005984,22283,0.005983,57932,0.005982,22302,0.005981,17276,0.005980,18048,0.005979,36394,0.005989,49502,0.005990,20764,0.005991,15830,0.005992,16465,0.005993,20776,0.005994,31551,0.005995,25538,0.005996,22110,0.005997,20668,0.005998,16414
gate,bybit,VANRYUSDT,0.005561,0.005988,7.6785,1774108959677,0.00556,11600,0.005559,24824,0.005558,15874,0.005557,15764,0.005556,37431,0.005555,35694,0.005554,35923,0.005553,15691,0.005549,29625,0.005545,11600,0.005561,4672,0.005562,108532,0.005564,5345,0.005565,35774,0.005566,18830,0.005567,16808,0.00557,11600,0.005588,10000,0.005589,11600,0.00559,26940,0.005988,2591,0.005987,1672,0.005986,8355,0.005985,22830,0.005984,22283,0.005983,57932,0.005982,22302,0.005981,17276,0.005980,18048,0.005979,36394,0.005989,49502,0.005990,20764,0.005991,15830,0.005992,16465,0.005993,20776,0.005994,31551,0.005995,25538,0.005996,22110,0.005997,20668,0.005998,16414
gate,bybit,VANRYUSDT,0.005561,0.005988,7.6785,1774108959977,0.00556,11600,0.005559,24824,0.005558,15874,0.005557,15764,0.005556,37431,0.005555,35694,0.005554,35923,0.005553,15691,0.005549,29625,0.005545,11600,0.005561,4672,0.005562,108532,0.005564,5345,0.005565,35774,0.005566,18830,0.005567,16808,0.00557,11600,0.005588,10000,0.005589,11600,0.00559,26940,0.005988,2591,0.005987,1672,0.005986,8355,0.005985,22830,0.005984,22283,0.005983,57932,0.005982,22302,0.005981,17276,0.005980,18048,0.005979,36394,0.005989,49502,0.005990,20764,0.005991,15830,0.005992,16465,0.005993,20776,0.005994,31551,0.005995,25538,0.005996,22110,0.005997,20668,0.005998,16414
gate,bybit,VANRYUSDT,0.005561,0.005988,7.6785,1774108960282,0.00556,11600,0.005559,24824,0.005558,15874,0.005557,15764,0.005556,37431,0.005555,35694,0.005554,35923,0.005553,15691,0.005549,29625,0.005545,11600,0.005561,4672,0.005562,108532,0.005564,5345,0.005565,35774,0.005566,18830,0.005567,16808,0.00557,11600,0.005588,10000,0.005589,11600,0.00559,26940,0.005988,2591,0.005987,1672,0.005986,8355,0.005985,22830,0.005984,22283,0.005983,57932,0.005982,22302,0.005981,17276,0.005980,18048,0.005979,36394,0.005989,49502,0.005990,20764,0.005991,15830,0.005992,16465,0.005993,20776,0.005994,31551,0.005995,25538,0.005996,22110,0.005997,20668,0.005998,16414
gate,bybit,VANRYUSDT,0.005561,0.005988,7.6785,1774108960583,0.00556,11600,0.005559,24824,0.005558,15874,0.005557,15764,0.005556,37431,0.005555,35694,0.005554,35923,0.005553,15691,0.005549,29625,0.005545,11600,0.005561,4672,0.005562,108532,0.005564,5345,0.005565,35774,0.005566,18830,0.005567,16808,0.00557,11600,0.005588,10000,0.005589,11600,0.00559,26940,0.005988,2591,0.005987,1672,0.005986,8355,0.005985,22830,0.005984,22283,0.005983,57932,0.005982,22302,0.005981,17276,0.005980,18048,0.005979,36394,0.005989,49502,0.005990,20764,0.005991,15830,0.005992,16465,0.005993,20776,0.005994,31551,0.005995,25538,0.005996,22110,0.005997,20668,0.005998,16414
gate,bybit,VANRYUSDT,0.005561,0.005988,7.6785,1774108960883,0.00556,11600,0.005559,24824,0.005558,15874,0.005557,15764,0.005556,37431,0.005555,35694,0.005554,35923,0.005553,15691,0.005549,29625,0.005545,11600,0.005561,4672,0.005562,108532,0.005563,4983,0.005564,5345,0.005565,35774,0.005566,18830,0.005567,16808,0.00557,11600,0.005588,10000,0.005589,11600,0.005988,2591,0.005987,1672,0.005986,8355,0.005985,22830,0.005984,22283,0.005983,57932,0.005982,22302,0.005981,17276,0.005980,18048,0.005979,36394,0.005989,49389,0.005990,20764,0.005991,15830,0.005992,16465,0.005993,20776,0.005994,31551,0.005995,25538,0.005996,22110,0.005997,20668,0.005998,16414
gate,bybit,VANRYUSDT,0.005561,0.005988,7.6785,1774108961183,0.00556,11600,0.005559,24824,0.005558,15874,0.005557,15764,0.005556,37431,0.005555,35694,0.005554,35923,0.005553,15691,0.005549,29625,0.005545,11600,0.005561,4672,0.005562,108532,0.005563,4983,0.005564,5345,0.005565,35774,0.005566,18830,0.005567,16808,0.00557,11600,0.005588,10000,0.005589,11600,0.005988,2591,0.005987,1672,0.005986,8355,0.005985,22830,0.005984,22283,0.005983,57932,0.005982,22302,0.005981,17276,0.005980,18048,0.005979,36394,0.005989,49389,0.005990,20764,0.005991,15830,0.005992,16465,0.005993,20776,0.005994,31551,0.005995,25538,0.005996,22110,0.005997,20668,0.005998,16414
gate,bybit,VANRYUSDT,0.005561,0.005988,7.6785,1774108961483,0.00556,11600,0.005559,24824,0.005558,15874,0.005557,15764,0.005556,37431,0.005555,35694,0.005554,35923,0.005553,15691,0.005549,29625,0.005545,11600,0.005561,4672,0.005562,108532,0.005563,4983,0.005564,5345,0.005565,35774,0.005566,18830,0.005567,16808,0.00557,11600,0.005588,10000,0.005589,11600,0.005988,2591,0.005987,1672,0.005986,8355,0.005985,22830,0.005984,22283,0.005983,57932,0.005982,22302,0.005981,17276,0.005980,18048,0.005979,36394,0.005989,49389,0.005990,20764,0.005991,15830,0.005992,16465,0.005993,20776,0.005994,31551,0.005995,25538,0.005996,22110,0.005997,20668,0.005998,16414
gate,bybit,VANRYUSDT,0.005562,0.005988,7.6591,1774108961783,0.00556,11600,0.005559,16163,0.005558,15874,0.005557,15764,0.005556,37431,0.005555,35694,0.005554,35923,0.005553,15691,0.005549,29625,0.005545,11600,0.005562,108532,0.005563,4894,0.005564,5345,0.005565,35774,0.005566,18830,0.005567,16808,0.00557,11600,0.005588,10000,0.005589,11600,0.00559,26940,0.005988,2591,0.005987,3364,0.005986,8355,0.005985,22830,0.005984,22283,0.005983,57932,0.005982,22302,0.005981,17276,0.005980,18048,0.005979,36394,0.005989,49389,0.005990,20764,0.005991,15830,0.005992,16465,0.005993,20776,0.005994,31551,0.005995,25538,0.005996,22110,0.005997,20668,0.005998,16414
gate,bybit,VANRYUSDT,0.005561,0.005988,7.6785,1774108962084,0.00556,11600,0.005559,16163,0.005558,15874,0.005557,15764,0.005556,37431,0.005555,35694,0.005554,35923,0.005553,15691,0.005549,29625,0.005545,11600,0.005561,4595,0.005562,108532,0.005563,4894,0.005564,5345,0.005565,35774,0.005566,18830,0.005567,16808,0.00557,11600,0.005588,10000,0.005589,11600,0.005988,2591,0.005987,1672,0.005986,8355,0.005985,21138,0.005984,22283,0.005983,57932,0.005982,22302,0.005981,17276,0.005980,18048,0.005979,36394,0.005989,49389,0.005990,20764,0.005991,15830,0.005992,16465,0.005993,20776,0.005994,31551,0.005995,25538,0.005996,22110,0.005997,20668,0.005998,16414
gate,bybit,VANRYUSDT,0.005561,0.005988,7.6785,1774108962384,0.00556,11600,0.005559,16163,0.005558,15874,0.005557,15764,0.005556,37431,0.005555,35694,0.005554,35923,0.005553,15691,0.005549,29625,0.005545,11600,0.005561,4595,0.005562,108532,0.005563,4894,0.005564,5345,0.005565,35774,0.005566,18830,0.005567,16808,0.00557,11600,0.005588,10000,0.005589,11600,0.005988,2591,0.005987,1672,0.005986,8355,0.005985,21138,0.005984,22283,0.005983,57932,0.005982,22302,0.005981,17276,0.005980,18048,0.005979,36394,0.005989,49389,0.005990,20764,0.005991,15830,0.005992,16465,0.005993,20776,0.005994,31551,0.005995,25538,0.005996,22110,0.005997,20668,0.005998,16414
gate,bybit,VANRYUSDT,0.005561,0.005988,7.6785,1774108962684,0.00556,11600,0.005559,16163,0.005558,15874,0.005557,15764,0.005556,37431,0.005555,35694,0.005554,35923,0.005553,15691,0.005549,29625,0.005545,11600,0.005561,4595,0.005562,108532,0.005563,4894,0.005564,5345,0.005565,35774,0.005566,18830,0.005567,16808,0.00557,11600,0.005588,10000,0.005589,11600,0.005988,2591,0.005987,1672,0.005986,8355,0.005985,21138,0.005984,22283,0.005983,57932,0.005982,22302,0.005981,17276,0.005980,18048,0.005979,36394,0.005989,49389,0.005990,20764,0.005991,15830,0.005992,16465,0.005993,20776,0.005994,31551,0.005995,25538,0.005996,22110,0.005997,20668,0.005998,16414
gate,bybit,VANRYUSDT,0.005561,0.005988,7.6785,1774108962985,0.00556,11600,0.005559,16163,0.005558,15874,0.005557,15764,0.005556,37431,0.005555,35694,0.005554,35923,0.005553,15691,0.005549,29625,0.005545,11600,0.005561,4595,0.005562,108532,0.005563,4894,0.005564,5345,0.005565,35774,0.005566,18830,0.005567,11600,0.00557,11600,0.005588,10000,0.005589,11600,0.005988,2591,0.005987,1672,0.005986,6698,0.005985,21138,0.005984,22283,0.005983,57932,0.005982,22302,0.005981,17276,0.005980,18048,0.005979,36394,0.005989,49389,0.005990,20764,0.005991,15830,0.005992,16465,0.005993,20776,0.005994,31551,0.005995,25538,0.005996,22110,0.005997,20668,0.005998,16414
gate,bybit,VANRYUSDT,0.005563,0.005989,7.6577,1774108963285,0.005562,20261,0.005561,18830,0.00556,16040,0.005559,16163,0.005558,15874,0.005557,15764,0.005556,35611,0.005555,35694,0.005554,31600,0.005553,25102,0.005563,4742,0.005564,6495,0.005565,7230,0.005566,7230,0.005567,18830,0.005568,18830,0.005569,15613,0.00557,11600,0.005588,10000,0.005589,11600,0.005989,27315,0.005988,2591,0.005987,1672,0.005986,17425,0.005985,17256,0.005984,22283,0.005983,57932,0.005982,22302,0.005981,17276,0.005980,26260,0.005990,3819,0.005991,20302,0.005992,5540,0.005993,19870,0.005994,31551,0.005995,25538,0.005996,22110,0.005997,20668,0.005998,16414,0.005999,23351
gate,bybit,VANRYUSDT,0.005563,0.005989,7.6577,1774108963585,0.005562,20261,0.005561,18830,0.00556,16040,0.005559,16163,0.005558,15874,0.005557,15764,0.005556,35611,0.005555,35694,0.005554,31600,0.005553,25102,0.005563,4742,0.005564,6495,0.005565,7230,0.005566,7230,0.005567,18830,0.005568,18830,0.005569,15613,0.00557,11600,0.005588,10000,0.005589,11600,0.005989,27315,0.005988,2591,0.005987,1672,0.005986,17425,0.005985,17256,0.005984,22283,0.005983,57932,0.005982,22302,0.005981,17276,0.005980,26260,0.005990,3819,0.005991,20302,0.005992,5540,0.005993,19870,0.005994,31551,0.005995,25538,0.005996,22110,0.005997,20668,0.005998,16414,0.005999,23351
gate,bybit,VANRYUSDT,0.005563,0.005989,7.6577,1774108963886,0.005562,25273,0.005561,18830,0.00556,16040,0.005559,16163,0.005558,15874,0.005557,15764,0.005556,35611,0.005555,35694,0.005554,31600,0.005553,25102,0.005563,4742,0.005564,6495,0.005565,7230,0.005566,7230,0.005567,18830,0.005568,18830,0.005569,15613,0.00557,11600,0.005588,10000,0.005589,11600,0.005989,27315,0.005988,2591,0.005987,1672,0.005986,17425,0.005985,17256,0.005984,22283,0.005983,57932,0.005982,22302,0.005981,17276,0.005980,26260,0.005990,8026,0.005991,20302,0.005992,5540,0.005993,19870,0.005994,31551,0.005995,25538,0.005996,22110,0.005997,20668,0.005998,16414,0.005999,23351
gate,bybit,VANRYUSDT,0.005565,0.005989,7.619,1774108964186,0.005562,25273,0.005561,18830,0.00556,16040,0.005559,16163,0.005558,15874,0.005557,15764,0.005556,35611,0.005555,35694,0.005554,31600,0.005553,25102,0.005563,4742,0.005564,6495,0.005565,7230,0.005566,7230,0.005567,18830,0.005568,18830,0.005569,15613,0.00557,11600,0.005588,20000,0.005589,11600,0.005989,27315,0.005988,2591,0.005987,1672,0.005986,17425,0.005985,17256,0.005984,22283,0.005983,57932,0.005982,22302,0.005981,17276,0.005980,26260,0.005990,8026,0.005991,20302,0.005992,5540,0.005993,19870,0.005994,31551,0.005995,25538,0.005996,22110,0.005997,20668,0.005998,16414,0.005999,23351
gate,bybit,VANRYUSDT,0.005565,0.005989,7.619,1774108964486,0.005564,1516,0.005563,5971,0.005562,16612,0.005561,18830,0.00556,16040,0.005559,16163,0.005558,15874,0.005557,15764,0.005556,35611,0.005555,35694,0.005565,7230,0.005566,11972,0.005567,25325,0.005568,18830,0.005569,15613,0.00557,15718,0.005588,20000,0.005589,11600,0.00559,26940,0.005602,11600,0.005989,27315,0.005988,2591,0.005987,1672,0.005986,17425,0.005985,17256,0.005984,22283,0.005983,57932,0.005982,22302,0.005981,17276,0.005980,26260,0.005990,8026,0.005991,1670,0.005992,3848,0.005993,19870,0.005994,31551,0.005995,25538,0.005996,22110,0.005997,20668,0.005998,16414,0.005999,23351
gate,bybit,VANRYUSDT,0.005565,0.005989,7.619,1774108964786,0.005564,1516,0.005563,5971,0.005562,16612,0.005561,18830,0.00556,16040,0.005559,16163,0.005558,15874,0.005557,15764,0.005556,35611,0.005555,35694,0.005565,7230,0.005566,11972,0.005567,25325,0.005568,18830,0.005569,15613,0.00557,15718,0.005588,20000,0.005589,11600,0.00559,26940,0.005606,11600,0.005989,27315,0.005988,2591,0.005987,1672,0.005986,17425,0.005985,17256,0.005984,22283,0.005983,57932,0.005982,22302,0.005981,17276,0.005980,26260,0.005990,8026,0.005991,1670,0.005992,3848,0.005993,19870,0.005994,31551,0.005995,25538,0.005996,22110,0.005997,20668,0.005998,16414,0.005999,23351
gate,bybit,VANRYUSDT,0.005565,0.005989,7.619,1774108965086,0.005564,1516,0.005563,5971,0.005562,16612,0.005561,18830,0.00556,16040,0.005559,16163,0.005558,15874,0.005557,15764,0.005556,35611,0.005555,35694,0.005565,7230,0.005566,11972,0.005567,25325,0.005568,18830,0.005569,15613,0.00557,15718,0.005588,20000,0.005589,11600,0.00559,26940,0.005606,11600,0.005989,27315,0.005988,2591,0.005987,1672,0.005986,17425,0.005985,17256,0.005984,22283,0.005983,57932,0.005982,22302,0.005981,17276,0.005980,26260,0.005990,8026,0.005991,1670,0.005992,3848,0.005993,19870,0.005994,31551,0.005995,25538,0.005996,22110,0.005997,20668,0.005998,16414,0.005999,23351
gate,bybit,VANRYUSDT,0.005565,0.005988,7.6011,1774108965387,0.005564,1516,0.005563,11600,0.005562,16612,0.005561,18830,0.00556,16040,0.005559,16163,0.005558,15874,0.005557,15764,0.005556,31600,0.005555,31600,0.005565,5214,0.005566,9490,0.005567,25325,0.005568,26060,0.005569,22211,0.00557,15718,0.005571,16623,0.005588,20000,0.005589,11600,0.00559,26940,0.005988,10771,0.005987,1672,0.005986,8388,0.005985,21160,0.005984,22283,0.005983,57932,0.005982,22302,0.005981,17276,0.005980,18048,0.005979,44606,0.005989,15220,0.005990,3920,0.005991,1670,0.005992,22332,0.005993,20776,0.005994,31551,0.005995,25538,0.005996,22110,0.005997,20668,0.005998,16414
gate,bybit,VANRYUSDT,0.005565,0.005988,7.6011,1774108965687,0.005564,1516,0.005563,11600,0.005562,16612,0.005561,18830,0.00556,16040,0.005559,16163,0.005558,15874,0.005557,15764,0.005556,31600,0.005555,31600,0.005565,5214,0.005566,9490,0.005567,25325,0.005568,26060,0.005569,22211,0.00557,15718,0.005571,16623,0.005588,20000,0.005589,11600,0.00559,26940,0.005988,10771,0.005987,1672,0.005986,8388,0.005985,21160,0.005984,22283,0.005983,57932,0.005982,22302,0.005981,17276,0.005980,18048,0.005979,44606,0.005989,15220,0.005990,3920,0.005991,1670,0.005992,22332,0.005993,20776,0.005994,31551,0.005995,25538,0.005996,22110,0.005997,20668,0.005998,16414
gate,bybit,VANRYUSDT,0.005565,0.005988,7.6011,1774108965987,0.005564,1516,0.005563,27448,0.005562,16612,0.005561,18830,0.00556,16040,0.005559,16163,0.005558,15874,0.005557,15764,0.005556,31600,0.005555,31600,0.005565,5214,0.005566,9490,0.005567,25325,0.005568,26060,0.005569,22211,0.00557,15718,0.005571,16623,0.005588,20000,0.005589,11600,0.00559,26940,0.005988,10771,0.005987,1672,0.005986,8388,0.005985,21160,0.005984,22283,0.005983,57932,0.005982,22302,0.005981,17276,0.005980,18048,0.005979,44606,0.005989,15220,0.005990,3920,0.005991,1670,0.005992,22332,0.005993,20776,0.005994,31551,0.005995,25538,0.005996,22110,0.005997,20668,0.005998,16414
gate,bybit,VANRYUSDT,0.005566,0.005988,7.5817,1774108966287,0.005564,1516,0.005563,27448,0.005562,16612,0.005561,18830,0.00556,16040,0.005559,16163,0.005558,15874,0.005557,15764,0.005556,31600,0.005555,31600,0.005565,5214,0.005566,9490,0.005567,25325,0.005568,26060,0.005569,22211,0.00557,15718,0.005571,16623,0.005588,20000,0.005589,11600,0.00559,26940,0.005988,10771,0.005987,1672,0.005986,8388,0.005985,21160,0.005984,22283,0.005983,57932,0.005982,22302,0.005981,17276,0.005980,18048,0.005979,44606,0.005989,15220,0.005990,3920,0.005991,1670,0.005992,22332,0.005993,25443,0.005994,31551,0.005995,25538,0.005996,17482,0.005997,20668,0.005998,16414
gate,bybit,VANRYUSDT,0.005566,0.005988,7.5817,1774108966588,0.005564,1516,0.005563,27448,0.005562,16612,0.005561,18830,0.00556,16040,0.005559,16163,0.005558,15874,0.005557,15764,0.005556,31600,0.005555,31600,0.005565,5214,0.005566,9490,0.005567,25325,0.005568,26060,0.005569,22211,0.00557,15718,0.005571,16623,0.005588,20000,0.005589,11600,0.00559,26940,0.005988,10771,0.005987,1672,0.005986,8388,0.005985,21160,0.005984,22283,0.005983,57932,0.005982,22302,0.005981,17276,0.005980,18048,0.005979,44606,0.005989,15220,0.005990,3920,0.005991,1670,0.005992,22332,0.005993,25443,0.005994,31551,0.005995,25538,0.005996,17482,0.005997,20668,0.005998,16414
gate,bybit,VANRYUSDT,0.005566,0.005988,7.5817,1774108966888,0.005564,1516,0.005563,27448,0.005562,16612,0.005561,18830,0.00556,16040,0.005559,16163,0.005558,15874,0.005557,15764,0.005556,31600,0.005555,31600,0.005565,5214,0.005566,9490,0.005567,25325,0.005568,26060,0.005569,22211,0.00557,15718,0.005571,16623,0.005588,20000,0.005589,11600,0.00559,26940,0.005988,10771,0.005987,1672,0.005986,8388,0.005985,21160,0.005984,22283,0.005983,57932,0.005982,22302,0.005981,17276,0.005980,18048,0.005979,44606,0.005989,15220,0.005990,3920,0.005991,1670,0.005992,22332,0.005993,25443,0.005994,31551,0.005995,25538,0.005996,17482,0.005997,20668,0.005998,16414
gate,bybit,VANRYUSDT,0.005566,0.005988,7.5817,1774108967188,0.005564,1516,0.005563,18787,0.005562,16612,0.005561,18830,0.00556,16040,0.005559,16163,0.005558,15874,0.005557,11600,0.005556,31600,0.005555,31600,0.005566,7187,0.005567,13725,0.005568,31274,0.005569,29653,0.00557,15718,0.005571,16623,0.005572,11600,0.005588,20000,0.005589,11600,0.00559,26940,0.005988,10771,0.005987,1672,0.005986,8388,0.005985,21160,0.005984,22283,0.005983,57932,0.005982,22302,0.005981,17276,0.005980,18048,0.005979,44606,0.005989,15220,0.005990,3920,0.005991,1670,0.005992,22332,0.005993,25443,0.005994,31551,0.005995,25538,0.005996,17482,0.005997,20668,0.005998,16414
gate,bybit,VANRYUSDT,0.005567,0.005988,7.5624,1774108967488,0.005564,14545,0.005563,18787,0.005562,16612,0.005561,18830,0.00556,16040,0.005559,16163,0.005558,15874,0.005557,11600,0.005556,31600,0.005555,31600,0.005567,13725,0.005568,31274,0.005569,29653,0.00557,15718,0.005571,16623,0.005572,15676,0.005588,20000,0.005589,11600,0.00559,26940,0.005604,10000,0.005988,10771,0.005987,1672,0.005986,8388,0.005985,22852,0.005984,22283,0.005983,57932,0.005982,22302,0.005981,17276,0.005980,18048,0.005979,44606,0.005989,15220,0.005990,3920,0.005991,1670,0.005992,22332,0.005993,25443,0.005994,31551,0.005995,25538,0.005996,17482,0.005997,20668,0.005998,16414
gate,bybit,VANRYUSDT,0.005567,0.005988,7.5624,1774108967791,0.005565,7173,0.005564,5884,0.005563,18787,0.005562,16612,0.005561,18830,0.00556,16040,0.005559,11600,0.005558,11600,0.005557,11600,0.005556,31600,0.005567,6495,0.005568,31217,0.005569,36840,0.00557,22608,0.005571,11600,0.005572,11600,0.005588,20000,0.005589,11600,0.00559,26940,0.005604,10000,0.005988,10771,0.005987,1672,0.005986,8388,0.005985,22852,0.005984,22283,0.005983,57932,0.005982,22302,0.005981,17276,0.005980,18048,0.005979,44606,0.005989,15220,0.005990,3920,0.005991,1670,0.005992,22332,0.005993,25443,0.005994,31551,0.005995,25538,0.005996,17482,0.005997,20668,0.005998,16414
gate,bybit,VANRYUSDT,0.005567,0.005988,7.5624,1774108968091,0.005565,15834,0.005564,5884,0.005563,18787,0.005562,16612,0.005561,18830,0.00556,16040,0.005559,15900,0.005558,11600,0.005557,11600,0.005556,31600,0.005567,10539,0.005568,31217,0.005569,36840,0.00557,22608,0.005571,11600,0.005572,11600,0.005588,20000,0.005589,11600,0.00559,26940,0.005606,11600,0.005988,10771,0.005987,1672,0.005986,8388,0.005985,22852,0.005984,22283,0.005983,57932,0.005982,22302,0.005981,17276,0.005980,18048,0.005979,44606,0.005989,15220,0.005990,3920,0.005991,1670,0.005992,22332,0.005993,25443,0.005994,31551,0.005995,25538,0.005996,17482,0.005997,20668,0.005998,16414
gate,bybit,VANRYUSDT,0.005568,0.005988,7.5431,1774108968391,0.005565,7173,0.005564,5884,0.005563,18787,0.005562,16612,0.005561,18830,0.00556,16040,0.005559,15900,0.005558,11600,0.005557,11600,0.005556,31600,0.005567,4044,0.005568,31217,0.005569,36840,0.00557,22608,0.005571,11600,0.005572,11600,0.005588,20000,0.005589,11600,0.00559,26940,0.005606,21600,0.005988,10771,0.005987,1672,0.005986,8388,0.005985,22852,0.005984,22283,0.005983,57932,0.005982,22302,0.005981,17276,0.005980,18048,0.005979,44606,0.005989,15220,0.005990,3920,0.005991,1670,0.005992,22332,0.005993,25443,0.005994,31551,0.005995,25538,0.005996,17482,0.005997,20668,0.005998,16414
gate,bybit,VANRYUSDT,0.005568,0.005988,7.5431,1774108968691,0.005566,15766,0.005565,7173,0.005564,5884,0.005563,18787,0.005562,16612,0.005561,18830,0.00556,16040,0.005559,11600,0.005558,11600,0.005557,11600,0.005568,22418,0.005569,32827,0.00557,29029,0.005571,17552,0.005572,11600,0.005588,20000,0.005589,11600,0.00559,26940,0.005606,21600,0.005607,12190,0.005988,13197,0.005987,3364,0.005986,8388,0.005985,22852,0.005984,23975,0.005983,57932,0.005982,22302,0.005981,17276,0.005980,18048,0.005979,44606,0.005989,7040,0.005990,3920,0.005991,1670,0.005992,20642,0.005993,17231,0.005994,31551,0.005995,25538,0.005996,17482,0.005997,20668,0.005998,16414
gate,bybit,VANRYUSDT,0.005569,0.005988,7.5238,1774108968991,0.005566,15766,0.005565,7173,0.005564,5884,0.005563,18787,0.005562,16612,0.005561,18830,0.00556,16040,0.005559,11600,0.005558,11600,0.005557,11600,0.005568,22418,0.005569,32827,0.00557,29029,0.005571,17552,0.005572,11600,0.005588,20000,0.005589,11600,0.00559,26940,0.005606,21600,0.005607,12190,0.005988,13197,0.005987,3364,0.005986,8388,0.005985,22852,0.005984,23975,0.005983,57932,0.005982,22302,0.005981,17276,0.005980,18048,0.005979,44606,0.005989,7040,0.005990,3920,0.005991,1670,0.005992,20642,0.005993,17231,0.005994,31551,0.005995,25538,0.005996,17482,0.005997,20668,0.005998,16414
gate,bybit,VANRYUSDT,0.005569,0.005988,7.5238,1774108969292,0.005567,8661,0.005566,7105,0.005565,7173,0.005564,17484,0.005563,18787,0.005562,16612,0.005561,17805,0.00556,16040,0.005559,11600,0.005558,11600,0.005569,28389,0.00557,36192,0.005571,25670,0.005572,12408,0.005588,20000,0.005589,11600,0.00559,26940,0.005606,21600,0.005607,12190,0.005612,11600,0.005988,13197,0.005987,3364,0.005986,8388,0.005985,22852,0.005984,23975,0.005983,57932,0.005982,22302,0.005981,17276,0.005980,18048,0.005979,44606,0.005989,7040,0.005990,3920,0.005991,1670,0.005992,20642,0.005993,17231,0.005994,31551,0.005995,25538,0.005996,17482,0.005997,20668,0.005998,16414
gate,bybit,VANRYUSDT,0.005569,0.005988,7.5238,1774108969592,0.005568,4450,0.005567,7162,0.005566,7105,0.005565,7173,0.005564,17484,0.005563,18787,0.005562,18419,0.005561,11600,0.00556,11600,0.005559,11600,0.005569,18086,0.00557,29029,0.005571,25670,0.005572,26537,0.005573,4074,0.005588,20000,0.005589,11600,0.00559,26940,0.005606,21600,0.005607,12190,0.005988,13197,0.005987,3364,0.005986,8388,0.005985,22852,0.005984,23975,0.005983,57932,0.005982,22302,0.005981,17276,0.005980,18048,0.005979,44606,0.005989,7040,0.005990,3920,0.005991,1670,0.005992,20642,0.005993,17231,0.005994,31551,0.005995,25538,0.005996,17482,0.005997,20668,0.005998,16414
gate,bybit,VANRYUSDT,0.005569,0.005988,7.5238,1774108969892,0.005568,4450,0.005567,7162,0.005566,7105,0.005565,7173,0.005564,17484,0.005563,18787,0.005562,18419,0.005561,11600,0.00556,11600,0.005559,11600,0.005569,18086,0.00557,29029,0.005571,25670,0.005572,26537,0.005573,4074,0.005588,20000,0.005589,11600,0.00559,26940,0.005606,21600,0.005607,12190,0.005988,13197,0.005987,3364,0.005986,8388,0.005985,22852,0.005984,23975,0.005983,57932,0.005982,22302,0.005981,17276,0.005980,18048,0.005979,44606,0.005989,7040,0.005990,3920,0.005991,1670,0.005992,20642,0.005993,17231,0.005994,31551,0.005995,25538,0.005996,17482,0.005997,20668,0.005998,16414
gate,bybit,VANRYUSDT,0.005569,0.005988,7.5238,1774108970192,0.005568,4450,0.005567,15823,0.005566,7105,0.005565,7173,0.005564,17484,0.005563,18787,0.005562,18419,0.005561,11600,0.00556,11600,0.005559,11600,0.005569,18086,0.00557,29029,0.005571,32832,0.005572,33367,0.005573,11600,0.005588,20000,0.005589,11600,0.00559,26940,0.005606,21600,0.005607,12190,0.005988,10771,0.005987,3364,0.005986,8388,0.005985,22852,0.005984,22283,0.005983,57932,0.005982,22302,0.005981,17276,0.005980,18048,0.005979,44606,0.005989,7040,0.005990,3920,0.005991,1670,0.005992,20642,0.005993,17231,0.005994,31551,0.005995,25538,0.005996,17482,0.005997,20668,0.005998,66311
gate,bybit,VANRYUSDT,0.005569,0.005988,7.5238,1774108970500,0.005567,7162,0.005566,7105,0.005565,7173,0.005564,17484,0.005563,18787,0.005562,18419,0.005561,15697,0.00556,11600,0.005559,11600,0.005558,11600,0.005569,14629,0.00557,36192,0.005571,32832,0.005572,26537,0.005573,11600,0.005588,20000,0.005589,11600,0.00559,26940,0.005606,21600,0.005607,12190,0.005988,10771,0.005987,3364,0.005986,8388,0.005985,22852,0.005984,22283,0.005983,57932,0.005982,22302,0.005981,17276,0.005980,18048,0.005979,44606,0.005989,7040,0.005990,3920,0.005991,1670,0.005992,20642,0.005993,17231,0.005994,31551,0.005995,25538,0.005996,17482,0.005997,20668,0.005998,66311
gate,bybit,VANRYUSDT,0.005569,0.005988,7.5238,1774108970810,0.005568,4519,0.005567,7162,0.005566,7105,0.005565,7173,0.005564,17484,0.005563,18787,0.005562,16909,0.005561,11600,0.005559,11600,0.005558,11600,0.005569,4507,0.00557,29029,0.005571,25670,0.005572,45384,0.005573,15933,0.005588,20000,0.005589,11600,0.00559,26940,0.005606,21600,0.005607,12190,0.005988,10771,0.005987,3364,0.005986,8388,0.005985,22852,0.005984,22283,0.005983,57932,0.005982,22302,0.005981,17276,0.005980,18048,0.005979,44606,0.005989,7040,0.005990,3920,0.005991,1670,0.005992,20642,0.005993,17231,0.005994,31551,0.005995,25538,0.005996,17482,0.005997,20668,0.005998,66311
gate,bybit,VANRYUSDT,0.005569,0.005988,7.5238,1774108971123,0.005568,4519,0.005567,7162,0.005566,7105,0.005565,7173,0.005564,17484,0.005563,18787,0.005562,16909,0.005561,11600,0.005559,11600,0.005558,11600,0.005569,4507,0.00557,29029,0.005571,25670,0.005572,45384,0.005573,15933,0.005588,20000,0.005589,11600,0.00559,26940,0.005606,21600,0.005607,12190,0.005988,10771,0.005987,3364,0.005986,8388,0.005985,22852,0.005984,22283,0.005983,57932,0.005982,22302,0.005981,17276,0.005980,18048,0.005979,44606,0.005989,7040,0.005990,3920,0.005991,1670,0.005992,20642,0.005993,17231,0.005994,31551,0.005995,25538,0.005996,17482,0.005997,20668,0.005998,66311
gate,bybit,VANRYUSDT,0.00557,0.005988,7.5045,1774108971432,0.005569,6073,0.005568,5734,0.005567,7162,0.005566,7105,0.005565,7173,0.005564,17484,0.005563,11600,0.005562,11600,0.005561,11600,0.005559,11600,0.00557,20520,0.005571,25670,0.005572,44623,0.005573,20109,0.005588,20000,0.005589,11600,0.00559,26940,0.005606,21600,0.005607,12190,0.005612,11600,0.005988,10771,0.005987,3364,0.005986,8388,0.005985,22852,0.005984,22283,0.005983,57932,0.005982,22302,0.005981,17276,0.005980,18048,0.005979,44606,0.005989,7040,0.005990,3920,0.005991,1670,0.005992,20642,0.005993,17231,0.005994,31551,0.005995,25538,0.005996,17482,0.005997,20668,0.005998,66311
gate,bybit,VANRYUSDT,0.00557,0.005988,7.5045,1774108971738,0.005569,6073,0.005568,5734,0.005567,7162,0.005566,7105,0.005565,7173,0.005564,17484,0.005563,11600,0.005562,11600,0.005561,11600,0.005559,11600,0.00557,20520,0.005571,25670,0.005572,44623,0.005573,20109,0.005588,20000,0.005589,11600,0.00559,26940,0.005606,21600,0.005607,12190,0.005612,11600,0.005988,10771,0.005987,3364,0.005986,8388,0.005985,22852,0.005984,22283,0.005983,57932,0.005982,22302,0.005981,17276,0.005980,18048,0.005979,44606,0.005989,7040,0.005990,3920,0.005991,1670,0.005992,20642,0.005993,17231,0.005994,31551,0.005995,25538,0.005996,17482,0.005997,20668,0.005998,66311
gate,bybit,VANRYUSDT,0.00557,0.005988,7.5045,1774108972042,0.005569,6073,0.005568,5734,0.005567,7162,0.005566,7105,0.005565,7173,0.005564,17484,0.005563,11600,0.005562,11600,0.005561,11600,0.005559,11600,0.00557,20520,0.005571,25670,0.005572,44623,0.005573,20109,0.005588,20000,0.005589,11600,0.00559,26940,0.005606,21600,0.005607,12190,0.005612,11600,0.005988,10771,0.005987,3364,0.005986,8388,0.005985,22852,0.005984,22283,0.005983,57932,0.005982,22302,0.005981,17276,0.005980,18048,0.005979,44606,0.005989,7040,0.005990,3920,0.005991,1670,0.005992,20642,0.005993,17231,0.005994,31551,0.005995,25538,0.005996,17482,0.005997,20668,0.005998,66311
gate,bybit,VANRYUSDT,0.00557,0.005988,7.5045,1774108972346,0.005568,5734,0.005567,7162,0.005566,7105,0.005565,7173,0.005564,17484,0.005563,18785,0.005562,11600,0.005561,11600,0.005559,11600,0.005558,11600,0.00557,17429,0.005571,32855,0.005572,51497,0.005573,20109,0.005588,20000,0.005589,11600,0.00559,26940,0.005606,21600,0.005607,12190,0.005612,11600,0.005988,10771,0.005987,3364,0.005986,8388,0.005985,22852,0.005984,22283,0.005983,57932,0.005982,22302,0.005981,17276,0.005980,18048,0.005979,44606,0.005989,7040,0.005990,3920,0.005991,1670,0.005992,20642,0.005993,17231,0.005994,31551,0.005995,25538,0.005996,17482,0.005997,20668,0.005998,66311
gate,bybit,VANRYUSDT,0.00557,0.005988,7.5045,1774108972649,0.005568,14395,0.005567,7162,0.005566,7105,0.005565,18773,0.005564,17484,0.005563,18785,0.005562,17443,0.005561,11600,0.005559,11600,0.005558,11600,0.00557,13793,0.005571,154388,0.005572,44623,0.005573,32916,0.005588,20000,0.005589,11600,0.00559,26940,0.005606,21600,0.005607,12190,0.005612,11600,0.005988,10771,0.005987,3364,0.005986,8388,0.005985,22852,0.005984,22283,0.005983,57932,0.005982,22302,0.005981,17276,0.005980,18048,0.005979,44606,0.005989,7040,0.005990,3920,0.005991,1670,0.005992,20642,0.005993,17231,0.005994,31551,0.005995,25538,0.005996,17482,0.005997,20668,0.005998,66311
gate,bybit,VANRYUSDT,0.00557,0.005988,7.5045,1774108972949,0.005568,14395,0.005567,7162,0.005566,7105,0.005565,18773,0.005564,17484,0.005563,18785,0.005562,17443,0.005561,11600,0.005559,11600,0.005558,11600,0.00557,13793,0.005571,154388,0.005572,44623,0.005573,32916,0.005588,20000,0.005589,11600,0.00559,26940,0.005606,21600,0.005607,12190,0.005612,11600,0.005988,10771,0.005987,3364,0.005986,8388,0.005985,22852,0.005984,22283,0.005983,57932,0.005982,22302,0.005981,17276,0.005980,18048,0.005979,44606,0.005989,7040,0.005990,3920,0.005991,1670,0.005992,20642,0.005993,17231,0.005994,31551,0.005995,25538,0.005996,17482,0.005997,20668,0.005998,66311
gate,bybit,VANRYUSDT,0.00557,0.005988,7.5045,1774108973249,0.005567,7162,0.005566,7105,0.005565,18773,0.005564,17484,0.005563,18785,0.005562,17443,0.005561,11600,0.005559,11600,0.005558,11600,0.005557,11600,0.00557,33793,0.005571,154388,0.005572,44623,0.005573,32916,0.005588,20000,0.005589,11600,0.00559,26940,0.005606,21600,0.005607,12190,0.005612,11600,0.005988,10771,0.005987,3364,0.005986,8388,0.005985,22852,0.005984,22283,0.005983,57932,0.005982,22302,0.005981,17276,0.005980,18048,0.005979,44606,0.005989,7040,0.005990,3920,0.005991,1670,0.005992,20642,0.005993,17231,0.005994,31551,0.005995,25538,0.005996,17482,0.005997,20668,0.005998,66311
gate,bybit,VANRYUSDT,0.00557,0.005988,7.5045,1774108973551,0.005567,14268,0.005566,7105,0.005565,18773,0.005564,17484,0.005563,18785,0.005562,17443,0.005561,16122,0.005558,11600,0.005557,11600,0.005556,11600,0.00557,26900,0.005571,147163,0.005572,51848,0.005573,38288,0.005588,10000,0.005589,11600,0.00559,26940,0.005606,11600,0.005607,12190,0.005612,11600,0.005988,10771,0.005987,3364,0.005986,8388,0.005985,22852,0.005984,22283,0.005983,57932,0.005982,22302,0.005981,17276,0.005980,18048,0.005979,44606,0.005989,7040,0.005990,3920,0.005991,1670,0.005992,20642,0.005993,17231,0.005994,31551,0.005995,25538,0.005996,17482,0.005997,20668,0.005998,66311
gate,bybit,VANRYUSDT,0.00557,0.005988,7.5045,1774108973851,0.005567,14268,0.005566,7105,0.005565,18773,0.005564,17484,0.005563,18785,0.005562,17443,0.005561,16122,0.005558,11600,0.005557,11600,0.005556,11600,0.00557,26900,0.005571,147163,0.005572,51848,0.005573,38288,0.005588,10000,0.005589,11600,0.00559,26940,0.005606,11600,0.005607,12190,0.005612,11600,0.005988,10771,0.005987,3364,0.005986,8388,0.005985,22852,0.005984,22283,0.005983,57932,0.005982,22302,0.005981,17276,0.005980,18048,0.005979,44606,0.005989,7040,0.005990,3920,0.005991,1670,0.005992,20642,0.005993,17231,0.005994,31551,0.005995,25538,0.005996,17482,0.005997,20668,0.005998,66311
gate,bybit,VANRYUSDT,0.00557,0.005988,7.5045,1774108974152,0.005567,14268,0.005566,7105,0.005565,18773,0.005564,17484,0.005563,18785,0.005562,17443,0.005561,16122,0.005558,11600,0.005557,11600,0.005556,11600,0.005569,4436,0.00557,22341,0.005571,147163,0.005572,51848,0.005573,38288,0.005588,10000,0.005589,11600,0.00559,26940,0.005606,11600,0.005607,12190,0.005988,10771,0.005987,3364,0.005986,8388,0.005985,22852,0.005984,22283,0.005983,57932,0.005982,22302,0.005981,17276,0.005980,18048,0.005979,44606,0.005989,7040,0.005990,3920,0.005991,1670,0.005992,20642,0.005993,17231,0.005994,31551,0.005995,25538,0.005996,17482,0.005997,20668,0.005998,66311
gate,bybit,VANRYUSDT,0.00557,0.005988,7.5045,1774108974463,0.005568,8918,0.005567,5607,0.005566,7105,0.005565,18773,0.005564,17484,0.005563,18785,0.005562,11600,0.005561,11600,0.005558,11600,0.005557,11600,0.00557,26304,0.005571,147163,0.005572,56284,0.005573,45925,0.005588,10000,0.005589,11600,0.00559,26940,0.005606,11600,0.005607,12190,0.005612,11600,0.005988,10771,0.005987,3364,0.005986,8388,0.005985,22852,0.005984,22283,0.005983,57932,0.005982,22302,0.005981,17276,0.005980,18048,0.005979,44606,0.005989,7040,0.005990,3920,0.005991,1670,0.005992,20642,0.005993,17231,0.005994,31551,0.005995,25538,0.005996,17482,0.005997,20668,0.005998,66311
gate,bybit,VANRYUSDT,0.00557,0.005988,7.5045,1774108974777,0.005567,5607,0.005566,7105,0.005565,18773,0.005564,17484,0.005563,18785,0.005562,18819,0.005561,11600,0.005558,11600,0.005557,11600,0.005556,11600,0.00557,26304,0.005571,147163,0.005572,56284,0.005573,45925,0.005588,10000,0.005589,11600,0.00559,26940,0.005606,11600,0.005607,12190,0.005612,11600,0.005988,10771,0.005987,3364,0.005986,8388,0.005985,22852,0.005984,22283,0.005983,57932,0.005982,22302,0.005981,17276,0.005980,18048,0.005979,44606,0.005989,7040,0.005990,3920,0.005991,1670,0.005992,20642,0.005993,17231,0.005994,31551,0.005995,25538,0.005996,17482,0.005997,20668,0.005998,66311
gate,bybit,VANRYUSDT,0.00557,0.005988,7.5045,1774108975088,0.005567,5607,0.005566,7105,0.005565,18773,0.005564,17484,0.005563,18785,0.005562,18819,0.005561,11600,0.005558,11600,0.005557,11600,0.005556,11600,0.00557,26304,0.005571,147163,0.005572,66284,0.005573,45925,0.005588,10000,0.005589,11600,0.00559,26940,0.005606,11600,0.005607,12190,0.005612,11600,0.005988,10771,0.005987,1672,0.005986,8388,0.005985,21160,0.005984,22283,0.005983,57932,0.005982,22302,0.005981,17276,0.005980,18048,0.005979,44606,0.005989,15220,0.005990,3920,0.005991,3017,0.005992,20642,0.005993,17231,0.005994,31551,0.005995,25538,0.005996,17482,0.005997,20668,0.005998,66311
gate,bybit,VANRYUSDT,0.00557,0.005988,7.5045,1774108975401,0.005567,5607,0.005566,7105,0.005565,18773,0.005564,17484,0.005563,18785,0.005562,18819,0.005561,11600,0.005558,11600,0.005557,11600,0.005556,11600,0.00557,26304,0.005571,147163,0.005572,66284,0.005573,45925,0.005588,10000,0.005589,11600,0.00559,26940,0.005606,11600,0.005607,12190,0.005612,11600,0.005988,10771,0.005987,1672,0.005986,8388,0.005985,22852,0.005984,22283,0.005983,57932,0.005982,22302,0.005981,17276,0.005980,18048,0.005979,44606,0.005989,15220,0.005990,3920,0.005991,1670,0.005992,20642,0.005993,17231,0.005994,31551,0.005995,25538,0.005996,17482,0.005997,20668,0.005998,66311
gate,bybit,VANRYUSDT,0.00557,0.005988,7.5045,1774108975708,0.005567,5607,0.005566,7105,0.005565,18773,0.005564,17484,0.005563,18785,0.005562,18819,0.005561,11600,0.005558,11600,0.005557,11600,0.005556,11600,0.00557,26304,0.005571,147163,0.005572,66284,0.005573,45925,0.005589,11600,0.00559,26940,0.005606,11600,0.005607,12190,0.005612,11600,0.005613,26900,0.005988,10771,0.005987,1672,0.005986,8388,0.005985,22852,0.005984,22283,0.005983,57932,0.005982,22302,0.005981,17276,0.005980,18048,0.005979,44606,0.005989,15220,0.005990,3920,0.005991,1670,0.005992,20642,0.005993,17231,0.005994,31551,0.005995,25538,0.005996,17482,0.005997,20668,0.005998,66311
gate,bybit,VANRYUSDT,0.00557,0.005988,7.5045,1774108976018,0.005567,5607,0.005566,7105,0.005565,18773,0.005564,17484,0.005563,18785,0.005562,18819,0.005561,16078,0.005558,11600,0.005557,11600,0.005556,11600,0.00557,26304,0.005571,157163,0.005572,66284,0.005573,45925,0.005589,11600,0.00559,26940,0.005606,11600,0.005607,12190,0.005612,11600,0.005613,26900,0.005988,10771,0.005987,1672,0.005986,8388,0.005985,22852,0.005984,22283,0.005983,57932,0.005982,22302,0.005981,17276,0.005980,18048,0.005979,44606,0.005989,15220,0.005990,3920,0.005991,1670,0.005992,20642,0.005993,17231,0.005994,31551,0.005995,25538,0.005996,17482,0.005997,20668,0.005998,66311
gate,bybit,VANRYUSDT,0.00557,0.005988,7.5045,1774108976329,0.005567,5607,0.005566,7105,0.005565,18773,0.005564,17484,0.005563,18785,0.005562,18819,0.005561,16078,0.005558,11600,0.005557,11600,0.005556,11600,0.00557,26304,0.005571,157163,0.005572,66284,0.005573,45925,0.005589,11600,0.00559,26940,0.005606,11600,0.005607,12190,0.005612,11600,0.005613,26900,0.005988,10771,0.005987,1672,0.005986,8388,0.005985,22852,0.005984,22283,0.005983,57932,0.005982,22302,0.005981,17276,0.005980,18048,0.005979,44606,0.005989,15220,0.005990,3920,0.005991,1670,0.005992,20642,0.005993,17231,0.005994,31551,0.005995,25538,0.005996,17482,0.005997,20668,0.005998,66311
gate,bybit,VANRYUSDT,0.00557,0.005988,7.5045,1774108976636,0.005567,5607,0.005566,7105,0.005565,18773,0.005564,17484,0.005563,18785,0.005562,18819,0.005561,16078,0.005557,11600,0.005556,11600,0.005555,11600,0.00557,26304,0.005571,157163,0.005572,56284,0.005573,45925,0.005589,11600,0.00559,26940,0.005606,11600,0.005607,12190,0.005612,11600,0.005613,26900,0.005988,10771,0.005987,1672,0.005986,8388,0.005985,22852,0.005984,22283,0.005983,57932,0.005982,22302,0.005981,17276,0.005980,18048,0.005979,44606,0.005989,15220,0.005990,3920,0.005991,1670,0.005992,20642,0.005993,17231,0.005994,31551,0.005995,25538,0.005996,17482,0.005997,20668,0.005998,66311
gate,bybit,VANRYUSDT,0.00557,0.005988,7.5045,1774108976936,0.005567,5607,0.005566,7105,0.005565,18773,0.005564,17484,0.005563,18785,0.005562,18819,0.005561,16078,0.005557,11600,0.005556,11600,0.005555,11600,0.00557,26304,0.005571,157163,0.005572,56284,0.005573,45925,0.005589,11600,0.00559,26940,0.005606,11600,0.005607,12190,0.005612,11600,0.005613,26900,0.005988,10771,0.005987,1672,0.005986,8388,0.005985,22852,0.005984,22283,0.005983,57932,0.005982,22302,0.005981,17276,0.005980,18048,0.005979,44606,0.005989,15220,0.005990,3920,0.005991,1670,0.005992,20642,0.005993,17231,0.005994,31551,0.005995,25538,0.005996,17482,0.005997,20668,0.005998,66311
gate,bybit,VANRYUSDT,0.00557,0.005988,7.5045,1774108977243,0.005567,5607,0.005566,7105,0.005565,18773,0.005564,17484,0.005563,18785,0.005562,18819,0.005561,16078,0.005557,11600,0.005556,11600,0.005555,11600,0.00557,26304,0.005571,157163,0.005572,56284,0.005573,45925,0.005589,11600,0.00559,26940,0.005606,11600,0.005607,12190,0.005612,11600,0.005613,26900,0.005988,10771,0.005987,1672,0.005986,8388,0.005985,22852,0.005984,22283,0.005983,57932,0.005982,22302,0.005981,17276,0.005980,18048,0.005979,44606,0.005989,15220,0.005990,3920,0.005991,1670,0.005992,20642,0.005993,17231,0.005994,31551,0.005995,25538,0.005996,17482,0.005997,20668,0.005998,66311
gate,bybit,VANRYUSDT,0.00557,0.005988,7.5045,1774108977544,0.005567,5607,0.005566,7105,0.005565,18773,0.005564,17484,0.005563,18785,0.005562,18819,0.005561,16078,0.005557,11600,0.005556,11600,0.005555,11600,0.00557,26304,0.005571,157163,0.005572,56284,0.005573,45925,0.005589,11600,0.00559,26940,0.005606,11600,0.005607,12190,0.005612,11600,0.005613,26900,0.005988,10771,0.005987,1672,0.005986,8388,0.005985,22852,0.005984,22283,0.005983,57932,0.005982,22302,0.005981,17276,0.005980,18048,0.005979,44606,0.005989,15220,0.005990,3920,0.005991,1670,0.005992,20642,0.005993,17231,0.005994,31551,0.005995,25538,0.005996,17482,0.005997,20668,0.005998,66311
gate,bybit,VANRYUSDT,0.00557,0.005988,7.5045,1774108977844,0.005567,5607,0.005566,7105,0.005565,18773,0.005564,17484,0.005563,18785,0.005562,18819,0.005561,16078,0.005557,11600,0.005556,11600,0.005555,11600,0.00557,26304,0.005571,157163,0.005572,56284,0.005573,45925,0.005589,11600,0.00559,26940,0.005606,11600,0.005607,12190,0.005612,11600,0.005613,26900,0.005988,10771,0.005987,1672,0.005986,8388,0.005985,22852,0.005984,22283,0.005983,57932,0.005982,22302,0.005981,17276,0.005980,18048,0.005979,44606,0.005989,15437,0.005990,3819,0.005991,1670,0.005992,20642,0.005993,17231,0.005994,31551,0.005995,25538,0.005996,17482,0.005997,20668,0.005998,66311
gate,bybit,VANRYUSDT,0.00557,0.005988,7.5045,1774108978145,0.005567,5607,0.005566,7105,0.005565,18773,0.005564,17484,0.005563,18785,0.005562,18819,0.005561,16078,0.005557,11600,0.005556,11600,0.005555,11600,0.00557,26304,0.005571,157163,0.005572,56284,0.005573,45925,0.005589,11600,0.00559,26940,0.005606,11600,0.005607,12190,0.005612,11600,0.005613,26900,0.005988,10771,0.005987,1672,0.005986,8388,0.005985,22852,0.005984,22283,0.005983,57932,0.005982,22302,0.005981,17276,0.005980,18048,0.005979,44606,0.005989,15437,0.005990,3819,0.005991,1670,0.005992,20642,0.005993,17231,0.005994,31551,0.005995,25538,0.005996,17482,0.005997,20668,0.005998,66311
gate,bybit,VANRYUSDT,0.00557,0.005988,7.5045,1774108978446,0.005567,5607,0.005566,7105,0.005565,18773,0.005564,17484,0.005563,18785,0.005562,18819,0.005561,16078,0.005557,11600,0.005556,11600,0.005555,11600,0.00557,26304,0.005571,157163,0.005572,56284,0.005573,45925,0.005589,11600,0.00559,26940,0.005606,11600,0.005607,12190,0.005612,11600,0.005613,26900,0.005988,10771,0.005987,1672,0.005986,8388,0.005985,22852,0.005984,22283,0.005983,57932,0.005982,22302,0.005981,17276,0.005980,18048,0.005979,44606,0.005989,15437,0.005990,3819,0.005991,1670,0.005992,20642,0.005993,17231,0.005994,31551,0.005995,25538,0.005996,17482,0.005997,20668,0.005998,66311
gate,bybit,VANRYUSDT,0.00557,0.005988,7.5045,1774108978746,0.005567,5607,0.005566,7105,0.005565,18773,0.005564,17484,0.005563,18785,0.005562,18819,0.005561,16078,0.005557,11600,0.005556,11600,0.005555,11600,0.00557,26304,0.005571,157163,0.005572,56284,0.005573,45925,0.005589,11600,0.00559,26940,0.005606,11600,0.005607,12190,0.005612,11600,0.005613,26900,0.005988,10771,0.005987,1672,0.005986,8388,0.005985,22852,0.005984,22283,0.005983,57932,0.005982,22302,0.005981,17276,0.005980,18048,0.005979,44606,0.005989,15437,0.005990,3819,0.005991,1670,0.005992,20642,0.005993,17231,0.005994,31551,0.005995,25538,0.005996,17482,0.005997,20668,0.005998,66311
gate,bybit,VANRYUSDT,0.00557,0.005988,7.5045,1774108979048,0.005567,5607,0.005566,7105,0.005565,18773,0.005564,17484,0.005563,18785,0.005562,18819,0.005561,16078,0.005557,11600,0.005556,11600,0.005555,11600,0.00557,26304,0.005571,157163,0.005572,56284,0.005573,45925,0.005589,11600,0.00559,26940,0.005606,11600,0.005607,12190,0.005612,11600,0.005613,26900,0.005988,10771,0.005987,1672,0.005986,8388,0.005985,22852,0.005984,22283,0.005983,57932,0.005982,22302,0.005981,17276,0.005980,18048,0.005979,44606,0.005989,15437,0.005990,3819,0.005991,1670,0.005992,20642,0.005993,17231,0.005994,31551,0.005995,25538,0.005996,17482,0.005997,20668,0.005998,66311
gate,bybit,VANRYUSDT,0.00557,0.005988,7.5045,1774108979348,0.005567,5607,0.005566,7105,0.005565,18773,0.005564,17484,0.005563,18785,0.005562,18819,0.005561,16078,0.005557,11600,0.005556,11600,0.005555,11600,0.00557,26304,0.005571,157163,0.005572,56284,0.005573,45925,0.005589,11600,0.00559,26940,0.005606,11600,0.005607,12190,0.005612,11600,0.005613,26900,0.005988,12429,0.005987,3364,0.005986,8388,0.005985,22852,0.005984,23975,0.005983,57932,0.005982,22302,0.005981,17276,0.005980,18048,0.005979,44606,0.005989,7257,0.005990,3819,0.005991,1670,0.005992,20642,0.005993,17231,0.005994,31551,0.005995,25538,0.005996,17482,0.005997,20668,0.005998,66311
