spot_exch,fut_exch,symbol,ask_spot,bid_futures,spread_pct,ts,s_b1,s_b2,s_b3,s_b4,s_b5,s_b6,s_b7,s_b8,s_b9,s_b10,s_bq1,s_bq2,s_bq3,s_bq4,s_bq5,s_bq6,s_bq7,s_bq8,s_bq9,s_bq10,s_a1,s_a2,s_a3,s_a4,s_a5,s_a6,s_a7,s_a8,s_a9,s_a10,s_aq1,s_aq2,s_aq3,s_aq4,s_aq5,s_aq6,s_aq7,s_aq8,s_aq9,s_aq10,f_b1,f_b2,f_b3,f_b4,f_b5,f_b6,f_b7,f_b8,f_b9,f_b10,f_bq1,f_bq2,f_bq3,f_bq4,f_bq5,f_bq6,f_bq7,f_bq8,f_bq9,f_bq10,f_a1,f_a2,f_a3,f_a4,f_a5,f_a6,f_a7,f_a8,f_a9,f_a10,f_aq1,f_aq2,f_aq3,f_aq4,f_aq5,f_aq6,f_aq7,f_aq8,f_aq9,f_aq10
gate,binance,ICNTUSDT,0.358,0.3562000,-0.5028,1774108908000,,,,,,,,,,,,,,,,,,,,,,,,,,,,,,,,,,,,,,,,,0.3562000,93,0.3561000,350,0.3560000,184,0.3559000,169,0.3558000,638,0.3557000,1366,0.3556000,1291,0.3555000,2371,0.3554000,1516,0.3553000,1336,0.3564000,351,0.3565000,199,0.3566000,351,0.3567000,632,0.3568000,1010,0.3569000,1289,0.3570000,1637,0.3571000,1051,0.3572000,1160,0.3573000,432
gate,binance,ICNTUSDT,0.35792,0.3561000,-0.5085,1774108909000,,,,,,,,,,,,,,,,,,,,,,,,,,,,,,,,,,,,,,,,,0.3562000,93,0.3561000,56,0.3560000,184,0.3559000,169,0.3558000,638,0.3557000,1366,0.3556000,1291,0.3555000,2371,0.3554000,1516,0.3553000,1336,0.3563000,122,0.3564000,249,0.3565000,184,0.3566000,351,0.3567000,632,0.3568000,886,0.3569000,1289,0.3570000,1730,0.3571000,1015,0.3572000,1160
gate,binance,ICNTUSDT,0.35792,0.3560000,-0.5364,1774108910000,,,,,,,,,,,,,,,,,,,,,,,,,,,,,,,,,,,,,,,,,0.3561000,149,0.3560000,184,0.3559000,169,0.3558000,638,0.3557000,457,0.3556000,1509,0.3555000,2371,0.3554000,1516,0.3553000,1336,0.3552000,1263,0.3563000,122,0.3564000,249,0.3565000,184,0.3566000,351,0.3567000,632,0.3568000,886,0.3569000,1289,0.3570000,1730,0.3571000,1015,0.3572000,1160
gate,binance,ICNTUSDT,0.358,0.3561000,-0.5307,1774108914000,0.3579,45,0.35761,435,0.3576,489,0.35757,258,0.35755,145,0.35734,102,0.35733,1399,0.3572,92,0.35699,26,0.35691,28,0.35794,157,0.35796,560,0.35798,92,0.358,307,0.35807,27,0.3585,124,0.35867,6262,0.35868,20979,0.35872,124,0.35877,65,0.3561000,527,0.3560000,704,0.3559000,449,0.3558000,640,0.3557000,1082,0.3556000,1155,0.3555000,2371,0.3554000,1194,0.3553000,1319,0.3552000,1263,0.3565000,49,0.3566000,61,0.3567000,88,0.3568000,869,0.3569000,1186,0.3570000,1426,0.3571000,962,0.3572000,1464,0.3573000,432,0.3574000,920
gate,binance,ICNTUSDT,0.35832,0.3561000,-0.6196,1774108915000,0.35792,126,0.3579,45,0.35762,102,0.35761,435,0.3576,489,0.35754,1398,0.35699,26,0.35694,129,0.35691,28,0.35682,100,0.35835,126,0.3587,94,0.35872,124,0.35899,92,0.359,309,0.35901,12277,0.35906,3835,0.35908,115,0.35927,65,0.35932,3650,0.3561000,617,0.3560000,1066,0.3559000,486,0.3558000,640,0.3557000,557,0.3556000,1155,0.3555000,2371,0.3554000,871,0.3553000,1319,0.3552000,1263,0.3565000,49,0.3566000,61,0.3567000,353,0.3568000,733,0.3569000,950,0.3570000,970,0.3571000,1055,0.3572000,1141,0.3573000,432,0.3574000,920
gate,binance,ICNTUSDT,0.3586,0.3563000,-0.6414,1774108917000,0.35809,553,0.35791,102,0.35787,280,0.35763,1398,0.35761,435,0.3576,489,0.35752,24,0.35736,106,0.35698,100,0.35697,20930,0.3586,190,0.35861,27,0.35893,118,0.35895,163,0.35921,20942,0.35927,65,0.35932,3650,0.35939,174,0.35943,20930,0.35951,146,0.3563000,232,0.3562000,145,0.3561000,494,0.3560000,1360,0.3559000,806,0.3558000,740,0.3557000,1051,0.3556000,1717,0.3555000,966,0.3554000,1089,0.3566000,31,0.3567000,136,0.3568000,482,0.3569000,662,0.3570000,970,0.3571000,1055,0.3572000,1141,0.3573000,774,0.3574000,903,0.3575000,1115
gate,binance,ICNTUSDT,0.35847,0.3565000,-0.5496,1774108920000,0.3581,164,0.35793,206,0.35791,102,0.35789,280,0.35787,280,0.35768,1397,0.35761,435,0.3576,489,0.35752,24,0.3575,130,0.35848,84,0.35849,280,0.35861,27,0.35913,67,0.35914,226,0.35921,20942,0.35927,65,0.35939,174,0.35943,41860,0.35951,146,0.3564000,232,0.3563000,139,0.3562000,185,0.3561000,436,0.3560000,1360,0.3559000,551,0.3558000,740,0.3557000,1051,0.3556000,1717,0.3555000,966,0.3566000,31,0.3567000,136,0.3568000,119,0.3569000,591,0.3570000,969,0.3571000,962,0.3572000,1228,0.3573000,867,0.3574000,903,0.3575000,963
gate,binance,ICNTUSDT,0.35835,0.3565000,-0.5163,1774108921000,0.35786,152,0.35764,100,0.35763,102,0.35758,1398,0.35752,24,0.3575,130,0.35698,100,0.35697,20930,0.35694,129,0.35691,28,0.35835,209,0.35861,27,0.3588,129,0.35914,105,0.3592,6251,0.35921,20942,0.35927,65,0.35939,174,0.35951,146,0.35954,204,0.3564000,93,0.3563000,170,0.3562000,170,0.3561000,436,0.3560000,1360,0.3559000,938,0.3558000,740,0.3557000,1023,0.3556000,1717,0.3555000,983,0.3566000,128,0.3567000,103,0.3568000,291,0.3569000,591,0.3570000,969,0.3571000,990,0.3572000,1228,0.3573000,967,0.3574000,884,0.3575000,814
gate,binance,ICNTUSDT,0.35807,0.3564000,-0.4664,1774108923000,0.3581,533,0.35795,486,0.35789,280,0.35772,102,0.35771,1397,0.35752,24,0.3575,97,0.35698,100,0.35697,20930,0.35694,129,0.35839,140,0.3584,84,0.35841,280,0.35842,156,0.35843,560,0.35861,27,0.3588,129,0.35915,133,0.3592,6251,0.35921,20942,0.3565000,8,0.3564000,93,0.3563000,170,0.3562000,170,0.3561000,436,0.3560000,1360,0.3559000,938,0.3558000,740,0.3557000,1015,0.3556000,1717,0.3567000,321,0.3568000,236,0.3569000,662,0.3570000,1217,0.3571000,1053,0.3572000,1243,0.3573000,955,0.3574000,945,0.3575000,814,0.3576000,2638
gate,binance,ICNTUSDT,0.35826,0.3562000,-0.575,1774108924000,0.35785,129,0.35761,102,0.3576,1398,0.35752,24,0.3575,97,0.35698,100,0.35697,20930,0.35691,28,0.35689,20942,0.35681,20992,0.35831,137,0.35861,27,0.35891,127,0.35915,133,0.3592,6251,0.35921,20942,0.35927,65,0.3593,20937,0.35932,20936,0.35939,174,0.3562000,16,0.3561000,124,0.3560000,1360,0.3559000,562,0.3558000,1091,0.3557000,888,0.3556000,1717,0.3555000,966,0.3554000,981,0.3553000,2209,0.3566000,140,0.3567000,351,0.3568000,747,0.3569000,662,0.3570000,1217,0.3571000,1397,0.3572000,1243,0.3573000,955,0.3574000,945,0.3575000,844
gate,binance,ICNTUSDT,0.35834,0.3561000,-0.6251,1774108925000,0.35782,280,0.35781,355,0.35761,102,0.3576,1398,0.35752,24,0.3575,97,0.35698,100,0.35697,20930,0.35691,28,0.35689,20942,0.35834,151,0.35861,27,0.35891,127,0.3592,6251,0.35921,20942,0.35927,65,0.3593,20937,0.35932,20936,0.35939,174,0.35951,146,0.3563000,4,0.3562000,1,0.3561000,177,0.3560000,1320,0.3559000,562,0.3558000,1091,0.3557000,888,0.3556000,1717,0.3555000,966,0.3554000,1048,0.3566000,251,0.3567000,525,0.3568000,818,0.3569000,690,0.3570000,1146,0.3571000,1397,0.3572000,1200,0.3573000,955,0.3574000,945,0.3575000,844
gate,binance,ICNTUSDT,0.35783,0.3558000,-0.5673,1774108926000,0.35752,24,0.35718,134,0.35717,150,0.35692,97,0.35691,28,0.35674,100,0.35673,301,0.35666,267,0.35658,40,0.35652,9205,0.35784,327,0.35788,280,0.35859,181,0.35861,27,0.35877,20968,0.35891,127,0.35893,95,0.35911,14137,0.35927,65,0.35939,174,0.3557000,140,0.3556000,284,0.3555000,504,0.3554000,889,0.3553000,640,0.3552000,1023,0.3551000,2225,0.3550000,1130,0.3549000,1178,0.3548000,2371,0.3560000,140,0.3561000,15,0.3562000,1709,0.3563000,430,0.3564000,886,0.3565000,546,0.3566000,636,0.3567000,821,0.3568000,1387,0.3569000,1061
gate,binance,ICNTUSDT,0.35783,0.3556000,-0.6232,1774108927000,0.35753,404,0.35752,24,0.3571,124,0.35693,40,0.35692,97,0.35691,28,0.35674,100,0.35673,301,0.35666,267,0.35653,100,0.35784,99,0.35788,280,0.35859,181,0.35861,27,0.35873,20970,0.35874,104,0.35877,20968,0.35891,127,0.35893,95,0.35906,4556,0.3556000,269,0.3555000,244,0.3554000,629,0.3553000,376,0.3552000,1023,0.3551000,2253,0.3550000,1130,0.3549000,1161,0.3548000,2371,0.3547000,1012,0.3557000,261,0.3558000,15,0.3559000,16,0.3560000,398,0.3561000,259,0.3562000,1686,0.3563000,430,0.3564000,914,0.3565000,562,0.3566000,956
gate,binance,ICNTUSDT,0.35756,0.3555000,-0.5761,1774108929000,0.35731,150,0.35728,280,0.35727,288,0.35711,97,0.3571,124,0.35699,29,0.35691,28,0.35674,100,0.35673,301,0.35666,267,0.35769,137,0.35772,99,0.35807,27,0.35836,127,0.35841,131,0.35859,181,0.35862,20977,0.35873,20970,0.35874,104,0.35877,20968,0.3555000,96,0.3554000,954,0.3553000,31,0.3552000,741,0.3551000,2253,0.3550000,1145,0.3549000,960,0.3548000,2371,0.3547000,1012,0.3546000,1279,0.3556000,22,0.3557000,15,0.3558000,31,0.3560000,405,0.3561000,540,0.3562000,1757,0.3563000,1222,0.3564000,886,0.3565000,1011,0.3566000,1032
gate,binance,ICNTUSDT,0.35771,0.3556000,-0.5899,1774108930000,0.35728,239,0.35723,370,0.35721,97,0.3572,315,0.35699,29,0.35691,28,0.35685,129,0.35674,100,0.35673,301,0.35666,267,0.35771,280,0.35778,176,0.35779,99,0.35807,27,0.35836,127,0.35841,131,0.35862,20977,0.35873,20970,0.35874,104,0.35891,127,0.3556000,140,0.3555000,189,0.3554000,1072,0.3553000,405,0.3552000,1143,0.3551000,1960,0.3550000,1427,0.3549000,977,0.3548000,2371,0.3547000,1074,0.3560000,147,0.3561000,155,0.3562000,290,0.3563000,677,0.3564000,919,0.3565000,1062,0.3566000,760,0.3567000,1613,0.3568000,2644,0.3569000,706
gate,binance,ICNTUSDT,0.35774,0.3559000,-0.5143,1774108932000,0.35745,151,0.35741,297,0.35739,477,0.35726,97,0.35724,410,0.35723,370,0.35699,29,0.35691,28,0.35685,129,0.35674,100,0.35769,99,0.3577,84,0.35771,280,0.35774,84,0.35775,560,0.35807,27,0.35835,130,0.35859,6262,0.3586,20978,0.35862,20977,0.3560000,136,0.3559000,255,0.3558000,279,0.3557000,410,0.3556000,763,0.3555000,351,0.3554000,974,0.3553000,505,0.3552000,2694,0.3551000,1678,0.3563000,247,0.3564000,363,0.3565000,786,0.3566000,743,0.3567000,1346,0.3568000,2642,0.3569000,1291,0.3570000,1298,0.3571000,2118,0.3572000,854
gate,binance,ICNTUSDT,0.35806,0.3559000,-0.6033,1774108933000,0.35727,188,0.35724,410,0.35723,667,0.357,97,0.35699,29,0.35691,28,0.35674,100,0.35673,301,0.35667,100,0.35666,267,0.35764,99,0.35765,55,0.35807,27,0.35828,100,0.35835,130,0.35859,6262,0.3586,20978,0.35861,6391,0.35862,20977,0.35873,20970,0.3559000,409,0.3558000,264,0.3557000,156,0.3556000,763,0.3555000,351,0.3554000,998,0.3553000,786,0.3552000,2677,0.3551000,1396,0.3550000,1162,0.3562000,151,0.3563000,247,0.3564000,617,0.3565000,786,0.3566000,743,0.3567000,1346,0.3568000,2642,0.3569000,1291,0.3570000,1298,0.3571000,2118
gate,binance,ICNTUSDT,0.35785,0.3560000,-0.517,1774108934000,0.35742,131,0.35741,344,0.35738,288,0.35729,97,0.35724,410,0.35723,370,0.35699,29,0.35691,28,0.35674,100,0.35673,301,0.35785,99,0.35806,201,0.35807,27,0.35827,264,0.35828,100,0.35859,6262,0.3586,20978,0.35861,6391,0.35862,20977,0.35873,20970,0.3560000,251,0.3558000,904,0.3557000,411,0.3556000,763,0.3555000,706,0.3554000,647,0.3553000,864,0.3552000,2677,0.3551000,1396,0.3550000,1162,0.3563000,247,0.3564000,363,0.3565000,693,0.3566000,743,0.3567000,1439,0.3568000,1387,0.3569000,1291,0.3570000,1298,0.3571000,2135,0.3572000,1155
gate,binance,ICNTUSDT,0.35791,0.3560000,-0.5337,1774108937000,0.35743,155,0.35741,280,0.3574,197,0.35738,288,0.35725,97,0.35699,29,0.35693,94,0.35691,28,0.35667,100,0.35666,267,0.35792,148,0.35807,27,0.35825,131,0.35851,125,0.3587,20972,0.35871,20972,0.35872,6291,0.35873,20970,0.35893,95,0.35906,4556,0.3559000,202,0.3558000,889,0.3557000,226,0.3556000,1057,0.3555000,351,0.3554000,675,0.3553000,977,0.3552000,2280,0.3551000,1396,0.3550000,840,0.3561000,2,0.3562000,51,0.3563000,156,0.3564000,643,0.3565000,615,0.3566000,697,0.3567000,1496,0.3568000,1487,0.3569000,1313,0.3570000,1599
gate,binance,ICNTUSDT,0.3578,0.3559000,-0.531,1774108938000,0.35755,153,0.35743,310,0.35741,280,0.3574,197,0.357,97,0.35699,29,0.35693,94,0.35691,28,0.35667,100,0.35666,267,0.3578,99,0.35784,84,0.35785,280,0.35807,27,0.35825,131,0.35867,101,0.3587,20972,0.35871,20972,0.35872,6291,0.35873,20970,0.3560000,389,0.3559000,218,0.3558000,811,0.3557000,466,0.3556000,1057,0.3555000,351,0.3554000,675,0.3553000,977,0.3552000,1998,0.3551000,1413,0.3563000,156,0.3564000,388,0.3565000,608,0.3566000,697,0.3567000,1496,0.3568000,1487,0.3569000,1313,0.3570000,1298,0.3571000,2135,0.3572000,1268
gate,binance,ICNTUSDT,0.3578,0.3560000,-0.5031,1774108941000,0.35763,27,0.3575,631,0.35749,477,0.35743,310,0.357,97,0.35699,29,0.35675,100,0.35674,124,0.35667,100,0.35666,267,0.3578,99,0.35784,231,0.35785,280,0.35786,560,0.35807,27,0.3583,132,0.35869,6260,0.3587,20972,0.35871,20999,0.35872,6291,0.3560000,184,0.3559000,167,0.3558000,811,0.3557000,787,0.3556000,1057,0.3555000,351,0.3554000,775,0.3553000,977,0.3552000,1716,0.3551000,1108,0.3562000,2,0.3563000,31,0.3564000,388,0.3565000,571,0.3566000,722,0.3567000,1346,0.3568000,1165,0.3569000,1369,0.3570000,1298,0.3571000,880
gate,binance,ICNTUSDT,0.3578,0.3560000,-0.5031,1774108944000,0.35763,27,0.3575,347,0.35748,281,0.35747,477,0.35743,310,0.35716,97,0.35715,90,0.35699,29,0.35667,100,0.35666,267,0.3578,99,0.35784,231,0.35785,280,0.35786,560,0.35807,27,0.35829,44,0.3583,147,0.35863,119,0.35869,6260,0.3587,20972,0.3560000,118,0.3559000,167,0.3558000,811,0.3557000,533,0.3556000,1057,0.3555000,351,0.3554000,775,0.3553000,977,0.3552000,1716,0.3551000,1108,0.3561000,2,0.3562000,15,0.3563000,297,0.3564000,388,0.3565000,571,0.3566000,722,0.3567000,1361,0.3568000,1165,0.3569000,1327,0.3570000,1298
gate,binance,ICNTUSDT,0.35807,0.3561000,-0.5502,1774108945000,0.35764,196,0.35763,27,0.35756,258,0.3575,446,0.35743,310,0.35721,123,0.35699,29,0.35678,20959,0.35666,267,0.35652,9205,0.35807,27,0.35808,280,0.35863,119,0.35871,27,0.35893,95,0.35897,20959,0.35906,4556,0.35911,14137,0.35927,65,0.35939,174,0.3561000,137,0.3560000,445,0.3559000,371,0.3558000,1409,0.3557000,787,0.3556000,1090,0.3555000,994,0.3554000,1309,0.3553000,977,0.3552000,1353,0.3564000,155,0.3565000,46,0.3566000,220,0.3567000,1008,0.3568000,1211,0.3569000,1234,0.3570000,1373,0.3571000,1222,0.3572000,1268,0.3573000,447
gate,binance,ICNTUSDT,0.35807,0.3563000,-0.4943,1774108946000,0.35782,154,0.35765,258,0.35763,27,0.35751,99,0.3575,347,0.35743,310,0.35721,123,0.357,100,0.35699,29,0.35679,100,0.35807,111,0.35808,280,0.35863,119,0.35871,27,0.35893,21054,0.35897,20959,0.35906,4556,0.35911,14137,0.35927,65,0.35939,174,0.3563000,288,0.3562000,213,0.3561000,168,0.3560000,35,0.3559000,667,0.3558000,1409,0.3557000,897,0.3556000,1752,0.3555000,1275,0.3554000,1326,0.3565000,155,0.3566000,220,0.3567000,222,0.3568000,736,0.3569000,1234,0.3570000,1891,0.3571000,1222,0.3572000,1305,0.3573000,447,0.3574000,772
gate,binance,ICNTUSDT,0.35807,0.3563000,-0.4943,1774108948000,0.35782,437,0.35776,840,0.35765,258,0.35763,126,0.3575,347,0.35743,310,0.35722,124,0.357,100,0.35699,29,0.35688,100,0.35807,111,0.35808,280,0.35812,167,0.35813,560,0.35871,27,0.35876,156,0.35893,20959,0.35897,20959,0.35902,20953,0.35906,4556,0.3563000,93,0.3562000,213,0.3561000,168,0.3560000,35,0.3559000,667,0.3558000,1409,0.3557000,957,0.3556000,1752,0.3555000,1275,0.3554000,1326,0.3564000,139,0.3565000,226,0.3566000,182,0.3567000,502,0.3568000,775,0.3569000,1327,0.3570000,991,0.3571000,1222,0.3572000,1285,0.3573000,447
gate,binance,ICNTUSDT,0.35808,0.3562000,-0.525,1774108950000,0.35782,437,0.35776,840,0.35765,258,0.35763,126,0.3575,347,0.35743,310,0.35722,124,0.357,100,0.35699,29,0.35688,100,0.35807,111,0.35808,280,0.35812,167,0.35813,560,0.35871,27,0.35875,47,0.35876,156,0.35892,6256,0.35893,20959,0.35896,6286,0.3562000,131,0.3561000,126,0.3560000,416,0.3559000,386,0.3558000,1409,0.3557000,847,0.3556000,1190,0.3555000,1275,0.3554000,1326,0.3553000,990,0.3565000,228,0.3566000,157,0.3567000,828,0.3568000,846,0.3569000,1327,0.3570000,991,0.3571000,1266,0.3572000,1285,0.3573000,447,0.3574000,772
gate,binance,ICNTUSDT,0.35843,0.3563000,-0.5943,1774108951000,0.35795,133,0.35782,437,0.35763,27,0.35752,27,0.3575,347,0.35743,310,0.357,100,0.35688,100,0.35687,20953,0.35686,502,0.35844,154,0.35861,27,0.35871,27,0.35897,98,0.35902,20953,0.35907,97,0.35911,14137,0.35927,65,0.35944,316,0.35955,133,0.3563000,139,0.3562000,264,0.3561000,392,0.3560000,1018,0.3559000,740,0.3558000,1409,0.3557000,1768,0.3556000,1491,0.3555000,1107,0.3554000,1045,0.3566000,47,0.3567000,237,0.3568000,577,0.3569000,1074,0.3570000,991,0.3571000,1311,0.3572000,1285,0.3573000,430,0.3574000,772,0.3575000,909
gate,binance,ICNTUSDT,0.35844,0.3564000,-0.5691,1774108952000,0.35795,133,0.3579,280,0.35776,99,0.35775,226,0.35763,27,0.35752,27,0.35721,125,0.35688,100,0.35687,20953,0.35686,502,0.35844,153,0.35861,27,0.35871,27,0.35897,98,0.35901,6254,0.35902,20953,0.35907,97,0.35911,14137,0.35926,20939,0.35927,65,0.3564000,205,0.3563000,170,0.3562000,263,0.3561000,631,0.3560000,739,0.3559000,1021,0.3558000,1522,0.3557000,1768,0.3556000,1491,0.3555000,994,0.3566000,47,0.3567000,237,0.3568000,299,0.3569000,512,0.3570000,991,0.3571000,1476,0.3572000,1285,0.3573000,789,0.3574000,772,0.3575000,909
gate,binance,ICNTUSDT,0.35779,0.3563000,-0.4164,1774108953000,0.35731,51,0.35721,125,0.35687,97,0.35686,502,0.35674,502,0.35668,372,0.35652,9344,0.35651,4134,0.35648,502,0.35636,1388,0.3578,154,0.35841,99,0.35861,27,0.35871,27,0.35897,98,0.35907,97,0.35911,14137,0.35927,65,0.35944,316,0.35955,133,0.3553000,135,0.3552000,417,0.3551000,614,0.3550000,572,0.3549000,1364,0.3548000,973,0.3547000,1972,0.3546000,1883,0.3545000,723,0.3544000,974,0.3557000,85,0.3558000,185,0.3559000,254,0.3560000,982,0.3561000,965,0.3562000,1024,0.3563000,1233,0.3564000,1388,0.3565000,1349,0.3566000,533
gate,binance,ICNTUSDT,0.35758,0.3553000,-0.6376,1774108954000,0.35721,125,0.35715,87,0.35699,29,0.35687,97,0.35674,502,0.35668,372,0.35652,9344,0.35651,4134,0.35648,502,0.35636,1388,0.35758,153,0.35773,99,0.35794,20,0.35807,27,0.35816,121,0.35824,111,0.35862,20977,0.35871,27,0.35897,98,0.35907,97,0.3554000,113,0.3553000,464,0.3552000,756,0.3551000,31,0.3550000,511,0.3549000,1107,0.3548000,956,0.3547000,2254,0.3546000,1629,0.3545000,1052,0.3556000,135,0.3557000,157,0.3558000,392,0.3559000,535,0.3560000,1377,0.3561000,644,0.3562000,1123,0.3563000,1250,0.3564000,1082,0.3565000,1273
gate,binance,ICNTUSDT,0.35723,0.3551000,-0.5963,1774108955000,0.35687,134,0.35677,55,0.35675,895,0.35674,502,0.35653,97,0.35652,139,0.3565,121,0.35645,30,0.35618,1544,0.35614,20986,0.35723,99,0.35724,154,0.35753,28,0.35785,119,0.35794,20,0.35816,121,0.35824,111,0.35861,10111,0.35871,27,0.35897,98,0.3551000,16,0.3550000,166,0.3549000,849,0.3548000,556,0.3547000,692,0.3546000,1034,0.3545000,1005,0.3544000,2137,0.3543000,1070,0.3542000,1810,0.3554000,269,0.3555000,274,0.3556000,706,0.3557000,509,0.3558000,1366,0.3559000,285,0.3560000,1704,0.3561000,1675,0.3562000,1045,0.3563000,1551
gate,binance,ICNTUSDT,0.35714,0.3550000,-0.5992,1774108956000,0.35676,172,0.35674,281,0.35663,55,0.35651,97,0.3565,121,0.35645,30,0.35614,20986,0.35607,1464,0.35604,704,0.35603,1224,0.35714,128,0.35715,99,0.35753,28,0.3576,101,0.35785,119,0.35794,20,0.35807,21009,0.35816,121,0.35824,111,0.35838,11815,0.3551000,16,0.3550000,124,0.3549000,920,0.3548000,572,0.3547000,599,0.3546000,1034,0.3545000,1005,0.3544000,2137,0.3543000,1070,0.3542000,1810,0.3554000,166,0.3555000,274,0.3556000,706,0.3557000,525,0.3558000,1361,0.3559000,285,0.3560000,1704,0.3561000,1675,0.3562000,1061,0.3563000,1551
gate,binance,ICNTUSDT,0.35699,0.3550000,-0.5574,1774108957000,0.35672,399,0.3566,77,0.3565,121,0.35645,30,0.35616,97,0.35615,100,0.35603,1224,0.35596,1205,0.35585,42021,0.35584,518,0.357,139,0.35713,99,0.35753,28,0.3576,223,0.35785,119,0.35794,20,0.35802,21012,0.35807,21009,0.35816,121,0.35824,111,0.3550000,109,0.3549000,553,0.3548000,885,0.3547000,249,0.3546000,750,0.3545000,464,0.3544000,1893,0.3543000,1019,0.3542000,1776,0.3541000,1462,0.3551000,201,0.3552000,1557,0.3553000,34,0.3554000,439,0.3555000,274,0.3556000,1079,0.3557000,518,0.3558000,1078,0.3559000,956,0.3560000,1721
gate,binance,ICNTUSDT,0.35705,0.3550000,-0.5741,1774108958000,0.35672,399,0.3566,77,0.35646,97,0.35645,30,0.3561,127,0.35597,100,0.35596,1205,0.35586,100,0.35585,42021,0.35584,518,0.35705,99,0.35706,135,0.35753,28,0.3576,223,0.35793,21017,0.35794,20,0.35802,21012,0.35807,21009,0.35824,111,0.35838,11815,0.3550000,109,0.3549000,124,0.3548000,364,0.3547000,249,0.3546000,750,0.3545000,536,0.3544000,1993,0.3543000,867,0.3542000,1776,0.3541000,1462,0.3552000,1542,0.3553000,46,0.3554000,522,0.3555000,643,0.3556000,1130,0.3557000,518,0.3558000,1078,0.3559000,1033,0.3560000,1721,0.3561000,1692
gate,binance,ICNTUSDT,0.35702,0.3550000,-0.5658,1774108959000,0.35647,214,0.35645,30,0.35629,69,0.3561,127,0.35597,100,0.35586,100,0.35585,42021,0.35584,518,0.35583,387,0.35576,1224,0.35702,138,0.35703,99,0.35753,28,0.3576,223,0.35793,21017,0.35794,20,0.35802,21012,0.35807,21009,0.35824,111,0.35844,10481,0.3550000,16,0.3549000,124,0.3548000,386,0.3547000,249,0.3546000,750,0.3545000,536,0.3544000,1993,0.3543000,867,0.3542000,1776,0.3541000,1462,0.3552000,1542,0.3553000,46,0.3554000,564,0.3555000,290,0.3556000,1165,0.3557000,518,0.3558000,1110,0.3559000,1387,0.3560000,1721,0.3561000,2948
gate,binance,ICNTUSDT,0.35683,0.3548000,-0.5689,1774108960000,0.35645,30,0.3563,99,0.3561,127,0.35594,100,0.35593,39,0.35586,100,0.35585,42021,0.35573,1354,0.35569,21017,0.35566,2468,0.35685,152,0.35711,29,0.35753,28,0.3576,223,0.35793,21017,0.35794,20,0.35799,11073,0.35802,21012,0.35824,111,0.35844,10481,0.3548000,448,0.3547000,151,0.3546000,658,0.3545000,275,0.3544000,865,0.3543000,830,0.3542000,2380,0.3541000,1428,0.3540000,1313,0.3539000,441,0.3551000,138,0.3552000,1814,0.3553000,304,0.3554000,657,0.3555000,574,0.3556000,1165,0.3557000,1123,0.3558000,1139,0.3559000,1033,0.3560000,2037
gate,binance,ICNTUSDT,0.35681,0.3548000,-0.5633,1774108962000,0.35646,139,0.35645,30,0.3564,208,0.35637,352,0.35629,90,0.35595,99,0.35594,100,0.35593,39,0.35586,100,0.35585,42021,0.35681,113,0.35682,646,0.35683,281,0.3572,114,0.35725,139,0.35753,28,0.35772,21030,0.35793,21017,0.35794,20,0.35799,11073,0.3548000,148,0.3547000,151,0.3546000,658,0.3545000,275,0.3544000,865,0.3543000,830,0.3542000,2380,0.3541000,1428,0.3540000,1024,0.3539000,458,0.3551000,135,0.3552000,1853,0.3553000,304,0.3554000,590,0.3555000,574,0.3556000,1129,0.3557000,1180,0.3558000,1139,0.3559000,956,0.3560000,2012
gate,binance,ICNTUSDT,0.3568,0.3548000,-0.5605,1774108965000,0.35645,30,0.35637,633,0.35635,562,0.35633,329,0.35621,98,0.3558,108,0.35578,99,0.35567,100,0.35566,1244,0.35558,798,0.35671,29,0.35681,157,0.35682,646,0.35683,281,0.3572,114,0.3575,93,0.35753,28,0.35765,21034,0.35772,21030,0.35793,21017,0.3548000,133,0.3547000,151,0.3546000,268,0.3545000,275,0.3544000,865,0.3543000,858,0.3542000,2098,0.3541000,1428,0.3540000,1008,0.3539000,458,0.3550000,144,0.3551000,150,0.3552000,2024,0.3553000,288,0.3554000,455,0.3555000,602,0.3556000,1164,0.3557000,769,0.3558000,1107,0.3559000,956
gate,binance,ICNTUSDT,0.35732,0.3551000,-0.6213,1774108966000,0.35666,213,0.35646,99,0.35645,30,0.35637,352,0.35633,329,0.3562,113,0.35587,21012,0.3558,209,0.35566,1244,0.35558,798,0.35732,137,0.35734,131,0.3575,93,0.35753,28,0.35793,21017,0.35794,20,0.35799,11073,0.35824,111,0.35828,9209,0.35845,252,0.3551000,184,0.3550000,229,0.3549000,517,0.3548000,148,0.3547000,408,0.3546000,1126,0.3545000,799,0.3544000,1122,0.3543000,2215,0.3542000,1759,0.3554000,152,0.3555000,15,0.3556000,800,0.3557000,425,0.3558000,1448,0.3559000,378,0.3560000,1658,0.3561000,1675,0.3562000,449,0.3563000,1418
gate,binance,ICNTUSDT,0.35722,0.3551000,-0.5935,1774108967000,0.35675,230,0.35657,99,0.35645,30,0.3562,113,0.35588,100,0.35587,21012,0.35585,21009,0.3558,209,0.35566,1244,0.35558,798,0.35732,137,0.35734,131,0.35753,28,0.35791,94,0.35792,6280,0.35793,21017,0.35794,20,0.35799,11073,0.35806,21009,0.35824,111,0.3551000,220,0.3550000,229,0.3549000,219,0.3548000,148,0.3547000,408,0.3546000,1126,0.3545000,899,0.3544000,1122,0.3543000,2215,0.3542000,1759,0.3554000,152,0.3555000,15,0.3556000,800,0.3557000,425,0.3558000,1459,0.3559000,378,0.3560000,1658,0.3561000,1675,0.3562000,449,0.3563000,1418
gate,binance,ICNTUSDT,0.35718,0.3551000,-0.5823,1774108968000,0.35678,150,0.35668,54,0.35666,399,0.35646,99,0.35645,30,0.35621,100,0.3562,113,0.35589,100,0.35588,21107,0.35587,21012,0.35718,281,0.35721,143,0.35722,281,0.35753,28,0.35791,94,0.35792,6280,0.35793,21017,0.35794,20,0.35799,11073,0.35803,167,0.3551000,184,0.3550000,229,0.3549000,204,0.3548000,148,0.3547000,408,0.3546000,1126,0.3545000,899,0.3544000,1122,0.3543000,2215,0.3542000,1759,0.3554000,152,0.3555000,15,0.3556000,800,0.3557000,425,0.3558000,1453,0.3559000,378,0.3560000,1658,0.3561000,1675,0.3562000,449,0.3563000,1418
gate,binance,ICNTUSDT,0.35717,0.3552000,-0.5516,1774108972000,0.35691,28,0.35678,227,0.35677,866,0.35674,56,0.35666,399,0.35646,99,0.35645,30,0.35604,104,0.35589,100,0.35588,21107,0.35717,84,0.35718,281,0.35721,168,0.35722,562,0.35751,112,0.35753,28,0.35756,112,0.35792,6280,0.35793,21017,0.35794,20,0.3552000,31,0.3551000,136,0.3550000,929,0.3549000,207,0.3548000,1087,0.3547000,744,0.3546000,783,0.3545000,899,0.3544000,1412,0.3543000,2215,0.3554000,102,0.3555000,15,0.3556000,735,0.3557000,448,0.3558000,1162,0.3559000,726,0.3560000,1469,0.3561000,1675,0.3562000,449,0.3563000,1418
gate,binance,ICNTUSDT,0.35717,0.3553000,-0.5236,1774108973000,0.35692,162,0.35691,28,0.35688,48,0.35686,281,0.35685,281,0.35677,304,0.35666,399,0.35645,30,0.35605,100,0.35604,104,0.35717,84,0.35718,281,0.35721,168,0.35722,562,0.35753,28,0.35756,112,0.35783,110,0.35792,6280,0.35793,21017,0.35794,20,0.3553000,93,0.3552000,329,0.3551000,193,0.3550000,167,0.3549000,489,0.3548000,1343,0.3547000,396,0.3546000,1067,0.3545000,1745,0.3544000,1583,0.3555000,41,0.3556000,480,0.3557000,448,0.3558000,1162,0.3559000,726,0.3560000,1484,0.3561000,1675,0.3562000,487,0.3563000,1401,0.3564000,1694
gate,binance,ICNTUSDT,0.35717,0.3553000,-0.5236,1774108974000,0.35692,532,0.35691,28,0.35688,48,0.35686,507,0.35685,281,0.35677,304,0.35666,498,0.35645,30,0.35605,100,0.35604,104,0.35717,84,0.35718,281,0.35721,168,0.35722,562,0.35753,28,0.35756,112,0.35783,110,0.35792,6280,0.35793,21017,0.35794,20,0.3553000,93,0.3552000,167,0.3551000,193,0.3550000,167,0.3549000,207,0.3548000,1343,0.3547000,1032,0.3546000,1067,0.3545000,1745,0.3544000,1297,0.3555000,41,0.3556000,480,0.3557000,448,0.3558000,1162,0.3559000,726,0.3560000,1484,0.3561000,1675,0.3562000,487,0.3563000,1401,0.3564000,1868
gate,binance,ICNTUSDT,0.35717,0.3553000,-0.5236,1774108975000,0.35692,370,0.35691,28,0.35688,48,0.35686,507,0.35685,281,0.35677,304,0.35666,498,0.35645,30,0.35605,100,0.35589,100,0.35717,84,0.35718,281,0.35721,168,0.35722,562,0.35753,28,0.35756,112,0.35783,110,0.35792,6280,0.35793,21017,0.35798,3313,0.3552000,229,0.3551000,193,0.3550000,167,0.3549000,207,0.3548000,1343,0.3547000,1032,0.3546000,1067,0.3545000,1745,0.3544000,1122,0.3543000,1808,0.3555000,41,0.3556000,480,0.3557000,425,0.3558000,1135,0.3559000,763,0.3560000,1484,0.3561000,1675,0.3562000,487,0.3563000,1401,0.3564000,1867
gate,binance,ICNTUSDT,0.35753,0.3552000,-0.6517,1774108976000,0.35716,153,0.35692,370,0.35691,28,0.35678,99,0.35677,304,0.35666,399,0.35645,30,0.35589,100,0.35588,100,0.3558,209,0.35753,28,0.35777,153,0.35799,166,0.358,27,0.35819,95,0.3583,20995,0.35843,106,0.35845,252,0.35851,120,0.35854,254,0.3556000,18,0.3555000,229,0.3554000,230,0.3553000,580,0.3552000,461,0.3551000,422,0.3550000,1152,0.3549000,823,0.3548000,1458,0.3547000,1856,0.3558000,68,0.3559000,219,0.3560000,846,0.3561000,672,0.3562000,838,0.3563000,1171,0.3564000,1232,0.3565000,1572,0.3566000,1866,0.3567000,1175
gate,binance,ICNTUSDT,0.35752,0.3555000,-0.565,1774108977000,0.35694,281,0.35691,28,0.3569,16,0.35649,109,0.35646,99,0.35645,30,0.35626,20989,0.35591,110,0.3558,209,0.35566,1244,0.35752,140,0.35753,28,0.358,27,0.35815,118,0.35819,95,0.3583,20995,0.35842,20989,0.35843,106,0.35845,252,0.35851,120,0.3555000,265,0.3554000,193,0.3553000,152,0.3552000,461,0.3551000,422,0.3550000,1152,0.3549000,823,0.3548000,1458,0.3547000,1856,0.3546000,2928,0.3558000,68,0.3559000,219,0.3560000,846,0.3561000,672,0.3562000,784,0.3563000,1171,0.3564000,1332,0.3565000,1322,0.3566000,1866,0.3567000,1175
gate,binance,ICNTUSDT,0.35753,0.3556000,-0.5398,1774108978000,0.35716,150,0.35715,328,0.35711,21,0.35692,99,0.35691,28,0.35654,39,0.35649,109,0.35645,30,0.35627,100,0.35626,20989,0.35753,28,0.35777,153,0.358,27,0.35815,118,0.35829,6267,0.3583,41990,0.35842,20989,0.35843,106,0.35851,120,0.35854,254,0.3556000,31,0.3555000,229,0.3554000,193,0.3553000,152,0.3552000,461,0.3551000,422,0.3550000,1152,0.3549000,823,0.3548000,1458,0.3547000,1873,0.3558000,68,0.3559000,219,0.3560000,846,0.3561000,672,0.3562000,800,0.3563000,1171,0.3564000,1332,0.3565000,1621,0.3566000,1866,0.3567000,1175
gate,binance,ICNTUSDT,0.35752,0.3556000,-0.537,1774108979000,0.35716,150,0.35715,328,0.35711,21,0.35692,99,0.35691,28,0.35654,39,0.3565,100,0.35649,109,0.35645,30,0.35627,21089,0.35752,92,0.35753,308,0.358,27,0.35815,118,0.35816,142,0.35829,11733,0.3583,41990,0.35842,20989,0.35843,106,0.35851,120,0.3556000,67,0.3555000,229,0.3554000,193,0.3553000,152,0.3552000,461,0.3551000,422,0.3550000,1152,0.3549000,823,0.3548000,1458,0.3547000,1873,0.3558000,68,0.3559000,182,0.3560000,734,0.3561000,672,0.3562000,829,0.3563000,1171,0.3564000,1433,0.3565000,1621,0.3566000,1866,0.3567000,1175
gate,binance,ICNTUSDT,0.35747,0.3556000,-0.5231,1774108980000,0.35715,328,0.35711,21,0.35692,99,0.35691,28,0.35654,39,0.35645,30,0.35628,100,0.35627,21089,0.35626,20989,0.35616,20995,0.35748,161,0.35751,84,0.35752,372,0.35753,308,0.358,27,0.35804,123,0.35816,142,0.35829,11733,0.3583,41990,0.35842,20989,0.3556000,31,0.3555000,229,0.3554000,193,0.3553000,152,0.3552000,461,0.3551000,422,0.3550000,1152,0.3549000,823,0.3548000,1458,0.3547000,1873,0.3558000,68,0.3559000,182,0.3560000,734,0.3561000,672,0.3562000,813,0.3563000,1197,0.3564000,1284,0.3565000,1713,0.3566000,1866,0.3567000,1175
gate,binance,ICNTUSDT,0.35713,0.3554000,-0.4844,1774108981000,0.35676,151,0.35655,265,0.35654,115,0.35646,99,0.35645,30,0.35628,100,0.35627,100,0.35598,21001,0.35591,110,0.35586,110,0.35725,164,0.35726,51,0.35753,28,0.358,210,0.35804,123,0.35821,21001,0.35843,106,0.35851,120,0.35854,254,0.35859,4474,0.3552000,93,0.3550000,360,0.3549000,433,0.3548000,1806,0.3547000,2096,0.3546000,3356,0.3545000,899,0.3544000,1007,0.3543000,1161,0.3542000,1149,0.3554000,164,0.3555000,15,0.3556000,101,0.3557000,408,0.3558000,620,0.3559000,424,0.3560000,1468,0.3561000,988,0.3562000,858,0.3563000,1269
gate,binance,ICNTUSDT,0.35682,0.3552000,-0.454,1774108982000,0.35645,550,0.35601,2076,0.3559,85,0.35586,110,0.35584,39,0.35581,91,0.3558,8185,0.35561,21137,0.35555,330,0.35532,1224,0.35682,154,0.3572,128,0.35726,51,0.35753,28,0.35776,21027,0.358,210,0.35804,123,0.3581,9203,0.35843,106,0.35851,120,0.3548000,363,0.3547000,524,0.3546000,878,0.3545000,275,0.3544000,1050,0.3543000,1311,0.3542000,1424,0.3541000,1452,0.3540000,983,0.3539000,441,0.3551000,130,0.3552000,418,0.3553000,449,0.3554000,491,0.3555000,878,0.3556000,1059,0.3557000,767,0.3558000,1137,0.3559000,1175,0.3560000,2380
gate,binance,ICNTUSDT,0.35655,0.3547000,-0.5189,1774108983000,0.35611,153,0.35593,2076,0.35591,50,0.3559,105,0.35581,91,0.3558,8185,0.35555,220,0.35538,21041,0.35532,1224,0.35525,3790,0.35656,179,0.35657,100,0.35714,151,0.35718,92,0.3572,128,0.35743,12405,0.35757,21041,0.358,210,0.35804,123,0.3581,9203,0.3545000,137,0.3544000,131,0.3543000,893,0.3542000,279,0.3541000,525,0.3540000,1020,0.3539000,441,0.3538000,1708,0.3537000,1929,0.3536000,2305,0.3547000,21,0.3548000,845,0.3549000,198,0.3550000,622,0.3551000,1015,0.3552000,1089,0.3553000,1447,0.3554000,1097,0.3555000,1594,0.3556000,2317
gate,binance,ICNTUSDT,0.35609,0.3543000,-0.5027,1774108984000,0.35526,153,0.35514,1224,0.35503,136,0.35501,1966,0.35497,4225,0.35495,1253,0.35481,1044,0.3548,3466,0.35475,21053,0.35474,2305,0.35609,162,0.35653,100,0.35678,191,0.35713,45,0.35714,151,0.35718,92,0.3572,128,0.35743,12405,0.35764,7354,0.358,210,0.3541000,360,0.3540000,60,0.3539000,761,0.3538000,15,0.3537000,486,0.3536000,1122,0.3535000,703,0.3534000,1223,0.3533000,2086,0.3532000,1547,0.3542000,162,0.3543000,169,0.3544000,340,0.3545000,390,0.3546000,1050,0.3547000,1457,0.3548000,1026,0.3549000,1146,0.3550000,1272,0.3551000,858
gate,binance,ICNTUSDT,0.35592,0.3539000,-0.5675,1774108985000,0.3554,151,0.35539,29,0.35514,1224,0.35503,316,0.35497,4225,0.35475,21053,0.35467,5365,0.35466,9194,0.35458,21088,0.35453,258,0.35592,100,0.35593,162,0.35646,28,0.35659,125,0.35674,21088,0.35678,191,0.35714,151,0.35718,92,0.3572,128,0.3574,7181,0.3539000,323,0.3538000,389,0.3537000,877,0.3536000,183,0.3535000,424,0.3534000,1238,0.3533000,2121,0.3532000,1529,0.3531000,1084,0.3530000,1226,0.3540000,52,0.3541000,30,0.3542000,191,0.3543000,473,0.3544000,583,0.3545000,1473,0.3546000,760,0.3547000,1230,0.3548000,1299,0.3549000,1459
gate,binance,ICNTUSDT,0.35589,0.3539000,-0.5592,1774108986000,0.35561,79,0.35539,29,0.35514,390,0.35511,172,0.35503,136,0.35497,4225,0.35475,21053,0.35467,5365,0.35458,21088,0.35457,21089,0.35589,100,0.35639,81,0.35646,28,0.35659,125,0.35671,21089,0.35674,21088,0.35678,191,0.35714,151,0.35718,92,0.3572,128,0.3541000,700,0.3540000,416,0.3539000,611,0.3538000,152,0.3537000,439,0.3536000,435,0.3535000,741,0.3534000,1172,0.3533000,2421,0.3532000,1546,0.3542000,39,0.3543000,473,0.3544000,330,0.3545000,1206,0.3546000,860,0.3547000,1306,0.3548000,1299,0.3549000,1146,0.3550000,1257,0.3551000,875
gate,binance,ICNTUSDT,0.35593,0.3541000,-0.5141,1774108987000,0.35562,154,0.35561,79,0.35552,282,0.35539,29,0.35532,160,0.35515,135,0.35514,390,0.35497,4225,0.35475,21053,0.35467,5365,0.35589,100,0.35593,84,0.35594,564,0.35639,81,0.35646,28,0.35659,125,0.35671,21089,0.35674,21088,0.35683,21082,0.35714,151,0.3541000,65,0.3540000,416,0.3539000,678,0.3538000,183,0.3537000,328,0.3536000,838,0.3535000,458,0.3534000,1272,0.3533000,2421,0.3532000,1563,0.3542000,39,0.3543000,31,0.3544000,168,0.3545000,881,0.3546000,1207,0.3547000,1334,0.3548000,933,0.3549000,1146,0.3550000,1257,0.3551000,891
gate,binance,ICNTUSDT,0.35581,0.3541000,-0.4806,1774108992000,0.35562,328,0.35552,533,0.35539,29,0.35534,168,0.35497,4225,0.35476,1127,0.35475,21053,0.3547,105,0.35467,5365,0.35458,21088,0.35582,184,0.35583,282,0.35589,158,0.3559,564,0.35592,66,0.35593,222,0.35634,131,0.35639,81,0.35646,28,0.35659,125,0.3541000,47,0.3540000,2,0.3539000,729,0.3538000,183,0.3537000,330,0.3536000,838,0.3535000,788,0.3534000,1272,0.3533000,2421,0.3532000,1563,0.3542000,39,0.3543000,31,0.3544000,168,0.3545000,819,0.3546000,1165,0.3547000,1402,0.3548000,1033,0.3549000,1311,0.3550000,1257,0.3551000,891
gate,binance,ICNTUSDT,0.35572,0.3539000,-0.5116,1774108993000,0.35523,139,0.35497,4225,0.35488,206,0.3547,105,0.3544,21098,0.35439,3610,0.35421,1476,0.35407,7537,0.35404,1540,0.35398,4920,0.35572,100,0.35592,66,0.35593,222,0.35625,61,0.35626,206,0.35634,131,0.35646,28,0.35656,21098,0.35659,125,0.35671,21089,0.3539000,169,0.3538000,166,0.3537000,817,0.3536000,544,0.3535000,612,0.3534000,1275,0.3533000,2421,0.3532000,1536,0.3531000,1278,0.3530000,1226,0.3542000,174,0.3543000,588,0.3544000,686,0.3545000,514,0.3546000,1163,0.3547000,1402,0.3548000,1399,0.3549000,1311,0.3550000,1257,0.3551000,891
gate,binance,ICNTUSDT,0.35572,0.3539000,-0.5116,1774108994000,0.35531,156,0.35497,4423,0.35485,29,0.35448,113,0.35445,1128,0.35444,21097,0.3544,42197,0.35439,3610,0.35421,1476,0.35407,7537,0.35572,184,0.35573,282,0.35593,28,0.35608,109,0.35625,61,0.35626,206,0.35656,21098,0.35659,125,0.35671,21089,0.35674,21088,0.3539000,152,0.3538000,259,0.3537000,817,0.3536000,183,0.3535000,771,0.3534000,1275,0.3533000,2421,0.3532000,1536,0.3531000,1278,0.3530000,1226,0.3542000,39,0.3543000,603,0.3544000,703,0.3545000,514,0.3546000,1163,0.3547000,1402,0.3548000,1399,0.3549000,1311,0.3550000,1257,0.3551000,891
gate,binance,ICNTUSDT,0.3557,0.3539000,-0.506,1774108995000,0.35531,157,0.35518,163,0.35497,5049,0.35485,29,0.35457,224,0.35448,113,0.35445,1128,0.35444,21097,0.3544,42197,0.35439,3610,0.3557,100,0.35572,158,0.35573,282,0.35574,282,0.35575,282,0.35593,28,0.35608,109,0.35625,61,0.35626,206,0.35656,21098,0.3539000,152,0.3538000,259,0.3537000,817,0.3536000,183,0.3535000,771,0.3534000,1275,0.3533000,2421,0.3532000,1536,0.3531000,1278,0.3530000,1226,0.3542000,69,0.3543000,603,0.3544000,686,0.3545000,514,0.3546000,1163,0.3547000,1402,0.3548000,1399,0.3549000,1311,0.3550000,1257,0.3551000,891
gate,binance,ICNTUSDT,0.3557,0.3539000,-0.506,1774108996000,0.3553,245,0.35526,191,0.35497,5049,0.35485,29,0.35448,113,0.35445,1128,0.35444,21097,0.3544,42197,0.35439,3610,0.35421,1476,0.3557,100,0.35572,158,0.35573,282,0.35574,366,0.35575,282,0.35593,28,0.35608,109,0.35629,134,0.35656,21098,0.35659,125,0.3539000,152,0.3538000,411,0.3537000,817,0.3536000,183,0.3535000,171,0.3534000,1275,0.3533000,2421,0.3532000,1536,0.3531000,1278,0.3530000,1226,0.3540000,4,0.3541000,39,0.3542000,54,0.3543000,588,0.3544000,701,0.3545000,1201,0.3546000,1163,0.3547000,1402,0.3548000,1399,0.3549000,1311
gate,binance,ICNTUSDT,0.35578,0.3538000,-0.5565,1774108997000,0.35526,152,0.35497,5049,0.35495,205,0.35485,29,0.35445,1128,0.35444,21097,0.3544,42197,0.35439,3610,0.35421,1476,0.35407,7537,0.35578,100,0.35579,163,0.35593,28,0.35608,109,0.35629,134,0.35637,116,0.35656,21098,0.35659,125,0.35671,21089,0.35674,21088,,,,,,,,,,,,,,,,,,,,,,,,,,,,,,,,,,,,,,,,
gate,binance,ICNTUSDT,0.35572,0.3539000,-0.5116,1774108999000,0.35537,142,0.35536,273,0.35507,193,0.35497,5049,0.35485,29,0.35447,132,0.35444,21097,0.3544,42197,0.35439,3610,0.35421,1476,0.35572,100,0.35573,282,0.35574,56,0.35575,282,0.35593,28,0.35629,134,0.35637,116,0.35655,6298,0.35656,21098,0.35671,21089,0.3539000,803,0.3538000,244,0.3537000,190,0.3536000,183,0.3535000,536,0.3534000,1276,0.3533000,2119,0.3532000,1536,0.3531000,1064,0.3530000,1260,0.3541000,24,0.3542000,54,0.3543000,588,0.3544000,701,0.3545000,1667,0.3546000,817,0.3547000,1377,0.3548000,1399,0.3549000,1218,0.3550000,1257
gate,binance,ICNTUSDT,0.35572,0.3539000,-0.5116,1774109000000,0.35536,273,0.35507,193,0.35497,824,0.35485,29,0.35447,132,0.35445,100,0.35444,21097,0.3544,42197,0.35439,3610,0.35421,1476,0.35572,268,0.35573,564,0.35574,56,0.35575,282,0.35593,28,0.35629,134,0.35637,116,0.35655,6298,0.35656,21098,0.35671,21089,0.3539000,755,0.3538000,244,0.3537000,261,0.3536000,183,0.3535000,536,0.3534000,1276,0.3533000,2119,0.3532000,1536,0.3531000,1064,0.3530000,1260,0.3541000,1081,0.3542000,204,0.3543000,268,0.3544000,794,0.3545000,1252,0.3546000,494,0.3547000,1416,0.3548000,1399,0.3549000,1163,0.3550000,1581
gate,binance,ICNTUSDT,0.35593,0.3539000,-0.5703,1774109001000,0.35525,140,0.35497,1031,0.35485,29,0.35445,100,0.35444,21097,0.3544,42197,0.35439,3610,0.35421,1476,0.35407,7537,0.354,1224,0.35564,100,0.35566,84,0.35567,282,0.35572,168,0.35573,282,0.35593,28,0.35629,134,0.35637,116,0.35655,6298,0.35656,21098,0.3539000,731,0.3538000,151,0.3537000,338,0.3536000,183,0.3535000,188,0.3534000,1276,0.3533000,1885,0.3532000,1536,0.3531000,1064,0.3530000,1260,0.3540000,22,0.3541000,1392,0.3542000,204,0.3543000,268,0.3544000,1141,0.3545000,1252,0.3546000,494,0.3547000,1416,0.3548000,1399,0.3549000,1335
gate,binance,ICNTUSDT,0.35553,0.3527000,-0.796,1774109002000,0.35498,240,0.35497,824,0.35485,29,0.35464,232,0.35445,100,0.35444,21097,0.3544,42197,0.35439,3610,0.35421,1476,0.35407,7537,0.35556,144,0.35557,100,0.35593,28,0.35608,271,0.35637,116,0.35655,6298,0.35656,21098,0.35671,21089,0.35674,21088,0.3568,5007,0.3537000,33,0.3536000,452,0.3535000,831,0.3534000,1085,0.3533000,836,0.3532000,1291,0.3531000,1094,0.3530000,1209,0.3529000,936,0.3528000,1302,0.3538000,757,0.3539000,335,0.3540000,199,0.3541000,365,0.3542000,302,0.3543000,741,0.3544000,1694,0.3545000,1252,0.3546000,1057,0.3547000,1595
gate,binance,ICNTUSDT,0.35518,0.3531000,-0.5856,1774109003000,0.35455,140,0.3541,262,0.35394,1224,0.35308,100,0.35307,807,0.35306,8182,0.35305,10168,0.35234,4257,0.35217,76,0.3521,97,0.35519,308,0.3552,100,0.35589,250,0.35593,28,0.35607,81,0.35608,271,0.35635,116,0.35637,116,0.35648,10599,0.3568,5007,0.3532000,240,0.3531000,564,0.3530000,746,0.3529000,155,0.3528000,86,0.3527000,933,0.3526000,766,0.3525000,789,0.3524000,1125,0.3523000,1640,0.3533000,97,0.3534000,1232,0.3535000,502,0.3536000,946,0.3537000,1328,0.3538000,611,0.3539000,257,0.3540000,1607,0.3541000,2632,0.3542000,966
gate,binance,ICNTUSDT,0.35485,0.3527000,-0.6059,1774109004000,0.35432,29,0.35367,1224,0.35357,123,0.35314,10390,0.35308,100,0.35306,8182,0.35305,10168,0.35234,4314,0.35231,63,0.35187,77,0.35538,100,0.3554,28,0.35563,124,0.35588,2199,0.35589,250,0.35608,271,0.35635,116,0.35637,116,0.35644,10630,0.35648,10599,0.3528000,360,0.3527000,140,0.3526000,1155,0.3525000,248,0.3524000,434,0.3523000,171,0.3522000,708,0.3521000,1908,0.3520000,1791,0.3519000,1033,0.3529000,363,0.3530000,1200,0.3531000,363,0.3532000,1386,0.3533000,377,0.3534000,754,0.3535000,983,0.3536000,941,0.3537000,1428,0.3538000,596
gate,binance,ICNTUSDT,0.35446,0.3524000,-0.5812,1774109005000,0.3538,184,0.35379,29,0.35367,1224,0.35357,123,0.35333,105,0.35325,21168,0.35314,10390,0.35306,8182,0.35305,10168,0.35298,9212,0.35447,159,0.35467,100,0.35486,28,0.35509,208,0.35541,21168,0.35563,124,0.35572,13070,0.35589,250,0.35601,174,0.35608,271,0.3524000,505,0.3523000,171,0.3522000,1106,0.3521000,574,0.3520000,1297,0.3519000,168,0.3518000,876,0.3517000,1936,0.3516000,1097,0.3515000,1744,0.3527000,533,0.3528000,960,0.3529000,702,0.3530000,400,0.3531000,657,0.3532000,1389,0.3533000,739,0.3534000,938,0.3535000,1345,0.3536000,1627
gate,binance,ICNTUSDT,0.35431,0.3525000,-0.5109,1774109006000,0.35379,29,0.35357,123,0.35333,105,0.35326,100,0.35325,21168,0.35322,361,0.35314,10390,0.35306,8182,0.35305,31348,0.35298,9212,0.35429,148,0.35444,100,0.35481,114,0.35486,28,0.35509,208,0.35518,21180,0.35541,21168,0.35563,124,0.35569,7627,0.35572,13070,0.3523000,371,0.3522000,998,0.3521000,800,0.3520000,282,0.3519000,168,0.3518000,839,0.3517000,1953,0.3516000,796,0.3515000,1400,0.3514000,654,0.3525000,363,0.3526000,626,0.3527000,683,0.3528000,1010,0.3529000,625,0.3530000,373,0.3531000,1001,0.3532000,1706,0.3533000,2002,0.3534000,1306
gate,binance,ICNTUSDT,0.35481,0.3522000,-0.7356,1774109007000,0.35394,30,0.35379,29,0.35353,161,0.35333,105,0.35309,39,0.35306,100,0.35305,21180,0.35298,30397,0.35293,377,0.35276,1224,0.35431,100,0.35481,114,0.35482,163,0.35486,28,0.35509,208,0.3551,21185,0.35518,21180,0.35541,21168,0.35547,9241,0.35563,124,0.3522000,140,0.3521000,240,0.3520000,934,0.3519000,432,0.3518000,794,0.3517000,1143,0.3516000,996,0.3515000,1466,0.3514000,989,0.3513000,828,0.3525000,170,0.3526000,698,0.3527000,702,0.3528000,967,0.3529000,675,0.3530000,373,0.3531000,1404,0.3532000,1706,0.3533000,2002,0.3534000,1607
gate,binance,ICNTUSDT,0.35445,0.3522000,-0.6348,1774109008000,0.35395,171,0.35394,30,0.35379,29,0.3534,382,0.3531,100,0.35309,39,0.35306,100,0.35305,42345,0.35298,30397,0.35294,95,0.35445,100,0.35446,189,0.3548,83,0.35481,114,0.35482,163,0.35486,28,0.3551,21185,0.35518,21180,0.35541,21168,0.35547,9241,0.3524000,94,0.3522000,853,0.3521000,209,0.3520000,611,0.3519000,684,0.3518000,844,0.3517000,734,0.3516000,2532,0.3515000,1483,0.3514000,1369,0.3525000,16,0.3526000,15,0.3527000,659,0.3528000,1060,0.3529000,675,0.3530000,708,0.3531000,1042,0.3532000,1706,0.3533000,2002,0.3534000,1440
gate,binance,ICNTUSDT,0.35434,0.3522000,-0.6039,1774109009000,0.35395,30,0.35394,30,0.35379,29,0.35344,347,0.3532,128,0.3531,100,0.35309,39,0.35306,100,0.35305,42345,0.35298,30397,0.35435,151,0.35479,100,0.3548,83,0.35481,114,0.35482,163,0.35486,28,0.3551,21185,0.35518,21180,0.35541,21168,0.35547,9241,0.3522000,191,0.3521000,209,0.3520000,512,0.3519000,168,0.3518000,496,0.3517000,1253,0.3516000,2532,0.3515000,1500,0.3514000,1369,0.3513000,1046,0.3525000,16,0.3526000,299,0.3527000,922,0.3528000,1060,0.3529000,675,0.3530000,373,0.3531000,1042,0.3532000,1706,0.3533000,2002,0.3534000,1457
gate,binance,ICNTUSDT,0.35424,0.3522000,-0.5759,1774109010000,0.35395,30,0.35394,30,0.35387,283,0.35379,29,0.35339,374,0.3532,128,0.3531,100,0.35309,39,0.35306,100,0.35305,42345,0.35424,100,0.3543,50,0.35431,283,0.3548,83,0.35481,114,0.35482,163,0.35486,28,0.3551,21185,0.35518,21180,0.35541,21168,0.3522000,43,0.3521000,302,0.3520000,598,0.3519000,168,0.3518000,496,0.3517000,1253,0.3516000,2632,0.3515000,1483,0.3514000,1369,0.3513000,1063,0.3525000,186,0.3526000,299,0.3527000,602,0.3528000,1060,0.3529000,728,0.3530000,373,0.3531000,1070,0.3532000,1648,0.3533000,2002,0.3534000,1457
gate,binance,ICNTUSDT,0.35424,0.3522000,-0.5759,1774109011000,0.35396,156,0.35395,30,0.35394,30,0.35391,244,0.35387,283,0.35379,29,0.35343,357,0.3532,128,0.3531,100,0.35309,39,0.35424,100,0.35427,158,0.35428,566,0.3543,50,0.35431,283,0.3548,83,0.35481,114,0.35482,163,0.35486,28,0.3551,21185,0.3522000,109,0.3521000,302,0.3520000,613,0.3519000,168,0.3518000,496,0.3517000,1253,0.3516000,2632,0.3515000,1483,0.3514000,1369,0.3513000,1063,0.3524000,24,0.3525000,31,0.3526000,347,0.3527000,883,0.3528000,1060,0.3529000,728,0.3530000,373,0.3531000,1256,0.3532000,1648,0.3533000,2002
gate,binance,ICNTUSDT,0.35461,0.3524000,-0.6232,1774109012000,0.35412,156,0.35395,30,0.35394,30,0.3538,91,0.35379,29,0.35349,355,0.35329,21164,0.35321,100,0.3532,243,0.35306,100,0.35462,270,0.3548,83,0.35481,114,0.35482,163,0.35486,28,0.35541,21168,0.35544,21164,0.35547,9241,0.35563,124,0.35565,4238,0.3524000,860,0.3523000,155,0.3522000,689,0.3521000,209,0.3520000,900,0.3519000,761,0.3518000,680,0.3517000,650,0.3516000,2064,0.3515000,1483,0.3527000,16,0.3528000,409,0.3529000,805,0.3530000,373,0.3531000,1411,0.3532000,1648,0.3533000,739,0.3534000,825,0.3535000,1530,0.3536000,1294
gate,binance,ICNTUSDT,0.35454,0.3525000,-0.5754,1774109013000,0.35412,156,0.35411,283,0.35396,29,0.35395,30,0.35394,30,0.35381,91,0.35379,29,0.3537,332,0.3534,117,0.3533,100,0.35459,95,0.35486,28,0.35511,96,0.35533,60,0.35534,200,0.35541,21168,0.35542,7564,0.35543,21165,0.35544,21164,0.35547,9241,0.3525000,106,0.3524000,232,0.3523000,788,0.3522000,89,0.3521000,476,0.3520000,900,0.3519000,983,0.3518000,1230,0.3517000,1373,0.3516000,2382,0.3527000,16,0.3528000,46,0.3529000,805,0.3530000,373,0.3531000,1070,0.3532000,1741,0.3533000,739,0.3534000,431,0.3535000,1530,0.3536000,1328
gate,binance,ICNTUSDT,0.3547,0.3526000,-0.592,1774109014000,0.35417,143,0.35416,252,0.35396,120,0.35395,30,0.35394,30,0.35379,29,0.35377,326,0.35341,100,0.3534,219,0.3533,100,0.3547,143,0.35483,95,0.35485,198,0.35486,28,0.3551,306,0.35511,96,0.35533,60,0.35534,200,0.35541,21168,0.35542,7564,0.3526000,47,0.3525000,225,0.3524000,851,0.3523000,242,0.3522000,89,0.3521000,476,0.3520000,1177,0.3519000,983,0.3518000,1230,0.3517000,1373,0.3527000,16,0.3528000,46,0.3529000,805,0.3530000,373,0.3531000,1070,0.3532000,1741,0.3533000,739,0.3534000,431,0.3535000,1530,0.3536000,1328
gate,binance,ICNTUSDT,0.35445,0.3525000,-0.5501,1774109015000,0.35398,285,0.35395,30,0.35394,30,0.3538,91,0.35379,29,0.35354,348,0.35341,100,0.3534,219,0.3533,100,0.35329,21164,0.35445,95,0.35446,84,0.35447,283,0.35486,28,0.35495,147,0.35511,96,0.35533,60,0.35534,200,0.35541,21168,0.35542,7564,0.3525000,210,0.3524000,264,0.3523000,869,0.3522000,89,0.3521000,476,0.3520000,1177,0.3519000,983,0.3518000,1230,0.3517000,1373,0.3516000,1814,0.3527000,16,0.3528000,46,0.3529000,805,0.3530000,373,0.3531000,1418,0.3532000,1741,0.3533000,739,0.3534000,431,0.3535000,1530,0.3536000,1328
gate,binance,ICNTUSDT,0.35442,0.3525000,-0.5417,1774109016000,0.354,163,0.35379,29,0.35342,91,0.35341,100,0.3534,102,0.3533,100,0.35329,21164,0.35325,346,0.35306,888,0.35305,42345,0.3544,140,0.35441,53,0.35442,95,0.35446,84,0.35447,283,0.35486,28,0.35494,44,0.35495,147,0.35527,116,0.35533,60,0.3525000,210,0.3524000,264,0.3523000,893,0.3522000,89,0.3521000,1126,0.3520000,829,0.3519000,983,0.3518000,1230,0.3517000,1373,0.3516000,1814,0.3527000,19,0.3528000,46,0.3529000,736,0.3530000,373,0.3531000,1402,0.3532000,1741,0.3533000,813,0.3534000,431,0.3535000,1530,0.3536000,1328
gate,binance,ICNTUSDT,0.35445,0.3527000,-0.4937,1774109018000,0.35418,160,0.35417,21,0.35411,283,0.3541,252,0.35382,335,0.3538,91,0.35379,29,0.35372,111,0.3533,100,0.35329,21164,0.35445,107,0.35446,441,0.35447,378,0.35448,283,0.35486,28,0.35494,44,0.35495,147,0.35527,116,0.3554,6319,0.35541,21168,0.3527000,57,0.3526000,93,0.3525000,925,0.3524000,185,0.3523000,479,0.3522000,1476,0.3521000,1619,0.3520000,1397,0.3519000,548,0.3518000,1382,0.3529000,78,0.3530000,111,0.3531000,1030,0.3532000,1457,0.3533000,479,0.3534000,446,0.3535000,1345,0.3536000,1106,0.3537000,2459,0.3538000,2237
gate,binance,ICNTUSDT,0.35444,0.3527000,-0.4909,1774109019000,0.35418,160,0.35417,21,0.35411,283,0.3541,252,0.35382,335,0.3538,91,0.35379,29,0.35372,111,0.35348,100,0.35347,114,0.35445,107,0.35446,441,0.35447,378,0.35448,283,0.35486,28,0.35494,44,0.35495,147,0.35527,116,0.3554,6319,0.35541,21168,0.3527000,57,0.3526000,93,0.3525000,925,0.3524000,185,0.3523000,479,0.3522000,1476,0.3521000,1619,0.3520000,1397,0.3519000,548,0.3518000,1382,0.3529000,172,0.3530000,111,0.3531000,1002,0.3532000,1457,0.3533000,479,0.3534000,446,0.3535000,1345,0.3536000,926,0.3537000,2459,0.3538000,2237
gate,binance,ICNTUSDT,0.35477,0.3528000,-0.5553,1774109020000,0.35434,142,0.35418,21,0.35417,21,0.35405,95,0.35404,313,0.35389,98,0.35384,100,0.35379,29,0.35372,111,0.35348,100,0.35483,140,0.35486,28,0.35527,116,0.3554,6319,0.35541,21168,0.35542,11668,0.35543,21165,0.35544,21164,0.35547,9241,0.35556,209,0.3528000,57,0.3527000,139,0.3526000,727,0.3525000,297,0.3524000,785,0.3523000,827,0.3522000,1192,0.3521000,2003,0.3520000,1397,0.3519000,548,0.3530000,16,0.3531000,729,0.3532000,1100,0.3533000,405,0.3534000,569,0.3535000,1345,0.3536000,994,0.3537000,1791,0.3538000,2237,0.3539000,819
gate,binance,ICNTUSDT,0.35445,0.3524000,-0.5784,1774109021000,0.35391,176,0.3539,95,0.35389,98,0.35379,29,0.35353,100,0.35352,21152,0.3535,353,0.35347,114,0.35341,21159,0.35329,21164,0.35445,151,0.35486,28,0.35513,98,0.3554,6319,0.35541,21168,0.35542,11668,0.35543,21165,0.35544,21164,0.35547,9241,0.35556,209,0.3524000,391,0.3523000,71,0.3522000,775,0.3521000,974,0.3520000,895,0.3519000,283,0.3518000,1414,0.3517000,1900,0.3516000,1699,0.3515000,1365,0.3525000,757,0.3526000,169,0.3527000,320,0.3528000,465,0.3529000,281,0.3530000,913,0.3531000,1039,0.3532000,1673,0.3533000,756,0.3534000,856
gate,binance,ICNTUSDT,0.35416,0.3520000,-0.6099,1774109022000,0.35379,29,0.35354,95,0.35315,391,0.35314,100,0.35313,387,0.35305,21180,0.35298,9212,0.35294,95,0.35278,136,0.35276,3847,0.35416,156,0.35468,70,0.35469,236,0.35486,28,0.35513,98,0.35547,9241,0.35556,209,0.35565,4238,0.35584,153,0.35585,3868,0.3520000,568,0.3519000,377,0.3518000,891,0.3517000,1013,0.3516000,558,0.3515000,818,0.3514000,1859,0.3513000,1015,0.3512000,2287,0.3511000,745,0.3523000,134,0.3524000,449,0.3525000,303,0.3526000,450,0.3527000,660,0.3528000,1068,0.3529000,606,0.3530000,700,0.3531000,1785,0.3532000,2042
gate,binance,ICNTUSDT,0.35433,0.3523000,-0.5729,1774109023000,0.35381,137,0.35379,29,0.35341,370,0.35315,95,0.35314,100,0.35313,387,0.35308,100,0.35306,100,0.35305,21180,0.35298,9212,0.35434,161,0.35457,126,0.35468,70,0.35469,236,0.35486,28,0.35506,21188,0.35513,98,0.35547,9241,0.35551,6605,0.35556,209,0.3523000,257,0.3522000,475,0.3521000,143,0.3520000,250,0.3519000,618,0.3518000,910,0.3517000,1356,0.3516000,856,0.3515000,835,0.3514000,2195,0.3526000,155,0.3527000,635,0.3528000,745,0.3529000,375,0.3530000,821,0.3531000,1751,0.3532000,1658,0.3533000,1064,0.3534000,494,0.3535000,1689
gate,binance,ICNTUSDT,0.3543,0.3521000,-0.6209,1774109024000,0.35381,137,0.35379,29,0.35342,95,0.35341,370,0.35314,100,0.35313,387,0.35306,100,0.35305,21180,0.35301,21182,0.35298,9212,0.35432,154,0.35457,126,0.35468,70,0.35469,236,0.35486,28,0.35506,21188,0.35518,21182,0.35547,9241,0.35551,6605,0.35556,209,0.3523000,94,0.3522000,60,0.3521000,729,0.3520000,250,0.3519000,547,0.3518000,910,0.3517000,1356,0.3516000,956,0.3515000,835,0.3514000,2195,0.3525000,74,0.3526000,170,0.3527000,635,0.3528000,745,0.3529000,375,0.3530000,821,0.3531000,1751,0.3532000,1658,0.3533000,1064,0.3534000,631
gate,binance,ICNTUSDT,0.35427,0.3522000,-0.5843,1774109025000,0.3538,147,0.35379,29,0.35343,95,0.35314,100,0.35313,387,0.35306,100,0.35305,21577,0.35301,21182,0.35298,9212,0.35294,95,0.35428,236,0.35457,126,0.35466,179,0.35486,28,0.35506,21188,0.35518,42365,0.35547,9241,0.35551,6605,0.35556,209,0.35565,4238,0.3522000,154,0.3521000,244,0.3520000,836,0.3519000,283,0.3518000,937,0.3517000,1356,0.3516000,956,0.3515000,835,0.3514000,1876,0.3513000,1032,0.3525000,24,0.3526000,170,0.3527000,899,0.3528000,745,0.3529000,375,0.3530000,840,0.3531000,1751,0.3532000,1658,0.3533000,1064,0.3534000,631
gate,binance,ICNTUSDT,0.35446,0.3522000,-0.6376,1774109026000,0.35393,139,0.35379,29,0.35328,95,0.35327,99,0.35314,100,0.35313,387,0.35306,498,0.35305,21180,0.35301,21182,0.35298,9212,0.35446,164,0.35466,179,0.35486,28,0.35506,21188,0.35512,3689,0.35518,42365,0.35547,9241,0.35551,6605,0.35556,209,0.35565,4238,0.3522000,45,0.3521000,110,0.3520000,736,0.3519000,548,0.3518000,894,0.3517000,1714,0.3516000,956,0.3515000,835,0.3514000,2161,0.3513000,1032,0.3525000,59,0.3526000,490,0.3527000,300,0.3528000,1882,0.3529000,7100,0.3530000,321,0.3531000,1022,0.3532000,1102,0.3533000,1065,0.3534000,763
gate,binance,ICNTUSDT,0.35438,0.3523000,-0.5869,1774109027000,0.35393,139,0.35379,29,0.35359,359,0.35351,93,0.35329,100,0.35327,99,0.35314,100,0.35313,387,0.35306,100,0.35305,21180,0.35446,140,0.35465,53,0.35466,179,0.35486,28,0.35505,6325,0.35506,21188,0.35512,3689,0.35513,144,0.35518,42365,0.35551,6605,0.3523000,155,0.3522000,179,0.3521000,165,0.3520000,361,0.3519000,548,0.3518000,894,0.3517000,1367,0.3516000,956,0.3515000,835,0.3514000,2161,0.3525000,59,0.3526000,490,0.3527000,300,0.3528000,1539,0.3529000,7256,0.3530000,227,0.3531000,1062,0.3532000,1102,0.3533000,1065,0.3534000,768
gate,binance,ICNTUSDT,0.35434,0.3523000,-0.5757,1774109029000,0.3539,160,0.35379,29,0.35358,366,0.35352,95,0.35351,93,0.35314,100,0.35313,387,0.35306,100,0.35305,21180,0.35301,21182,0.35434,112,0.35435,84,0.35436,283,0.35437,158,0.35438,566,0.35486,28,0.35489,60,0.3549,200,0.35505,6428,0.35506,21188,0.3523000,109,0.3522000,134,0.3521000,236,0.3520000,290,0.3519000,548,0.3518000,894,0.3517000,1367,0.3516000,956,0.3515000,835,0.3514000,2178,0.3525000,59,0.3526000,490,0.3527000,565,0.3528000,1539,0.3529000,7256,0.3530000,227,0.3531000,1062,0.3532000,1102,0.3533000,1065,0.3534000,768
gate,binance,ICNTUSDT,0.35435,0.3523000,-0.5785,1774109030000,0.35397,408,0.35379,29,0.35365,95,0.35364,363,0.35353,112,0.35314,100,0.35313,387,0.35306,100,0.35305,21180,0.35301,21182,0.35435,84,0.35436,283,0.35437,158,0.35438,566,0.35486,28,0.35489,60,0.3549,200,0.35505,6428,0.35506,21188,0.35511,1101,0.3523000,94,0.3522000,134,0.3521000,236,0.3520000,290,0.3519000,548,0.3518000,894,0.3517000,1367,0.3516000,956,0.3515000,835,0.3514000,2178,0.3524000,19,0.3525000,59,0.3526000,490,0.3527000,565,0.3528000,1539,0.3529000,7256,0.3530000,227,0.3531000,1062,0.3532000,1102,0.3533000,1065
gate,binance,ICNTUSDT,0.35434,0.3523000,-0.5757,1774109033000,0.35397,153,0.35379,29,0.35371,95,0.3537,362,0.3535,98,0.35314,100,0.35313,387,0.35306,100,0.35305,21180,0.35301,21182,0.35433,141,0.35434,84,0.35435,283,0.35437,84,0.35438,283,0.35441,84,0.35442,283,0.35486,28,0.35489,60,0.3549,200,0.3524000,45,0.3523000,109,0.3522000,200,0.3521000,221,0.3520000,554,0.3519000,548,0.3518000,922,0.3517000,1367,0.3516000,939,0.3515000,835,0.3526000,145,0.3527000,635,0.3528000,1539,0.3529000,7128,0.3530000,227,0.3531000,1133,0.3532000,1102,0.3533000,1065,0.3534000,632,0.3535000,1689
gate,binance,ICNTUSDT,0.35431,0.3523000,-0.5673,1774109034000,0.35383,95,0.35379,29,0.35363,368,0.35317,100,0.35316,124,0.35314,100,0.35313,387,0.35312,39,0.35306,100,0.35305,21180,0.35431,199,0.35432,51,0.35434,84,0.35435,283,0.35437,84,0.35438,283,0.35441,84,0.35442,283,0.35486,28,0.35489,60,0.3524000,95,0.3523000,109,0.3522000,271,0.3521000,150,0.3520000,554,0.3519000,548,0.3518000,922,0.3517000,1367,0.3516000,939,0.3515000,835,0.3526000,278,0.3527000,635,0.3528000,1539,0.3529000,7222,0.3530000,227,0.3531000,1039,0.3532000,1102,0.3533000,1065,0.3534000,632,0.3535000,1689
gate,binance,ICNTUSDT,0.35431,0.3524000,-0.5391,1774109035000,0.35392,254,0.35384,95,0.35379,29,0.35331,98,0.35317,100,0.35316,124,0.35314,100,0.35313,387,0.35312,39,0.35306,100,0.35431,199,0.35434,84,0.35435,283,0.35437,84,0.35438,283,0.35441,84,0.35442,283,0.35486,28,0.35489,60,0.3549,200,0.3521000,259,0.3520000,275,0.3519000,283,0.3518000,574,0.3517000,1367,0.3516000,939,0.3515000,835,0.3514000,1876,0.3513000,843,0.3512000,2304,0.3524000,135,0.3525000,513,0.3526000,842,0.3527000,1232,0.3528000,1804,0.3529000,7222,0.3530000,387,0.3531000,1056,0.3532000,1367,0.3533000,1065
gate,binance,ICNTUSDT,0.35413,0.3521000,-0.5732,1774109036000,0.35379,29,0.35345,307,0.35344,95,0.35331,98,0.35317,100,0.35316,529,0.35314,100,0.35313,387,0.35306,100,0.35305,21180,0.35414,161,0.35422,84,0.35423,283,0.35473,119,0.35486,28,0.35505,6428,0.35506,21188,0.35511,1101,0.35512,3689,0.35518,42365,0.3521000,66,0.3520000,369,0.3519000,384,0.3518000,573,0.3517000,1367,0.3516000,939,0.3515000,835,0.3514000,1876,0.3513000,860,0.3512000,2321,0.3524000,50,0.3525000,849,0.3526000,588,0.3527000,927,0.3528000,1804,0.3529000,7222,0.3530000,227,0.3531000,1419,0.3532000,1102,0.3533000,1065
gate,binance,ICNTUSDT,0.35417,0.3521000,-0.5845,1774109037000,0.35369,139,0.35356,95,0.35338,395,0.35334,117,0.35331,98,0.35326,29,0.35313,387,0.35298,9212,0.35291,21188,0.35276,3847,0.35418,160,0.35433,28,0.35469,61,0.3547,204,0.35473,119,0.35505,6325,0.35506,21188,0.35538,13242,0.35556,209,0.35558,4521,0.3521000,160,0.3520000,315,0.3519000,1135,0.3518000,181,0.3517000,785,0.3516000,922,0.3515000,818,0.3514000,2464,0.3513000,2558,0.3512000,2253,0.3524000,30,0.3525000,849,0.3526000,589,0.3527000,1021,0.3528000,1804,0.3529000,7213,0.3530000,227,0.3531000,1419,0.3532000,1420,0.3533000,1082
gate,binance,ICNTUSDT,0.35424,0.3521000,-0.6041,1774109039000,0.35376,160,0.35349,95,0.35348,384,0.35334,117,0.35326,29,0.35313,387,0.35302,100,0.35301,21183,0.35299,127,0.35298,9212,0.35424,164,0.35425,283,0.35433,28,0.35469,61,0.3547,204,0.35472,110,0.35503,21191,0.35505,6325,0.35506,21188,0.35513,21183,0.3521000,180,0.3520000,402,0.3519000,660,0.3518000,181,0.3517000,448,0.3516000,1269,0.3515000,818,0.3514000,2429,0.3513000,2636,0.3512000,2287,0.3522000,165,0.3523000,15,0.3524000,166,0.3525000,357,0.3526000,873,0.3527000,1247,0.3528000,1804,0.3529000,7279,0.3530000,645,0.3531000,1684
gate,binance,ICNTUSDT,0.35501,0.3523000,-0.7634,1774109043000,0.35408,141,0.35402,532,0.35391,95,0.3539,356,0.35326,29,0.35318,39,0.35315,100,0.35314,21175,0.35298,9212,0.35291,21188,0.35433,28,0.35442,158,0.35443,566,0.35444,84,0.35445,283,0.35503,21191,0.35506,21188,0.35511,131,0.35513,21183,0.35538,13242,0.3525000,183,0.3524000,135,0.3523000,860,0.3522000,432,0.3521000,447,0.3520000,1129,0.3519000,661,0.3518000,546,0.3517000,704,0.3516000,1774,0.3528000,1872,0.3529000,7200,0.3530000,242,0.3531000,1050,0.3532000,1211,0.3533000,800,0.3534000,497,0.3535000,756,0.3536000,1154,0.3537000,2158
gate,binance,ICNTUSDT,0.35456,0.3524000,-0.6092,1774109044000,0.35416,156,0.35409,95,0.35401,344,0.35333,100,0.35332,21164,0.35326,29,0.35318,39,0.35314,21175,0.35298,9212,0.35288,129,0.35459,142,0.35509,207,0.35511,131,0.35538,13242,0.35545,21164,0.35551,6771,0.35556,209,0.35577,201,0.35579,106,0.35589,250,0.3525000,135,0.3524000,166,0.3523000,877,0.3522000,166,0.3521000,447,0.3520000,1161,0.3519000,678,0.3518000,546,0.3517000,772,0.3516000,1507,0.3528000,1120,0.3529000,7520,0.3530000,336,0.3531000,1050,0.3532000,1100,0.3533000,438,0.3534000,497,0.3535000,1040,0.3536000,1060,0.3537000,2527
gate,binance,ICNTUSDT,0.35455,0.3528000,-0.4936,1774109050000,0.3542,145,0.35419,662,0.35406,343,0.35379,28,0.3537,97,0.35363,131,0.35333,100,0.35332,21164,0.35331,21165,0.35318,39,0.35455,169,0.35456,566,0.3546,84,0.35461,283,0.35486,28,0.35505,196,0.35535,130,0.35538,13242,0.35543,11656,0.35544,42329,0.3527000,15,0.3526000,197,0.3525000,286,0.3524000,181,0.3523000,704,0.3522000,448,0.3521000,793,0.3520000,1445,0.3519000,753,0.3518000,1261,0.3529000,7505,0.3530000,336,0.3531000,678,0.3532000,1100,0.3533000,438,0.3534000,540,0.3535000,773,0.3536000,1060,0.3537000,2527,0.3538000,1912
gate,binance,ICNTUSDT,0.35459,0.3526000,-0.5612,1774109051000,0.3541,160,0.35396,352,0.3538,95,0.35379,28,0.3537,97,0.35364,128,0.35333,100,0.35332,21164,0.35331,21165,0.35314,21175,0.35462,251,0.35486,28,0.35504,59,0.35505,196,0.35535,130,0.35538,13242,0.35543,11656,0.35544,42329,0.35545,21164,0.35551,6771,0.3526000,296,0.3525000,151,0.3524000,181,0.3523000,704,0.3522000,448,0.3521000,793,0.3520000,1417,0.3519000,753,0.3518000,1114,0.3517000,1010,0.3528000,139,0.3529000,7520,0.3530000,336,0.3531000,678,0.3532000,1100,0.3533000,438,0.3534000,540,0.3535000,1042,0.3536000,1060,0.3537000,2226
gate,binance,ICNTUSDT,0.35453,0.3526000,-0.5444,1774109054000,0.35416,95,0.35403,349,0.35379,28,0.35364,128,0.35333,100,0.35332,21164,0.35331,21165,0.35314,21175,0.35308,277,0.35297,298,0.35453,156,0.3546,243,0.35461,566,0.35462,283,0.35486,28,0.35504,59,0.35505,196,0.35531,94,0.35538,13242,0.35543,11656,0.3526000,145,0.3525000,151,0.3524000,252,0.3523000,704,0.3522000,516,0.3521000,855,0.3520000,1417,0.3519000,753,0.3518000,1114,0.3517000,899,0.3528000,36,0.3529000,7520,0.3530000,336,0.3531000,678,0.3532000,1134,0.3533000,455,0.3534000,557,0.3535000,1042,0.3536000,1060,0.3537000,2226
gate,binance,ICNTUSDT,0.35459,0.3527000,-0.533,1774109055000,0.35412,95,0.35379,28,0.35364,128,0.35333,100,0.35332,21164,0.35331,21165,0.35314,21175,0.35308,277,0.35297,298,0.35288,129,0.35459,234,0.3546,243,0.35461,566,0.35462,283,0.35486,28,0.35504,59,0.35505,196,0.35531,94,0.35537,3953,0.35538,13242,0.3526000,85,0.3525000,151,0.3524000,252,0.3523000,704,0.3522000,516,0.3521000,855,0.3520000,1417,0.3519000,753,0.3518000,1114,0.3517000,1044,0.3528000,139,0.3529000,7520,0.3530000,336,0.3531000,678,0.3532000,1100,0.3533000,438,0.3534000,557,0.3535000,1042,0.3536000,1060,0.3537000,2226
gate,binance,ICNTUSDT,0.35459,0.3527000,-0.533,1774109058000,0.35416,173,0.35415,95,0.35379,28,0.3537,115,0.35357,100,0.35356,123,0.35338,100,0.35333,100,0.35332,21164,0.35331,21165,0.35459,139,0.35464,158,0.35465,283,0.35466,367,0.35467,283,0.35486,28,0.35504,59,0.35505,196,0.35531,94,0.35537,3953,0.3527000,145,0.3526000,101,0.3525000,269,0.3524000,181,0.3523000,973,0.3522000,499,0.3521000,855,0.3520000,1417,0.3519000,770,0.3518000,1114,0.3529000,7505,0.3530000,336,0.3531000,678,0.3532000,1100,0.3533000,438,0.3534000,557,0.3535000,773,0.3536000,1060,0.3537000,2226,0.3538000,1912
gate,binance,ICNTUSDT,0.35512,0.3531000,-0.5688,1774109059000,0.35469,161,0.35465,236,0.35432,27,0.35412,95,0.35411,39,0.3537,105,0.35367,21143,0.35312,515,0.35311,6755,0.35308,277,0.35518,140,0.3554,28,0.35564,151,0.35586,28,0.35608,271,0.35624,109,0.35625,142,0.35628,1275,0.35637,116,0.35644,10909,0.3531000,180,0.3530000,499,0.3529000,266,0.3528000,663,0.3527000,445,0.3526000,1015,0.3525000,589,0.3524000,827,0.3523000,1746,0.3522000,1224,0.3532000,10,0.3533000,31,0.3534000,186,0.3535000,394,0.3536000,703,0.3537000,1802,0.3538000,612,0.3539000,822,0.3540000,1592,0.3541000,1502
gate,binance,ICNTUSDT,0.35489,0.3529000,-0.5607,1774109060000,0.35434,265,0.35433,95,0.35432,27,0.35429,291,0.35411,39,0.3541,158,0.35387,21131,0.3537,105,0.35367,21143,0.35311,6755,0.3549,153,0.3554,28,0.35545,123,0.35564,151,0.35586,28,0.356,21131,0.35608,271,0.35616,10906,0.35624,109,0.35625,142,0.3529000,369,0.3528000,170,0.3527000,721,0.3526000,95,0.3525000,518,0.3524000,1021,0.3523000,894,0.3522000,1435,0.3521000,926,0.3520000,1360,0.3531000,240,0.3532000,180,0.3533000,285,0.3534000,549,0.3535000,1009,0.3536000,1298,0.3537000,1456,0.3538000,852,0.3539000,1189,0.3540000,1592
gate,binance,ICNTUSDT,0.35494,0.3530000,-0.5466,1774109061000,0.35438,264,0.35437,95,0.35432,27,0.35431,306,0.35411,39,0.3541,158,0.35388,100,0.35387,21131,0.3537,105,0.35367,21143,0.35494,159,0.3554,28,0.35545,123,0.35564,151,0.35579,21150,0.35586,28,0.356,21131,0.35608,271,0.35616,10906,0.35624,109,0.3530000,44,0.3529000,87,0.3528000,715,0.3527000,335,0.3526000,59,0.3525000,518,0.3524000,927,0.3523000,894,0.3522000,1151,0.3521000,1528,0.3531000,240,0.3532000,180,0.3533000,301,0.3534000,549,0.3535000,1009,0.3536000,953,0.3537000,1456,0.3538000,853,0.3539000,1189,0.3540000,1592
gate,binance,ICNTUSDT,0.3549,0.3530000,-0.5354,1774109062000,0.35436,238,0.35435,95,0.35432,27,0.3543,323,0.35411,39,0.3541,158,0.35388,100,0.35387,21131,0.35367,21143,0.35356,21150,0.3549,158,0.35496,282,0.3554,28,0.35545,123,0.35564,151,0.35579,21150,0.35584,21147,0.35586,28,0.356,21131,0.35608,271,0.3530000,14,0.3529000,163,0.3528000,241,0.3527000,264,0.3526000,62,0.3525000,518,0.3524000,927,0.3523000,894,0.3522000,1251,0.3521000,1528,0.3531000,139,0.3532000,264,0.3533000,301,0.3534000,455,0.3535000,663,0.3536000,1298,0.3537000,1456,0.3538000,853,0.3539000,1189,0.3540000,1592
gate,binance,ICNTUSDT,0.35486,0.3530000,-0.5242,1774109063000,0.35443,95,0.35442,141,0.35436,320,0.35432,27,0.35411,39,0.3541,158,0.35388,100,0.35387,21131,0.35367,21143,0.35356,21150,0.35486,259,0.35494,282,0.35496,282,0.3554,28,0.35545,123,0.35564,151,0.35579,21150,0.35584,21147,0.35586,28,0.356,21131,0.3530000,14,0.3529000,163,0.3528000,170,0.3527000,264,0.3526000,62,0.3525000,518,0.3524000,927,0.3523000,994,0.3522000,1251,0.3521000,1528,0.3531000,240,0.3532000,264,0.3533000,301,0.3534000,455,0.3535000,663,0.3536000,1298,0.3537000,1456,0.3538000,853,0.3539000,1189,0.3540000,1592
gate,binance,ICNTUSDT,0.35486,0.3530000,-0.5242,1774109064000,0.35441,95,0.3544,142,0.35434,324,0.35432,27,0.3541,158,0.35388,100,0.35387,21131,0.35372,39,0.35367,21143,0.35356,21150,0.35486,259,0.35493,158,0.35494,564,0.35495,84,0.35496,282,0.3554,28,0.35545,123,0.35564,151,0.35579,21150,0.35584,21147,0.3530000,14,0.3529000,163,0.3528000,170,0.3527000,264,0.3526000,79,0.3525000,518,0.3524000,1273,0.3523000,994,0.3522000,1251,0.3521000,1528,0.3531000,139,0.3532000,264,0.3533000,301,0.3534000,455,0.3535000,680,0.3536000,1298,0.3537000,1456,0.3538000,853,0.3539000,1189,0.3540000,1592
gate,binance,ICNTUSDT,0.35519,0.3529000,-0.6447,1774109065000,0.35433,240,0.35432,27,0.35403,325,0.35388,100,0.35384,129,0.35367,21143,0.35356,21150,0.35334,39,0.35325,8945,0.35315,3322,0.35519,50,0.3552,169,0.3554,28,0.35545,123,0.35563,45,0.35564,151,0.35579,21150,0.35584,21147,0.35586,28,0.356,21131,0.3529000,163,0.3528000,749,0.3527000,125,0.3526000,169,0.3525000,249,0.3524000,1273,0.3523000,994,0.3522000,1273,0.3521000,1244,0.3520000,1360,0.3530000,237,0.3531000,170,0.3532000,170,0.3533000,285,0.3534000,549,0.3535000,1025,0.3536000,1298,0.3537000,1456,0.3538000,853,0.3539000,1189
gate,binance,ICNTUSDT,0.35478,0.3529000,-0.5299,1774109066000,0.35435,244,0.35432,27,0.35428,329,0.35385,130,0.35384,129,0.35381,39,0.35368,100,0.35367,21143,0.35356,21150,0.35351,21153,0.35478,197,0.35483,84,0.35484,283,0.35519,50,0.3552,169,0.3554,28,0.35545,123,0.35579,21150,0.35584,21147,0.35586,28,0.3529000,141,0.3528000,31,0.3527000,125,0.3526000,169,0.3525000,266,0.3524000,927,0.3523000,1339,0.3522000,1216,0.3521000,1366,0.3520000,1360,0.3530000,136,0.3531000,170,0.3532000,170,0.3533000,285,0.3534000,549,0.3535000,1042,0.3536000,1298,0.3537000,1573,0.3538000,853,0.3539000,1223
gate,binance,ICNTUSDT,0.35476,0.3529000,-0.5243,1774109067000,0.35435,95,0.35432,27,0.35428,329,0.35386,100,0.35385,130,0.35384,129,0.35368,100,0.35367,21143,0.35356,21150,0.35351,21153,0.35476,165,0.35481,158,0.35482,566,0.35483,84,0.35484,283,0.35519,50,0.3552,169,0.3554,28,0.35545,123,0.35579,21150,0.3529000,141,0.3528000,53,0.3527000,125,0.3526000,169,0.3525000,266,0.3524000,927,0.3523000,1339,0.3522000,1355,0.3521000,1511,0.3520000,1360,0.3530000,237,0.3531000,170,0.3532000,170,0.3533000,285,0.3534000,549,0.3535000,1042,0.3536000,1298,0.3537000,1573,0.3538000,853,0.3539000,1223
gate,binance,ICNTUSDT,0.35476,0.3529000,-0.5243,1774109068000,0.35435,95,0.35432,27,0.35386,100,0.35385,130,0.35368,100,0.35367,21143,0.35356,21150,0.35351,21153,0.35325,8945,0.35315,3322,0.35476,165,0.35481,158,0.35482,566,0.35483,84,0.35484,283,0.35519,50,0.3552,169,0.3554,28,0.35545,123,0.35579,21150,0.3529000,141,0.3528000,53,0.3527000,668,0.3526000,169,0.3525000,283,0.3524000,927,0.3523000,1338,0.3522000,1233,0.3521000,1511,0.3520000,1360,0.3530000,135,0.3531000,170,0.3532000,170,0.3533000,285,0.3534000,583,0.3535000,1059,0.3536000,1315,0.3537000,1573,0.3538000,853,0.3539000,1257
gate,binance,ICNTUSDT,0.35476,0.3529000,-0.5243,1774109070000,0.35437,283,0.35435,95,0.35432,27,0.35374,100,0.35373,115,0.35371,100,0.3537,129,0.35368,100,0.35367,21143,0.35356,21150,0.35476,165,0.35481,158,0.35482,566,0.35483,84,0.35484,283,0.35519,50,0.3552,169,0.3554,28,0.35545,123,0.35579,21150,0.3529000,141,0.3528000,53,0.3527000,638,0.3526000,169,0.3525000,283,0.3524000,927,0.3523000,1009,0.3522000,1233,0.3521000,1511,0.3520000,1360,0.3530000,236,0.3531000,170,0.3532000,185,0.3533000,285,0.3534000,583,0.3535000,1059,0.3536000,1315,0.3537000,1573,0.3538000,853,0.3539000,1272
gate,binance,ICNTUSDT,0.35476,0.3527000,-0.5807,1774109071000,0.35432,27,0.35428,283,0.35423,332,0.35374,100,0.35373,115,0.35371,100,0.3537,129,0.35368,100,0.35367,21143,0.35356,21150,0.35461,143,0.35476,283,0.35481,158,0.35519,50,0.3552,169,0.3554,28,0.35545,123,0.35579,21150,0.35584,21147,0.35586,28,0.3527000,390,0.3526000,581,0.3525000,343,0.3524000,658,0.3523000,740,0.3522000,1216,0.3521000,1477,0.3520000,1360,0.3519000,345,0.3518000,1084,0.3528000,51,0.3529000,150,0.3530000,166,0.3531000,420,0.3532000,748,0.3533000,285,0.3534000,925,0.3535000,1076,0.3536000,1070,0.3537000,1545
gate,binance,ICNTUSDT,0.35481,0.3528000,-0.5665,1774109072000,0.35433,180,0.35432,27,0.35378,95,0.35377,39,0.35371,100,0.3537,246,0.35368,100,0.35367,21143,0.35356,21150,0.35351,21153,0.35481,160,0.3554,28,0.35545,123,0.3556,21155,0.35579,21150,0.35584,21147,0.35586,28,0.35595,5705,0.35608,271,0.35621,13789,0.3528000,199,0.3527000,86,0.3526000,637,0.3525000,249,0.3524000,658,0.3523000,1009,0.3522000,1216,0.3521000,1477,0.3520000,1360,0.3519000,378,0.3530000,151,0.3531000,170,0.3532000,748,0.3533000,285,0.3534000,925,0.3535000,1076,0.3536000,1070,0.3537000,1545,0.3538000,853,0.3539000,1573
gate,binance,ICNTUSDT,0.35475,0.3528000,-0.5497,1774109073000,0.35432,27,0.3541,154,0.35409,95,0.35404,325,0.35371,100,0.3537,117,0.35368,100,0.35367,21143,0.35364,96,0.35356,21150,0.35475,235,0.3548,48,0.35481,566,0.35515,52,0.35516,174,0.3554,28,0.35545,123,0.3556,21155,0.35579,21150,0.35584,21147,0.3528000,149,0.3527000,126,0.3526000,149,0.3525000,249,0.3524000,658,0.3523000,1009,0.3522000,1216,0.3521000,1477,0.3520000,1360,0.3519000,378,0.3529000,137,0.3530000,166,0.3531000,155,0.3532000,748,0.3533000,285,0.3534000,925,0.3535000,1076,0.3536000,1070,0.3537000,1545,0.3538000,853
gate,binance,ICNTUSDT,0.3547,0.3528000,-0.5357,1774109074000,0.35432,27,0.35409,95,0.35404,325,0.35371,100,0.3537,117,0.35368,100,0.35367,21143,0.35364,96,0.35356,21150,0.35351,21153,0.3547,60,0.35471,200,0.35472,67,0.35474,70,0.35476,283,0.3548,48,0.35481,566,0.35515,52,0.35516,174,0.3554,28,0.3528000,124,0.3527000,126,0.3526000,128,0.3525000,249,0.3524000,658,0.3523000,1009,0.3522000,1216,0.3521000,1477,0.3520000,1360,0.3519000,345,0.3529000,137,0.3530000,166,0.3531000,425,0.3532000,748,0.3533000,285,0.3534000,925,0.3535000,1076,0.3536000,1070,0.3537000,1545,0.3538000,853
gate,binance,ICNTUSDT,0.35469,0.3528000,-0.5329,1774109075000,0.35432,27,0.35409,95,0.35404,325,0.35368,100,0.35367,21143,0.35364,96,0.35356,21150,0.35351,21153,0.35325,8945,0.35315,3322,0.35469,173,0.35474,70,0.35476,283,0.3548,48,0.35481,566,0.35515,52,0.35516,174,0.3554,28,0.35545,123,0.3556,21155,0.3528000,124,0.3527000,126,0.3526000,128,0.3525000,249,0.3524000,658,0.3523000,1009,0.3522000,1216,0.3521000,1477,0.3520000,1360,0.3519000,345,0.3529000,188,0.3530000,166,0.3531000,425,0.3532000,748,0.3533000,285,0.3534000,925,0.3535000,1076,0.3536000,1070,0.3537000,1545,0.3538000,853
gate,binance,ICNTUSDT,0.35474,0.3528000,-0.5469,1774109084000,0.35433,159,0.35432,27,0.35427,350,0.35374,100,0.35373,95,0.35372,100,0.35371,39,0.35368,100,0.35367,21143,0.3536,92,0.35475,203,0.35515,52,0.35516,174,0.35527,118,0.3554,28,0.3556,21155,0.35579,21150,0.35582,4485,0.35584,21147,0.35586,28,0.3528000,74,0.3527000,101,0.3526000,731,0.3525000,249,0.3524000,675,0.3523000,1037,0.3522000,1216,0.3521000,1594,0.3520000,1343,0.3519000,362,0.3529000,66,0.3530000,181,0.3531000,155,0.3532000,748,0.3533000,379,0.3534000,859,0.3535000,1401,0.3536000,1070,0.3537000,1545,0.3538000,853
gate,binance,ICNTUSDT,0.35473,0.3528000,-0.5441,1774109085000,0.35432,27,0.35374,100,0.35373,95,0.35372,100,0.35371,39,0.35368,100,0.35367,21143,0.3536,92,0.35356,21150,0.35354,136,0.35473,208,0.35474,61,0.35476,283,0.35477,84,0.35478,566,0.35515,52,0.35516,174,0.35527,118,0.3554,28,0.3556,21155,0.3528000,74,0.3527000,141,0.3526000,267,0.3525000,249,0.3524000,675,0.3523000,1037,0.3522000,1216,0.3521000,1594,0.3520000,1343,0.3519000,345,0.3529000,68,0.3530000,181,0.3531000,155,0.3532000,748,0.3533000,379,0.3534000,859,0.3535000,1401,0.3536000,1070,0.3537000,1545,0.3538000,853
gate,binance,ICNTUSDT,0.35469,0.3528000,-0.5329,1774109086000,0.35432,27,0.3541,308,0.35409,95,0.35406,336,0.35378,100,0.35376,100,0.35373,58,0.35372,100,0.35371,39,0.35368,100,0.35469,176,0.35515,52,0.35516,174,0.35527,118,0.3554,28,0.35571,21156,0.35579,21150,0.35582,4485,0.35584,21147,0.35586,28,0.3528000,92,0.3527000,141,0.3526000,267,0.3525000,249,0.3524000,675,0.3523000,1037,0.3522000,1216,0.3521000,1594,0.3520000,1343,0.3519000,385,0.3529000,119,0.3530000,181,0.3531000,155,0.3532000,748,0.3533000,379,0.3534000,859,0.3535000,1401,0.3536000,1070,0.3537000,1545,0.3538000,853
gate,binance,ICNTUSDT,0.35471,0.3528000,-0.5385,1774109087000,0.35433,157,0.35432,27,0.35429,334,0.35375,95,0.35374,100,0.35373,97,0.35371,58,0.35368,100,0.35367,21143,0.35356,21150,0.35471,166,0.35476,283,0.35515,52,0.35516,174,0.35527,118,0.3554,28,0.35571,21156,0.35579,21150,0.35582,4485,0.35584,21147,0.3528000,92,0.3527000,141,0.3526000,267,0.3525000,249,0.3524000,675,0.3523000,1037,0.3522000,1216,0.3521000,1594,0.3520000,1343,0.3519000,345,0.3529000,114,0.3530000,181,0.3531000,155,0.3532000,748,0.3533000,379,0.3534000,859,0.3535000,1401,0.3536000,1070,0.3537000,1907,0.3538000,2120
gate,binance,ICNTUSDT,0.35474,0.3528000,-0.5469,1774109088000,0.35432,27,0.3543,283,0.354,289,0.35399,100,0.35397,95,0.35395,338,0.35374,100,0.35373,58,0.35371,58,0.35368,100,0.35465,274,0.35474,169,0.35475,566,0.35476,283,0.35515,52,0.35516,174,0.35527,118,0.3554,28,0.35571,21156,0.35579,21150,0.3528000,92,0.3527000,141,0.3526000,267,0.3525000,249,0.3524000,675,0.3523000,1037,0.3522000,1216,0.3521000,1594,0.3520000,1343,0.3519000,371,0.3529000,165,0.3530000,181,0.3531000,155,0.3532000,748,0.3533000,379,0.3534000,859,0.3535000,1401,0.3536000,1070,0.3537000,1907,0.3538000,2120
gate,binance,ICNTUSDT,0.35477,0.3528000,-0.5553,1774109096000,0.35432,27,0.35408,95,0.35407,28,0.35368,100,0.35367,21143,0.3536,101,0.35356,21150,0.35351,21192,0.35325,8945,0.35315,3322,0.35475,82,0.35476,275,0.35477,58,0.3548,84,0.35515,80,0.35516,174,0.35527,118,0.3554,28,0.35571,21156,0.35579,21150,0.3528000,54,0.3527000,101,0.3526000,264,0.3525000,249,0.3524000,675,0.3523000,1037,0.3522000,1216,0.3521000,1594,0.3520000,1343,0.3519000,367,0.3529000,165,0.3530000,181,0.3531000,155,0.3532000,748,0.3533000,379,0.3534000,842,0.3535000,1401,0.3536000,1070,0.3537000,1907,0.3538000,2120
gate,binance,ICNTUSDT,0.35468,0.3528000,-0.5301,1774109097000,0.35432,27,0.35409,146,0.35408,95,0.35407,362,0.35368,100,0.35367,21143,0.3536,101,0.35356,21150,0.35351,21192,0.35325,8945,0.35468,156,0.35472,62,0.35473,283,0.35515,80,0.35516,174,0.35527,118,0.3554,28,0.35571,21156,0.35579,21150,0.35582,4485,0.3528000,35,0.3527000,101,0.3526000,264,0.3525000,249,0.3524000,675,0.3523000,1037,0.3522000,1216,0.3521000,1594,0.3520000,1343,0.3519000,367,0.3529000,165,0.3530000,181,0.3531000,155,0.3532000,748,0.3533000,379,0.3534000,842,0.3535000,1401,0.3536000,1070,0.3537000,1907,0.3538000,2120
gate,binance,ICNTUSDT,0.35466,0.3528000,-0.5244,1774109098000,0.35432,27,0.35408,95,0.35407,28,0.35368,100,0.35367,21143,0.3536,101,0.35356,21150,0.35351,21192,0.35325,8945,0.35315,3322,0.35466,153,0.35471,84,0.35472,345,0.35473,283,0.35515,80,0.35516,174,0.35527,118,0.3554,28,0.35571,21156,0.35579,21150,0.3528000,34,0.3527000,101,0.3526000,264,0.3525000,249,0.3524000,675,0.3523000,1037,0.3522000,1216,0.3521000,1594,0.3520000,1343,0.3519000,345,0.3529000,165,0.3530000,181,0.3531000,155,0.3532000,748,0.3533000,379,0.3534000,1842,0.3535000,1401,0.3536000,1070,0.3537000,1907,0.3538000,2120
gate,binance,ICNTUSDT,0.35466,0.3526000,-0.5808,1774109100000,0.35427,622,0.35408,95,0.35407,28,0.35368,100,0.35367,21143,0.3536,101,0.35356,21150,0.35351,21192,0.35325,8945,0.35315,3322,0.35452,142,0.35463,165,0.35464,387,0.35471,158,0.35472,62,0.35515,80,0.35516,174,0.35527,118,0.3554,28,0.35571,21156,0.3526000,235,0.3525000,176,0.3524000,314,0.3523000,834,0.3522000,949,0.3521000,441,0.3520000,1074,0.3519000,458,0.3518000,1953,0.3517000,1860,0.3527000,108,0.3528000,150,0.3529000,2033,0.3530000,275,0.3531000,425,0.3532000,748,0.3533000,285,0.3534000,1842,0.3535000,1401,0.3536000,1355
gate,binance,ICNTUSDT,0.35486,0.3526000,-0.6369,1774109101000,0.35421,165,0.35407,28,0.35405,95,0.35404,348,0.35379,29,0.3536,101,0.35357,100,0.35356,21150,0.35351,21192,0.35325,8945,0.3547,165,0.35485,220,0.35486,28,0.35498,165,0.35514,233,0.35515,80,0.35516,174,0.35527,118,0.35538,21169,0.35571,21156,0.3527000,157,0.3526000,199,0.3525000,643,0.3524000,314,0.3523000,646,0.3522000,1248,0.3521000,441,0.3520000,1074,0.3519000,427,0.3518000,2237,0.3529000,183,0.3530000,260,0.3531000,439,0.3532000,1376,0.3533000,610,0.3534000,600,0.3535000,1401,0.3536000,1252,0.3537000,2308,0.3538000,1979
gate,binance,ICNTUSDT,0.35458,0.3527000,-0.5302,1774109102000,0.35421,165,0.35417,343,0.35407,28,0.35405,95,0.35379,29,0.35357,100,0.35356,21150,0.35351,21192,0.35325,8945,0.35324,21169,0.35458,138,0.35459,84,0.3546,283,0.35486,28,0.35515,80,0.35516,174,0.35527,118,0.35537,6319,0.35538,21169,0.35548,21163,0.3527000,87,0.3526000,47,0.3525000,643,0.3524000,314,0.3523000,375,0.3522000,1248,0.3521000,441,0.3520000,1074,0.3519000,427,0.3518000,2237,0.3529000,234,0.3530000,275,0.3531000,674,0.3532000,1376,0.3533000,610,0.3534000,600,0.3535000,1501,0.3536000,1252,0.3537000,2308,0.3538000,1979
gate,binance,ICNTUSDT,0.35458,0.3527000,-0.5302,1774109103000,0.35408,95,0.35407,28,0.35379,29,0.35357,100,0.35356,21150,0.35351,21192,0.3535,125,0.35325,8945,0.35324,21169,0.35315,3322,0.35458,138,0.35459,84,0.3546,441,0.35461,566,0.35486,28,0.35515,80,0.35516,174,0.35527,118,0.35537,6319,0.35538,21169,0.3527000,87,0.3526000,47,0.3525000,262,0.3524000,314,0.3523000,375,0.3522000,1248,0.3521000,757,0.3520000,1074,0.3519000,427,0.3518000,2237,0.3529000,234,0.3530000,322,0.3531000,674,0.3532000,1376,0.3533000,610,0.3534000,600,0.3535000,1501,0.3536000,1252,0.3537000,2308,0.3538000,1979
gate,binance,ICNTUSDT,0.35456,0.3527000,-0.5246,1774109104000,0.3541,253,0.35409,356,0.35407,28,0.35379,29,0.35357,100,0.35356,21150,0.35351,21192,0.3535,125,0.35325,8945,0.35324,21169,0.35456,139,0.35459,84,0.3546,441,0.35461,566,0.35486,28,0.35515,80,0.35516,174,0.35527,118,0.35537,6319,0.35538,21169,0.3527000,64,0.3526000,47,0.3525000,191,0.3524000,314,0.3523000,375,0.3522000,1248,0.3521000,780,0.3520000,1074,0.3519000,427,0.3518000,2237,0.3528000,188,0.3529000,220,0.3530000,275,0.3531000,674,0.3532000,1376,0.3533000,610,0.3534000,600,0.3535000,1501,0.3536000,1353,0.3537000,2308
gate,binance,ICNTUSDT,0.35455,0.3527000,-0.5218,1774109105000,0.35407,28,0.35386,304,0.35379,29,0.35359,100,0.35357,100,0.35356,21150,0.35351,21192,0.3535,125,0.35325,8945,0.35324,21169,0.35455,169,0.35459,84,0.3546,441,0.35461,566,0.35486,28,0.35515,80,0.35516,174,0.35527,118,0.35537,6319,0.35538,21169,0.3526000,47,0.3525000,191,0.3524000,314,0.3523000,375,0.3522000,977,0.3521000,441,0.3520000,1074,0.3519000,427,0.3518000,2237,0.3517000,1017,0.3528000,821,0.3529000,241,0.3530000,546,0.3531000,674,0.3532000,1376,0.3533000,610,0.3534000,600,0.3535000,1501,0.3536000,1353,0.3537000,2308
gate,binance,ICNTUSDT,0.35486,0.3526000,-0.6369,1774109106000,0.35423,147,0.35407,28,0.35379,29,0.35357,100,0.35356,21150,0.35351,21192,0.3535,125,0.35325,8945,0.35324,21169,0.35315,3322,0.35459,157,0.35486,76,0.35487,161,0.355,112,0.35515,28,0.35548,21163,0.35571,21156,0.35582,4485,0.3559,13824,0.35608,271,0.3527000,23,0.3526000,363,0.3525000,699,0.3524000,1088,0.3523000,646,0.3522000,1231,0.3521000,725,0.3520000,1652,0.3519000,1081,0.3518000,2220,0.3529000,16,0.3532000,406,0.3533000,585,0.3534000,1041,0.3535000,1467,0.3536000,1121,0.3537000,2900,0.3538000,2013,0.3539000,997,0.3540000,1592
gate,binance,ICNTUSDT,0.35484,0.3528000,-0.5749,1774109107000,0.35437,165,0.35433,324,0.35408,95,0.35407,28,0.35379,29,0.35357,100,0.35356,21150,0.35351,21192,0.3535,125,0.35325,8945,0.35485,152,0.35486,76,0.35487,161,0.355,112,0.35515,28,0.35548,21163,0.35567,21151,0.35571,21156,0.35582,4485,0.3559,13824,0.3528000,363,0.3527000,437,0.3526000,261,0.3525000,446,0.3524000,1088,0.3523000,552,0.3522000,1231,0.3521000,1009,0.3520000,1652,0.3519000,1222,0.3532000,136,0.3533000,317,0.3534000,679,0.3535000,780,0.3536000,1104,0.3537000,1890,0.3538000,712,0.3539000,878,0.3540000,1917,0.3541000,1173
gate,binance,ICNTUSDT,0.3548,0.3528000,-0.5637,1774109109000,0.35438,272,0.35432,165,0.35428,320,0.35408,95,0.35407,28,0.35379,29,0.35357,100,0.35356,21150,0.35351,21192,0.3535,125,0.3548,166,0.35486,28,0.35513,128,0.35515,28,0.35537,146,0.35548,21163,0.35567,21151,0.35571,21156,0.35582,4485,0.3559,13824,0.3528000,136,0.3527000,207,0.3526000,167,0.3525000,448,0.3524000,1182,0.3523000,893,0.3522000,1231,0.3521000,1009,0.3520000,1652,0.3519000,1256,0.3531000,457,0.3532000,151,0.3533000,302,0.3534000,585,0.3535000,1105,0.3536000,1104,0.3537000,1890,0.3538000,712,0.3539000,1320,0.3540000,1917
gate,binance,ICNTUSDT,0.35478,0.3527000,-0.5863,1774109111000,0.35441,272,0.3544,138,0.35437,326,0.35408,95,0.35407,28,0.35379,29,0.35357,100,0.35356,21150,0.35351,21192,0.3535,125,0.35478,176,0.35479,247,0.3548,849,0.35486,28,0.35513,128,0.35515,28,0.35537,146,0.35548,21163,0.35567,21151,0.35571,21156,0.3528000,96,0.3527000,223,0.3526000,261,0.3525000,408,0.3524000,1088,0.3523000,552,0.3522000,1248,0.3521000,1026,0.3520000,1652,0.3519000,1256,0.3530000,8,0.3531000,15,0.3532000,167,0.3533000,302,0.3534000,585,0.3535000,874,0.3536000,1121,0.3537000,1890,0.3538000,825,0.3539000,1645
gate,binance,ICNTUSDT,0.35479,0.3528000,-0.5609,1774109112000,0.35443,155,0.35442,272,0.35436,327,0.35409,95,0.35407,28,0.35379,29,0.35357,100,0.35356,21150,0.35351,21192,0.3535,125,0.35479,247,0.3548,849,0.35486,28,0.35513,128,0.35515,28,0.35536,44,0.35537,146,0.35548,21163,0.35567,21151,0.35571,21156,0.3528000,363,0.3527000,247,0.3526000,261,0.3525000,136,0.3524000,1088,0.3523000,552,0.3522000,1248,0.3521000,1026,0.3520000,1652,0.3519000,1256,0.3530000,24,0.3531000,15,0.3532000,440,0.3533000,302,0.3534000,585,0.3535000,874,0.3536000,1121,0.3537000,1890,0.3538000,825,0.3539000,1645
gate,binance,ICNTUSDT,0.35478,0.3528000,-0.5581,1774109113000,0.35443,155,0.35442,272,0.35436,327,0.35409,95,0.35407,28,0.35379,29,0.35357,100,0.35356,21150,0.35351,21192,0.3535,125,0.35478,144,0.35479,247,0.3548,849,0.35486,28,0.35513,128,0.35515,28,0.35536,44,0.35537,146,0.35547,6317,0.35548,21163,0.3528000,363,0.3527000,247,0.3526000,261,0.3525000,136,0.3524000,1139,0.3523000,569,0.3522000,1248,0.3521000,1026,0.3520000,1652,0.3519000,1273,0.3530000,16,0.3531000,16,0.3532000,167,0.3533000,302,0.3534000,602,0.3535000,891,0.3536000,1121,0.3537000,1890,0.3538000,859,0.3539000,1645
gate,binance,ICNTUSDT,0.35486,0.3530000,-0.5242,1774109117000,0.35453,378,0.35452,299,0.35408,95,0.35407,28,0.3538,100,0.35379,29,0.35366,100,0.35365,21145,0.35359,39,0.35356,21150,0.35486,28,0.35491,84,0.35492,366,0.35493,282,0.35496,84,0.35497,282,0.35515,28,0.3553,126,0.35536,44,0.35537,146,0.3530000,22,0.3529000,311,0.3528000,455,0.3527000,230,0.3526000,724,0.3525000,743,0.3524000,2122,0.3523000,713,0.3522000,1504,0.3521000,1043,0.3532000,180,0.3533000,378,0.3534000,540,0.3535000,767,0.3536000,1104,0.3537000,1952,0.3538000,776,0.3539000,836,0.3540000,1934,0.3541000,1164
gate,binance,ICNTUSDT,0.35402,0.3530000,-0.2881,1774109118000,0.35379,29,0.35346,154,0.35335,154,0.35297,93,0.35296,59,0.35293,100,0.35292,21183,0.35286,1224,0.35275,6744,0.35274,59,0.35402,154,0.35476,252,0.35485,96,0.35486,28,0.35513,21183,0.35515,28,0.3553,126,0.35537,146,0.35582,4485,0.35583,15977,0.3520000,136,0.3519000,54,0.3518000,558,0.3517000,348,0.3516000,214,0.3515000,832,0.3514000,772,0.3513000,856,0.3512000,640,0.3511000,2473,0.3522000,397,0.3523000,249,0.3524000,1305,0.3525000,1060,0.3526000,568,0.3527000,1018,0.3528000,1180,0.3529000,618,0.3530000,846,0.3531000,1439
gate,binance,ICNTUSDT,0.35396,0.3520000,-0.5537,1774109119000,0.35339,214,0.35338,93,0.35336,28,0.35326,29,0.353,114,0.35293,100,0.35292,21183,0.35286,1224,0.3528,134,0.35266,21203,0.35395,96,0.35396,162,0.35433,28,0.35444,28,0.35474,75,0.35476,252,0.35479,95,0.35519,14190,0.3553,126,0.35537,146,0.3519000,19,0.3518000,146,0.3517000,733,0.3516000,214,0.3515000,181,0.3514000,574,0.3513000,873,0.3512000,1655,0.3511000,2194,0.3510000,1164,0.3520000,81,0.3521000,184,0.3522000,692,0.3523000,537,0.3524000,961,0.3525000,1088,0.3526000,568,0.3527000,1018,0.3528000,1180,0.3529000,618
gate,binance,ICNTUSDT,0.35391,0.3518000,-0.5962,1774109120000,0.35343,139,0.35342,93,0.35336,28,0.35326,29,0.35323,130,0.353,114,0.3528,134,0.35267,100,0.35266,21203,0.35265,1224,0.35392,164,0.35423,94,0.35433,28,0.35444,28,0.35473,21207,0.35474,75,0.35476,252,0.35479,95,0.35486,5490,0.35519,14190,0.3518000,146,0.3517000,245,0.3516000,618,0.3515000,181,0.3514000,304,0.3513000,659,0.3512000,1654,0.3511000,2194,0.3510000,1164,0.3509000,791,0.3519000,281,0.3520000,401,0.3521000,156,0.3522000,664,0.3523000,537,0.3524000,1303,0.3525000,1088,0.3526000,721,0.3527000,1034,0.3528000,1218
gate,binance,ICNTUSDT,0.35385,0.3518000,-0.5793,1774109121000,0.35343,139,0.35337,96,0.35336,28,0.35326,29,0.35323,130,0.3528,134,0.35267,100,0.35266,21203,0.35265,1224,0.35262,1547,0.3539,250,0.35423,94,0.35425,163,0.35433,28,0.35444,28,0.35473,21207,0.35474,21281,0.35476,252,0.35479,95,0.35486,5490,0.3518000,146,0.3517000,245,0.3516000,690,0.3515000,181,0.3514000,304,0.3513000,929,0.3512000,1654,0.3511000,2194,0.3510000,1164,0.3509000,791,0.3520000,173,0.3521000,171,0.3522000,962,0.3523000,537,0.3524000,1303,0.3525000,1088,0.3526000,584,0.3527000,1034,0.3528000,1234,0.3529000,777
gate,binance,ICNTUSDT,0.3536,0.3516000,-0.5656,1774109122000,0.35326,29,0.35292,306,0.35291,96,0.35267,265,0.35266,21203,0.35265,94,0.35261,42413,0.35248,1224,0.35241,344,0.35232,839,0.35361,160,0.35362,283,0.35423,94,0.35425,163,0.35433,28,0.35436,105,0.35444,28,0.35473,42414,0.35474,21281,0.35476,252,0.3516000,226,0.3515000,31,0.3514000,596,0.3513000,317,0.3512000,355,0.3511000,267,0.3510000,1445,0.3509000,429,0.3508000,2655,0.3507000,1197,0.3517000,86,0.3518000,754,0.3519000,156,0.3520000,739,0.3521000,1054,0.3522000,948,0.3523000,784,0.3524000,961,0.3525000,1140,0.3526000,2545
gate,binance,ICNTUSDT,0.3536,0.3516000,-0.5656,1774109123000,0.35327,153,0.35326,29,0.35325,283,0.35305,153,0.35293,96,0.35267,100,0.35266,21203,0.35265,94,0.35261,42413,0.3526,158,0.3536,84,0.35362,566,0.35425,163,0.35433,28,0.35436,105,0.35444,28,0.35473,42414,0.35474,21206,0.35476,252,0.35479,95,0.3516000,112,0.3515000,86,0.3514000,668,0.3513000,317,0.3512000,355,0.3511000,267,0.3510000,1460,0.3509000,429,0.3508000,2655,0.3507000,1214,0.3517000,86,0.3518000,335,0.3519000,156,0.3520000,739,0.3521000,1054,0.3522000,948,0.3523000,784,0.3524000,1061,0.3525000,1140,0.3526000,2545
gate,binance,ICNTUSDT,0.35379,0.3517000,-0.5907,1774109124000,0.35331,142,0.35274,96,0.35273,29,0.35267,100,0.35265,94,0.3526,158,0.35241,344,0.35232,839,0.35229,1171,0.35226,400,0.3538,190,0.35425,163,0.35436,105,0.35444,28,0.35473,42414,0.35474,21206,0.35479,95,0.35486,5490,0.35519,14190,0.35526,200,0.3517000,44,0.3516000,140,0.3515000,515,0.3514000,348,0.3513000,317,0.3512000,522,0.3511000,879,0.3510000,1174,0.3509000,429,0.3508000,2655,0.3518000,16,0.3519000,171,0.3520000,767,0.3521000,1397,0.3522000,948,0.3523000,443,0.3524000,1094,0.3525000,1283,0.3526000,2302,0.3527000,1720
gate,binance,ICNTUSDT,0.35372,0.3517000,-0.5711,1774109125000,0.35331,142,0.35312,96,0.35311,145,0.35273,29,0.3526,158,0.35255,95,0.35241,344,0.35233,100,0.35232,839,0.35229,1171,0.35376,139,0.3538,28,0.35425,163,0.35436,105,0.35444,28,0.35473,42414,0.35474,21206,0.35479,95,0.35486,5490,0.35519,14190,0.3518000,30,0.3517000,86,0.3516000,596,0.3515000,75,0.3514000,276,0.3513000,601,0.3512000,522,0.3511000,879,0.3510000,1174,0.3509000,630,0.3519000,16,0.3520000,175,0.3521000,1008,0.3522000,948,0.3523000,443,0.3524000,1094,0.3525000,1140,0.3526000,2285,0.3527000,1051,0.3528000,1304
gate,binance,ICNTUSDT,0.35363,0.3517000,-0.5458,1774109126000,0.3532,189,0.35273,29,0.35267,142,0.35255,95,0.35248,100,0.35247,42430,0.35241,344,0.35232,839,0.35229,1171,0.35226,400,0.3537,143,0.3538,28,0.35424,49,0.35425,163,0.35436,105,0.35444,28,0.35473,42414,0.35474,21206,0.35479,95,0.35486,5490,0.3517000,103,0.3516000,171,0.3515000,567,0.3514000,182,0.3513000,334,0.3512000,616,0.3511000,879,0.3510000,1274,0.3509000,546,0.3508000,2672,0.3518000,598,0.3519000,470,0.3520000,256,0.3521000,710,0.3522000,1042,0.3523000,785,0.3524000,1094,0.3525000,1283,0.3526000,2285,0.3527000,1051
gate,binance,ICNTUSDT,0.35358,0.3516000,-0.56,1774109127000,0.35313,138,0.35299,96,0.35289,166,0.35273,29,0.35267,142,0.35256,100,0.35255,95,0.35248,100,0.35247,42430,0.35241,344,0.35359,175,0.3538,28,0.35424,49,0.35425,163,0.35436,105,0.35444,28,0.35473,42414,0.35474,21206,0.35479,95,0.35486,5490,0.3516000,16,0.3515000,188,0.3514000,696,0.3513000,317,0.3512000,261,0.3511000,879,0.3510000,1274,0.3509000,529,0.3508000,2672,0.3507000,1197,0.3518000,711,0.3519000,470,0.3520000,910,0.3521000,1054,0.3522000,948,0.3523000,443,0.3524000,1094,0.3525000,1283,0.3526000,2285,0.3527000,1419
gate,binance,ICNTUSDT,0.3538,0.3515000,-0.6501,1774109128000,0.35315,144,0.35293,163,0.35273,29,0.35267,142,0.35256,100,0.35253,113,0.35248,100,0.35247,42430,0.35241,344,0.35232,839,0.35352,163,0.3538,28,0.35424,49,0.35425,163,0.35436,105,0.35444,28,0.35473,42414,0.35474,21206,0.35479,95,0.35487,4724,0.3515000,132,0.3514000,276,0.3513000,722,0.3512000,261,0.3511000,536,0.3510000,1274,0.3509000,529,0.3508000,2655,0.3507000,1214,0.3506000,766,0.3517000,167,0.3518000,1055,0.3519000,171,0.3520000,910,0.3521000,1054,0.3522000,948,0.3523000,443,0.3524000,1094,0.3525000,1383,0.3526000,2285
gate,binance,ICNTUSDT,0.35358,0.3515000,-0.5883,1774109129000,0.35316,162,0.35294,96,0.35293,163,0.35275,115,0.35273,29,0.35253,113,0.35248,100,0.35247,42430,0.35241,344,0.35232,839,0.35359,170,0.3538,28,0.35424,49,0.35425,163,0.35436,105,0.35444,28,0.35473,42414,0.35474,21206,0.35479,95,0.35487,4724,0.3515000,52,0.3514000,287,0.3513000,732,0.3512000,261,0.3511000,267,0.3510000,1274,0.3509000,672,0.3508000,2511,0.3507000,1197,0.3506000,783,0.3517000,140,0.3518000,672,0.3519000,171,0.3520000,910,0.3521000,1054,0.3522000,948,0.3523000,443,0.3524000,1094,0.3525000,1383,0.3526000,2586
gate,binance,ICNTUSDT,0.3534,0.3514000,-0.5659,1774109130000,0.35298,151,0.35276,96,0.35275,115,0.35273,29,0.35272,181,0.35253,113,0.35248,100,0.35247,42430,0.35232,839,0.35231,21225,0.35342,152,0.3538,28,0.35398,134,0.35424,49,0.35425,163,0.35436,21340,0.35444,28,0.35451,16544,0.35479,95,0.35487,4724,0.3514000,77,0.3513000,197,0.3512000,532,0.3511000,267,0.3510000,471,0.3509000,529,0.3508000,801,0.3507000,1179,0.3506000,926,0.3505000,2150,0.3515000,1295,0.3516000,186,0.3517000,269,0.3518000,390,0.3519000,436,0.3520000,816,0.3521000,1380,0.3522000,948,0.3523000,443,0.3524000,1458
gate,binance,ICNTUSDT,0.35338,0.3514000,-0.5603,1774109131000,0.35283,173,0.35282,96,0.35275,115,0.35273,29,0.35253,200,0.35248,100,0.35242,117,0.35231,21225,0.35229,230,0.35226,400,0.35339,234,0.3534,284,0.35369,171,0.3538,28,0.35398,134,0.35424,49,0.35425,163,0.35427,21236,0.35428,21235,0.35436,21340,0.3514000,77,0.3513000,197,0.3512000,635,0.3511000,267,0.3510000,377,0.3509000,529,0.3508000,1144,0.3507000,1179,0.3506000,1026,0.3505000,2150,0.3515000,627,0.3516000,186,0.3517000,156,0.3518000,390,0.3519000,436,0.3520000,1155,0.3521000,1380,0.3522000,948,0.3523000,443,0.3524000,1492
gate,binance,ICNTUSDT,0.35297,0.3509000,-0.5865,1774109132000,0.35243,255,0.35242,117,0.3522,29,0.35206,242,0.35186,39,0.35168,219,0.35167,1224,0.35166,1066,0.35159,9495,0.35157,948,0.35292,167,0.35297,98,0.35327,28,0.35369,171,0.35398,134,0.35425,163,0.35436,105,0.35444,28,0.35451,16544,0.35459,3729,0.3509000,16,0.3508000,137,0.3507000,617,0.3506000,283,0.3505000,184,0.3504000,614,0.3503000,1149,0.3502000,1007,0.3501000,2600,0.3500000,2279,0.3510000,182,0.3511000,158,0.3512000,781,0.3513000,861,0.3514000,1160,0.3515000,295,0.3516000,1028,0.3517000,502,0.3518000,296,0.3519000,1126
gate,binance,ICNTUSDT,0.35299,0.3509000,-0.5921,1774109133000,0.35248,207,0.35247,98,0.35242,117,0.3522,29,0.3521,238,0.35204,131,0.35174,21258,0.35168,219,0.35167,1224,0.35166,1066,0.35299,162,0.353,284,0.35327,28,0.35344,110,0.35369,171,0.35388,21258,0.35398,134,0.35405,4648,0.35425,163,0.35436,105,0.3509000,101,0.3508000,137,0.3507000,711,0.3506000,283,0.3505000,448,0.3504000,1127,0.3503000,806,0.3502000,2007,0.3501000,2600,0.3500000,2643,0.3511000,145,0.3512000,797,0.3513000,613,0.3514000,435,0.3515000,295,0.3516000,1028,0.3517000,502,0.3518000,396,0.3519000,1160,0.3520000,1004
gate,binance,ICNTUSDT,0.35277,0.3507000,-0.5868,1774109134000,0.35232,156,0.35221,98,0.3522,29,0.35204,131,0.35194,257,0.35175,100,0.35174,21258,0.35168,219,0.35167,21263,0.35166,1066,0.35277,156,0.35327,28,0.35339,248,0.35344,110,0.35369,171,0.35383,21263,0.35388,21258,0.35398,134,0.35405,4648,0.35425,163,0.3507000,234,0.3506000,46,0.3505000,496,0.3504000,477,0.3503000,587,0.3502000,923,0.3501000,2583,0.3500000,2352,0.3499000,1298,0.3498000,2076,0.3509000,1878,0.3510000,181,0.3511000,678,0.3512000,728,0.3513000,1108,0.3514000,761,0.3515000,923,0.3516000,1061,0.3517000,866,0.3518000,1803
gate,binance,ICNTUSDT,0.35276,0.3507000,-0.584,1774109135000,0.35223,98,0.35222,156,0.3522,29,0.35204,131,0.35178,121,0.35175,100,0.35174,21258,0.35168,219,0.35167,21263,0.35166,1066,0.35276,140,0.35277,156,0.35281,284,0.35327,28,0.35339,248,0.35344,110,0.35369,21445,0.35383,21263,0.35388,21258,0.35398,134,0.3507000,101,0.3506000,46,0.3505000,584,0.3504000,562,0.3503000,587,0.3502000,938,0.3501000,2583,0.3500000,2352,0.3499000,1541,0.3498000,2093,0.3509000,834,0.3510000,181,0.3511000,565,0.3512000,728,0.3513000,1108,0.3514000,761,0.3515000,923,0.3516000,1061,0.3517000,866,0.3518000,1803
gate,binance,ICNTUSDT,0.35285,0.3506000,-0.6377,1774109136000,0.35244,156,0.35221,98,0.3522,29,0.3521,256,0.35185,122,0.35178,121,0.35175,100,0.35168,219,0.35167,21263,0.35166,1066,0.35289,156,0.35327,28,0.35339,248,0.35369,21274,0.35383,21263,0.35388,21258,0.35398,134,0.35405,4648,0.35425,163,0.35428,14505,0.3506000,135,0.3505000,380,0.3504000,892,0.3503000,243,0.3502000,939,0.3501000,2573,0.3500000,2267,0.3499000,1181,0.3498000,2083,0.3497000,878,0.3509000,94,0.3510000,479,0.3511000,565,0.3512000,1071,0.3513000,1108,0.3514000,761,0.3515000,923,0.3516000,1181,0.3517000,900,0.3518000,2038
gate,binance,ICNTUSDT,0.35282,0.3507000,-0.6009,1774109137000,0.35244,156,0.35221,98,0.3522,29,0.3521,256,0.35185,122,0.35178,121,0.35169,100,0.35168,219,0.35167,21263,0.35166,1066,0.35284,233,0.35285,284,0.35326,135,0.35327,28,0.35369,21274,0.35383,21263,0.35388,21258,0.35398,134,0.35405,4648,0.35425,163,0.3507000,135,0.3506000,166,0.3505000,704,0.3504000,540,0.3503000,519,0.3502000,1012,0.3501000,2924,0.3500000,2003,0.3499000,1545,0.3498000,2100,0.3509000,110,0.3510000,344,0.3511000,554,0.3512000,728,0.3513000,1136,0.3514000,761,0.3515000,923,0.3516000,1181,0.3517000,900,0.3518000,2038
gate,binance,ICNTUSDT,0.35293,0.3507000,-0.6319,1774109138000,0.35248,157,0.35221,98,0.3522,29,0.35203,250,0.35185,122,0.35177,112,0.35169,100,0.35168,319,0.35167,21263,0.35166,1066,0.35293,157,0.35326,135,0.35327,28,0.35335,237,0.35369,21274,0.35383,21263,0.35388,21258,0.35398,134,0.35405,4648,0.35425,163,0.3507000,135,0.3506000,151,0.3505000,1263,0.3504000,468,0.3503000,243,0.3502000,648,0.3501000,2919,0.3500000,2262,0.3499000,1540,0.3498000,2100,0.3509000,110,0.3510000,344,0.3511000,554,0.3512000,728,0.3513000,1136,0.3514000,761,0.3515000,923,0.3516000,1181,0.3517000,900,0.3518000,2038
gate,binance,ICNTUSDT,0.35311,0.3502000,-0.8241,1774109139000,0.35272,143,0.35249,98,0.35248,217,0.3522,29,0.352,158,0.35186,21251,0.35185,122,0.35178,100,0.35177,112,0.35169,100,0.35311,190,0.35326,135,0.35327,28,0.35335,237,0.35369,21274,0.35383,21263,0.35388,21258,0.35405,4648,0.35425,163,0.35428,14505,0.3504000,135,0.3503000,285,0.3502000,951,0.3501000,658,0.3500000,2003,0.3499000,1325,0.3498000,2015,0.3497000,878,0.3496000,1050,0.3495000,2159,0.3508000,135,0.3509000,502,0.3510000,1230,0.3511000,898,0.3512000,1136,0.3513000,777,0.3514000,450,0.3515000,1008,0.3516000,1029,0.3517000,1244
gate,binance,ICNTUSDT,0.35278,0.3506000,-0.6179,1774109140000,0.35236,151,0.35221,98,0.3522,29,0.35204,111,0.352,158,0.35177,112,0.35169,100,0.35168,219,0.35166,1066,0.35159,9495,0.35279,157,0.35314,96,0.35327,28,0.35335,237,0.35352,21280,0.35369,21274,0.35405,4648,0.35425,163,0.35428,14505,0.35436,105,0.3506000,31,0.3505000,151,0.3504000,681,0.3502000,672,0.3501000,1290,0.3500000,2003,0.3499000,1897,0.3498000,2015,0.3497000,878,0.3496000,1163,0.3508000,119,0.3509000,518,0.3510000,1230,0.3511000,300,0.3512000,795,0.3513000,777,0.3514000,567,0.3515000,1008,0.3516000,1029,0.3517000,1482
gate,binance,ICNTUSDT,0.35273,0.3506000,-0.6039,1774109142000,0.35236,151,0.35221,98,0.3522,29,0.35204,111,0.35169,100,0.35168,219,0.35167,100,0.35166,1066,0.35159,9627,0.35157,948,0.35273,202,0.35274,85,0.35275,284,0.35314,96,0.35327,28,0.35344,100,0.35345,139,0.35352,21280,0.35364,21273,0.35369,21274,0.3507000,135,0.3506000,182,0.3505000,619,0.3504000,275,0.3503000,16,0.3502000,1062,0.3501000,1819,0.3500000,2234,0.3499000,1897,0.3498000,2015,0.3509000,245,0.3510000,942,0.3511000,300,0.3512000,795,0.3513000,777,0.3514000,442,0.3515000,1008,0.3516000,1029,0.3517000,1611,0.3518000,2063
gate,binance,ICNTUSDT,0.35271,0.3508000,-0.5415,1774109143000,0.35226,171,0.35225,98,0.3522,29,0.35174,110,0.35169,100,0.35168,219,0.35167,100,0.35159,9627,0.35157,948,0.35156,1394,0.35271,172,0.35272,284,0.35273,284,0.35304,166,0.35327,28,0.35344,100,0.35345,139,0.35352,21280,0.35364,21273,0.35369,21274,0.3508000,31,0.3507000,582,0.3506000,602,0.3505000,151,0.3504000,302,0.3503000,16,0.3502000,938,0.3501000,1976,0.3500000,2382,0.3499000,2295,0.3509000,207,0.3510000,942,0.3511000,300,0.3512000,795,0.3513000,777,0.3514000,442,0.3515000,1008,0.3516000,1029,0.3517000,1611,0.3518000,2063
gate,binance,ICNTUSDT,0.35269,0.3508000,-0.5359,1774109144000,0.35226,180,0.35225,98,0.3522,29,0.35185,129,0.35174,110,0.35169,100,0.35168,219,0.3516,100,0.35159,9627,0.35157,948,0.35269,149,0.3527,136,0.35271,284,0.35272,369,0.35273,284,0.35303,50,0.35304,166,0.35327,28,0.35344,100,0.35352,21280,0.3508000,31,0.3507000,16,0.3506000,618,0.3505000,151,0.3504000,302,0.3503000,16,0.3502000,938,0.3501000,2618,0.3500000,2382,0.3499000,2295,0.3509000,110,0.3510000,579,0.3511000,300,0.3512000,795,0.3513000,777,0.3514000,442,0.3515000,1008,0.3516000,1029,0.3517000,1611,0.3518000,2063
gate,binance,ICNTUSDT,0.35276,0.3508000,-0.5556,1774109145000,0.3523,182,0.35221,98,0.3522,29,0.35197,124,0.35174,110,0.35169,100,0.35168,335,0.3516,100,0.35159,9495,0.35157,948,0.35276,186,0.35303,50,0.35304,166,0.35327,28,0.35344,100,0.35352,21280,0.35364,21273,0.35369,21274,0.35383,16987,0.35425,163,0.3508000,31,0.3507000,16,0.3506000,792,0.3505000,151,0.3504000,302,0.3503000,44,0.3502000,809,0.3501000,2618,0.3500000,2510,0.3499000,2295,0.3509000,138,0.3510000,579,0.3511000,300,0.3512000,795,0.3513000,777,0.3514000,470,0.3515000,1008,0.3516000,1029,0.3517000,1611,0.3518000,2063
