spot_exch,fut_exch,symbol,ask_spot,bid_futures,spread_pct,ts,s_b1,s_b2,s_b3,s_b4,s_b5,s_b6,s_b7,s_b8,s_b9,s_b10,s_bq1,s_bq2,s_bq3,s_bq4,s_bq5,s_bq6,s_bq7,s_bq8,s_bq9,s_bq10,s_a1,s_a2,s_a3,s_a4,s_a5,s_a6,s_a7,s_a8,s_a9,s_a10,s_aq1,s_aq2,s_aq3,s_aq4,s_aq5,s_aq6,s_aq7,s_aq8,s_aq9,s_aq10,f_b1,f_b2,f_b3,f_b4,f_b5,f_b6,f_b7,f_b8,f_b9,f_b10,f_bq1,f_bq2,f_bq3,f_bq4,f_bq5,f_bq6,f_bq7,f_bq8,f_bq9,f_bq10,f_a1,f_a2,f_a3,f_a4,f_a5,f_a6,f_a7,f_a8,f_a9,f_a10,f_aq1,f_aq2,f_aq3,f_aq4,f_aq5,f_aq6,f_aq7,f_aq8,f_aq9,f_aq10
okx,gate,VINEUSDT,0.01731,0.01732,0.0578,1774108907000,,,,,,,,,,,,,,,,,,,,,,,,,,,,,,,,,,,,,,,,,,,,,,,,,,,,,,,,,,,,,,,,,,,,,,,,,,,,,,,,
okx,gate,VINEUSDT,0.0173,0.01732,0.1156,1774108908000,0.01726,7699.68,0.01725,35892.55,0.01724,17396.93,0.01723,8297.63,0.01722,2779.6,0.01721,6794.64,0.0172,22150.88,0.01719,21508.77,0.01718,5094.84,0.01717,7052.6,0.01731,6936.41,0.01732,5730.97,0.01733,13092.09,0.01734,25387.1,0.01735,5000,0.01736,21496.02,0.01737,40415.74,0.01738,16526.84,0.01739,5000,0.0174,23302.94,,,,,,,,,,,,,,,,,,,,,,,,,,,,,,,,,,,,,,,,
okx,gate,VINEUSDT,0.0173,0.01732,0.1156,1774108921000,0.01726,93109.2,0.01724,7488.77,0.01723,37636.74,0.01722,19275.62,0.01721,1794.64,0.0172,22318.1,0.01719,28643.26,0.01718,7750.54,0.01717,9908.1,0.01716,11.36,0.0173,5736.51,0.01731,6936.41,0.01732,7467.07,0.01733,5869,0.01734,19657.78,0.01735,5000,0.01736,21496.02,0.01737,42242.67,0.01738,17720.77,0.01739,5000,0.01732,618,0.01731,805,0.0173,2783,0.01729,995,0.01728,3499,0.01727,1230,0.01726,1267,0.01725,3974,0.01724,2518,0.01723,536,0.01737,4696,0.01738,6300,0.01739,1654,0.0174,527,0.01741,2922,0.01742,1027,0.01743,982,0.01744,3990,0.01745,982,0.01746,2387
okx,gate,VINEUSDT,0.01733,0.01733,0.0,1774108922000,0.01727,5962.4,0.01726,95690.52,0.01725,7590.43,0.01724,30.85,0.01723,36766.17,0.01722,19275.62,0.01721,1794.64,0.0172,22322.22,0.01719,28643.26,0.01718,9449.28,0.01733,9446.15,0.01734,19657.78,0.01736,28051.04,0.01737,35415.74,0.01738,16526.84,0.01739,6831.92,0.0174,26615.83,0.01741,16063.08,0.01742,27589.22,0.01743,8047.1,0.01733,177,0.01732,303,0.01731,2691,0.0173,2783,0.01729,1732,0.01728,2762,0.01727,1230,0.01726,1267,0.01725,3974,0.01724,2518,0.01737,1654,0.01738,2187,0.01739,1654,0.0174,526,0.01741,2922,0.01742,1027,0.01743,982,0.01744,3990,0.01745,982,0.01746,2387
okx,gate,VINEUSDT,0.01733,0.01733,0.0,1774108923000,0.01728,5958.95,0.01727,7891.24,0.01726,94045.12,0.01725,28468.54,0.01724,30.85,0.01723,8297.63,0.01722,19275.62,0.01721,1794.64,0.0172,22322.22,0.01719,32186.12,0.01733,4711.05,0.01734,19657.78,0.01735,4746.44,0.01736,16496.02,0.01737,6947.2,0.01738,16526.84,0.01739,35300.46,0.0174,26615.83,0.01741,11910.45,0.01742,27589.22,0.01733,484,0.01732,535,0.01731,2691,0.0173,2238,0.01729,1732,0.01728,2762,0.01727,1230,0.01726,1267,0.01725,3974,0.01724,2518,0.01737,1654,0.01738,1037,0.01739,1654,0.0174,1631,0.01741,2922,0.01742,1027,0.01743,982,0.01744,3990,0.01745,982,0.01746,2387
okx,gate,VINEUSDT,0.01733,0.01733,0.0,1774108924000,0.01728,12893.36,0.01727,9602.5,0.01726,94043.93,0.01725,28468.54,0.01724,30.85,0.01723,8297.63,0.01722,19275.62,0.01721,1794.64,0.0172,22322.22,0.01719,32186.12,0.01733,4711.05,0.01734,19657.78,0.01735,4746.44,0.01736,16496.02,0.01737,11947.2,0.01738,16526.84,0.01739,6831.92,0.0174,26615.83,0.01741,16063.08,0.01742,27589.22,0.01733,484,0.01732,303,0.01731,1037,0.0173,2238,0.01729,1732,0.01728,2762,0.01727,1230,0.01726,1267,0.01725,3974,0.01724,2518,0.01737,1654,0.01738,1037,0.01739,1886,0.0174,1631,0.01741,2922,0.01742,1027,0.01743,982,0.01744,3990,0.01745,982,0.01746,2387
okx,gate,VINEUSDT,0.01733,0.01732,-0.0577,1774108930000,0.01727,7691.5,0.01726,94068.05,0.01724,30.85,0.01723,8297.63,0.01722,19275.62,0.01721,4977.83,0.0172,14143.14,0.01719,24460.95,0.01718,10193.51,0.01717,17030.33,0.01733,19485.45,0.01734,19657.78,0.01735,5000,0.01736,16496.02,0.01737,11947.2,0.01738,21526.84,0.01739,6971.18,0.0174,26615.83,0.01741,16063.08,0.01742,27589.22,0.01732,1118,0.01731,2199,0.0173,4101,0.01729,995,0.01728,2762,0.01727,1230,0.01726,1267,0.01725,3974,0.01724,2518,0.01723,7531,0.01737,1654,0.01738,1037,0.01739,1886,0.0174,526,0.01741,2922,0.01742,1027,0.01743,982,0.01744,3990,0.01745,982,0.01746,2387
okx,gate,VINEUSDT,0.01734,0.01733,-0.0577,1774108937000,0.01727,7815.1,0.01726,93995.4,0.01725,12.39,0.01724,30.85,0.01723,8297.63,0.01722,19275.62,0.01721,9975.78,0.0172,14143.14,0.01719,24460.95,0.01718,9071.94,0.01734,8907.25,0.01735,10491.93,0.01736,16496.02,0.01737,11947.2,0.01738,21526.84,0.01739,6971.18,0.0174,26615.83,0.01741,16063.08,0.01742,27589.22,0.01743,8047.1,0.01733,315,0.01732,2457,0.01731,2201,0.0173,4044,0.01729,995,0.01728,2762,0.01727,1230,0.01726,1267,0.01725,3974,0.01724,2518,0.01738,1037,0.01739,1886,0.0174,526,0.01741,2922,0.01742,1027,0.01743,982,0.01744,3990,0.01745,982,0.01746,2387,0.01747,2031
okx,gate,VINEUSDT,0.01734,0.01733,-0.0577,1774108938000,0.01728,12895.36,0.01727,18225.12,0.01726,94062.76,0.01724,30.85,0.01723,8297.63,0.01722,19275.62,0.01721,9975.78,0.0172,14143.14,0.01719,12049.33,0.01718,5094.84,0.01734,12681.9,0.01735,4746.44,0.01736,16496.02,0.01737,11947.2,0.01738,21526.84,0.01739,6971.18,0.0174,26615.83,0.01741,16063.08,0.01742,27589.22,0.01743,8047.1,0.01733,1352,0.01732,2457,0.01731,2201,0.0173,3709,0.01729,995,0.01728,2762,0.01727,1230,0.01726,1267,0.01725,3974,0.01724,2518,0.01738,1037,0.01739,1654,0.0174,526,0.01741,2922,0.01742,1027,0.01743,982,0.01744,3990,0.01745,982,0.01746,2387,0.01747,2031
okx,gate,VINEUSDT,0.01734,0.01733,-0.0577,1774108939000,0.01728,5958.95,0.01727,19194.93,0.01726,93109.2,0.01724,30.85,0.01723,8297.63,0.01722,19275.62,0.01721,9975.78,0.0172,14143.14,0.01719,12049.33,0.01718,5094.84,0.01734,12681.9,0.01735,4746.44,0.01736,16496.02,0.01737,11947.2,0.01738,21526.84,0.01739,6971.18,0.0174,26615.83,0.01741,16063.08,0.01742,27589.22,0.01743,8047.1,0.01733,1851,0.01732,2689,0.01731,2197,0.0173,3709,0.01729,995,0.01728,2762,0.01727,1230,0.01726,1267,0.01725,4552,0.01724,1938,0.01738,1036,0.01739,1654,0.0174,526,0.01741,2922,0.01742,1027,0.01743,982,0.01744,3418,0.01745,1554,0.01746,2387,0.01747,2031
okx,gate,VINEUSDT,0.01734,0.01733,-0.0577,1774108940000,0.01728,6020.75,0.01727,19194.93,0.01726,93109.2,0.01724,30.85,0.01723,8297.63,0.01722,19275.62,0.01721,9975.78,0.0172,14143.14,0.01719,12049.33,0.01718,5094.84,0.01734,12681.9,0.01735,4746.44,0.01736,16496.02,0.01737,11947.2,0.01738,21526.84,0.01739,6971.18,0.0174,26615.83,0.01741,16063.08,0.01742,27589.22,0.01743,8047.1,0.01733,1852,0.01732,2689,0.01731,2197,0.0173,3709,0.01729,995,0.01728,2762,0.01727,1230,0.01726,1267,0.01725,4552,0.01724,1938,0.01739,1654,0.0174,526,0.01741,2922,0.01742,1027,0.01743,982,0.01744,3418,0.01745,1554,0.01746,2387,0.01747,2031,0.01748,1036
okx,gate,VINEUSDT,0.01733,0.01733,0.0,1774108943000,0.01728,5958.95,0.01727,19194.93,0.01726,93109.2,0.01724,30.85,0.01723,8297.63,0.01722,22458.81,0.01721,6794.64,0.0172,14143.14,0.01719,12049.33,0.01718,5094.84,0.01733,10027.96,0.01734,6936.41,0.01735,10554.67,0.01736,22304.25,0.01737,11947.2,0.01738,21526.84,0.01739,6971.18,0.0174,26615.83,0.01741,16063.08,0.01742,32130.51,0.01733,1852,0.01732,2457,0.01731,2197,0.0173,3709,0.01729,995,0.01728,2762,0.01727,1230,0.01726,1267,0.01725,4552,0.01724,1938,0.01738,1037,0.01739,1655,0.0174,1026,0.01741,4651,0.01742,5791,0.01743,982,0.01744,3418,0.01745,1554,0.01746,2387,0.01747,2031
okx,gate,VINEUSDT,0.01732,0.01733,0.0577,1774108945000,0.01728,5958.95,0.01727,27068.42,0.01726,93109.2,0.01725,28468.54,0.01724,30.85,0.01723,8297.63,0.01722,22458.81,0.01721,1794.64,0.0172,14143.14,0.01719,13738.32,0.01733,10027.96,0.01734,6936.41,0.01735,10554.67,0.01736,22304.25,0.01737,11947.2,0.01738,49995.38,0.01739,6971.18,0.0174,26615.83,0.01741,16063.08,0.01742,32130.51,0.01733,1714,0.01732,2457,0.01731,2197,0.0173,3709,0.01729,1777,0.01728,2762,0.01727,1230,0.01726,1267,0.01725,4552,0.01724,1938,0.01738,2142,0.01739,1655,0.0174,1026,0.01741,4651,0.01742,5791,0.01743,982,0.01744,3418,0.01745,1554,0.01746,2387,0.01747,2031
okx,gate,VINEUSDT,0.01732,0.01732,0.0,1774108947000,0.01728,5958.95,0.01727,19170.33,0.01726,100982.69,0.01725,28468.54,0.01724,30.85,0.01723,8297.63,0.01722,22458.81,0.01721,1794.64,0.0172,14143.14,0.01719,15536.96,0.01733,9836.19,0.01734,11682.85,0.01735,10808.23,0.01736,39665.65,0.01737,40415.74,0.01738,16526.84,0.01739,6971.18,0.0174,26615.83,0.01741,16063.08,0.01742,32130.51,0.01732,1118,0.01731,1965,0.0173,3209,0.01729,995,0.01728,3544,0.01727,1230,0.01726,1267,0.01725,4552,0.01724,1938,0.01723,536,0.01737,1105,0.01738,1283,0.01739,3916,0.0174,5790,0.01741,2922,0.01742,1027,0.01743,982,0.01744,3418,0.01745,1554,0.01746,2387
okx,gate,VINEUSDT,0.01733,0.01732,-0.0577,1774108948000,0.01728,5958.95,0.01727,10293.14,0.01726,93978.26,0.01725,28468.54,0.01724,30.85,0.01723,8297.63,0.01722,19275.62,0.01721,1794.64,0.0172,14143.14,0.01719,12813.87,0.01733,14414.22,0.01734,23432.43,0.01736,39051.77,0.01737,35415.74,0.01738,16526.84,0.01739,6193.93,0.0174,27248.82,0.01741,16063.08,0.01742,34929.74,0.01743,5247.87,0.01732,849,0.01731,1969,0.0173,3209,0.01729,995,0.01728,3544,0.01727,1230,0.01726,1267,0.01725,4552,0.01724,1938,0.01723,7531,0.01737,2759,0.01738,1272,0.01739,2188,0.0174,1026,0.01741,2922,0.01742,1027,0.01743,982,0.01744,3418,0.01745,1554,0.01746,2387
okx,gate,VINEUSDT,0.01733,0.01732,-0.0577,1774108949000,0.01728,5958.95,0.01727,10293.14,0.01726,93978.26,0.01725,28468.54,0.01724,30.85,0.01723,8297.63,0.01722,19275.62,0.01721,4977.83,0.0172,14143.14,0.01719,12813.87,0.01733,14414.22,0.01734,23432.43,0.01736,39051.77,0.01737,35415.74,0.01738,16526.84,0.01739,6193.93,0.0174,27248.82,0.01741,16063.08,0.01742,34929.74,0.01743,5247.87,0.01732,980,0.01731,1969,0.0173,3209,0.01729,995,0.01728,3544,0.01727,1230,0.01726,1267,0.01725,4552,0.01724,1938,0.01723,7531,0.01737,2759,0.01738,1272,0.01739,2188,0.0174,1026,0.01741,2922,0.01742,1027,0.01743,982,0.01744,3418,0.01745,1554,0.01746,2387
okx,gate,VINEUSDT,0.01733,0.01732,-0.0577,1774108950000,0.01728,5958.95,0.01727,10293.14,0.01726,93978.26,0.01725,28468.54,0.01724,30.85,0.01723,8297.63,0.01722,19275.62,0.01721,4977.83,0.0172,14143.14,0.01719,12813.87,0.01733,14414.22,0.01734,23432.43,0.01736,39051.77,0.01737,35415.74,0.01738,16526.84,0.01739,6193.93,0.0174,27248.82,0.01741,16063.08,0.01742,34929.74,0.01743,5247.87,0.01732,2772,0.01731,1969,0.0173,4052,0.01729,995,0.01728,2762,0.01727,1230,0.01726,1267,0.01725,4552,0.01724,1938,0.01723,7531,0.01737,1654,0.01738,1037,0.01739,3232,0.0174,1026,0.01741,2922,0.01742,1027,0.01743,982,0.01744,3418,0.01745,1554,0.01746,2387
okx,gate,VINEUSDT,0.01733,0.01732,-0.0577,1774108951000,0.01728,5958.95,0.01727,10293.14,0.01726,110474.28,0.01725,28468.54,0.01724,30.85,0.01723,8297.63,0.01722,19275.62,0.01721,4977.83,0.0172,14143.14,0.01719,12394.26,0.01733,9667.78,0.01734,6936.41,0.01735,4746.44,0.01736,28560.12,0.01737,35415.74,0.01738,16526.84,0.01739,6193.93,0.0174,25421.9,0.01741,11910.45,0.01742,27589.22,0.01732,2772,0.01731,1965,0.0173,4052,0.01729,995,0.01728,2762,0.01727,1230,0.01726,1267,0.01725,4552,0.01724,1938,0.01723,7531,0.01738,1041,0.01739,2188,0.0174,1026,0.01741,2922,0.01742,1027,0.01743,982,0.01744,3418,0.01745,1554,0.01746,2387,0.01747,2031
okx,gate,VINEUSDT,0.01733,0.01732,-0.0577,1774108955000,0.01728,5958.95,0.01727,10293.14,0.01726,110474.28,0.01725,28468.54,0.01724,30.85,0.01723,8297.63,0.01722,19275.62,0.01721,4977.83,0.0172,14143.14,0.01719,11527.66,0.01733,9667.78,0.01734,11682.85,0.01735,10921.67,0.01736,28560.12,0.01737,35415.74,0.01738,18498.02,0.01739,6193.93,0.0174,21496.02,0.01741,16063.08,0.01742,38855.62,0.01732,2772,0.01731,1965,0.0173,4052,0.01729,995,0.01728,2762,0.01727,1230,0.01726,1267,0.01725,4552,0.01724,1938,0.01723,7531,0.01738,2399,0.01739,2188,0.0174,1026,0.01741,2922,0.01742,1027,0.01743,982,0.01744,3418,0.01745,1554,0.01746,2387,0.01747,9026
okx,gate,VINEUSDT,0.01733,0.01732,-0.0577,1774108960000,0.01727,7829.86,0.01726,118961.66,0.01725,28468.54,0.01724,30.85,0.01723,8297.63,0.01722,19275.62,0.01721,4977.83,0.0172,14143.14,0.01719,7964.93,0.01718,13666.03,0.01733,9667.78,0.01734,11682.85,0.01735,10921.67,0.01736,28560.12,0.01737,35415.74,0.01738,18498.02,0.01739,6193.93,0.0174,21496.02,0.01741,16063.08,0.01742,38855.62,0.01732,2772,0.01731,1965,0.0173,4052,0.01729,995,0.01728,2762,0.01727,1230,0.01726,1267,0.01725,4552,0.01724,1938,0.01723,7531,0.01738,2399,0.01739,2188,0.0174,1026,0.01741,2922,0.01742,1027,0.01743,982,0.01744,3418,0.01745,1554,0.01746,2387,0.01747,9026
okx,gate,VINEUSDT,0.01733,0.01732,-0.0577,1774108964000,0.01727,7768.16,0.01726,110474.28,0.01725,8487.38,0.01724,30.85,0.01723,8297.63,0.01722,19275.62,0.01721,4977.83,0.0172,14143.14,0.01719,7964.93,0.01718,17500.09,0.01733,9667.78,0.01734,11682.85,0.01735,10921.67,0.01736,28560.12,0.01737,45907.39,0.01738,18498.02,0.01739,6193.93,0.0174,21496.02,0.01741,16063.08,0.01742,38855.62,0.01732,2772,0.01731,1965,0.0173,4052,0.01729,995,0.01728,2762,0.01727,1230,0.01726,1267,0.01725,4552,0.01724,1938,0.01723,7531,0.01738,2399,0.01739,2188,0.0174,1026,0.01741,2922,0.01742,1027,0.01743,982,0.01744,3418,0.01745,1554,0.01746,2387,0.01747,9026
okx,gate,VINEUSDT,0.01733,0.01732,-0.0577,1774108966000,0.01727,7891.56,0.01726,110474.28,0.01725,8487.38,0.01724,30.85,0.01723,8297.63,0.01722,19275.62,0.01721,4977.83,0.0172,14143.14,0.01719,7964.93,0.01718,17500.09,0.01733,9667.78,0.01734,11682.85,0.01735,21413.32,0.01736,28560.12,0.01737,35415.74,0.01738,18498.02,0.01739,6193.93,0.0174,21496.02,0.01741,16063.08,0.01742,38855.62,0.01732,2772,0.01731,1965,0.0173,4052,0.01729,995,0.01728,2762,0.01727,1230,0.01726,1267,0.01725,4552,0.01724,1938,0.01723,7531,0.01738,2085,0.01739,2188,0.0174,1026,0.01741,2922,0.01742,1027,0.01743,982,0.01744,3418,0.01745,1554,0.01746,2387,0.01747,9026
okx,gate,VINEUSDT,0.01732,0.01732,0.0,1774108971000,0.01727,7768.16,0.01726,110474.28,0.01725,8487.38,0.01724,28499.39,0.01723,8297.63,0.01722,19275.62,0.01721,4977.83,0.0172,14143.14,0.01719,7964.93,0.01718,17500.09,0.01733,14414.22,0.01734,23432.43,0.01736,39051.77,0.01737,35415.74,0.01738,18498.02,0.01739,6193.93,0.0174,21496.02,0.01741,16063.08,0.01742,38855.62,0.01743,5247.87,0.01732,1118,0.01731,1965,0.0173,4052,0.01729,995,0.01728,2762,0.01727,1230,0.01726,1267,0.01725,4552,0.01724,1938,0.01723,7531,0.01738,2203,0.01739,2191,0.0174,1026,0.01741,2922,0.01742,1027,0.01743,982,0.01744,3418,0.01745,1554,0.01746,2387,0.01747,9026
okx,gate,VINEUSDT,0.01732,0.01732,0.0,1774108972000,0.01727,7768.16,0.01726,102465.64,0.01725,28468.54,0.01724,30.85,0.01723,8297.63,0.01722,19275.62,0.01721,4977.83,0.0172,14143.14,0.01719,7964.93,0.01718,17500.09,0.01732,10496.02,0.01733,14414.22,0.01734,23432.43,0.01736,39051.77,0.01737,35415.74,0.01738,18498.02,0.01739,6193.93,0.0174,21496.02,0.01741,16063.08,0.01742,38855.62,0.01732,987,0.01731,1965,0.0173,4052,0.01729,995,0.01728,2762,0.01727,1230,0.01726,1267,0.01725,4552,0.01724,1938,0.01723,7531,0.01738,2203,0.01739,2188,0.0174,1026,0.01741,2922,0.01742,1027,0.01743,982,0.01744,3418,0.01745,1554,0.01746,2387,0.01747,9026
okx,gate,VINEUSDT,0.01733,0.01732,-0.0577,1774108973000,0.01727,7768.16,0.01726,102465.64,0.01725,28468.54,0.01724,30.85,0.01723,8297.63,0.01722,19275.62,0.01721,4977.83,0.0172,14143.14,0.01719,7964.93,0.01718,17500.09,0.01732,10496.02,0.01733,14414.22,0.01734,23432.43,0.01736,39051.77,0.01737,35415.74,0.01738,18498.02,0.01739,6193.93,0.0174,21496.02,0.01741,16063.08,0.01742,38855.62,0.01732,849,0.01731,1966,0.0173,4052,0.01729,995,0.01728,2762,0.01727,1230,0.01726,1267,0.01725,4552,0.01724,1938,0.01723,7531,0.01738,2203,0.01739,2188,0.0174,1026,0.01741,2922,0.01742,1027,0.01743,982,0.01744,3418,0.01745,1554,0.01746,2387,0.01747,9026
okx,gate,VINEUSDT,0.01733,0.01732,-0.0577,1774108975000,0.01727,7768.16,0.01726,109605.22,0.01725,8487.38,0.01724,30.85,0.01723,9168.2,0.01722,19275.62,0.01721,4977.83,0.0172,14143.14,0.01719,7964.93,0.01718,17500.09,0.01733,9667.78,0.01734,6936.41,0.01735,9746.44,0.01736,39051.77,0.01737,35415.74,0.01738,18498.02,0.01739,6193.93,0.0174,21496.02,0.01741,16063.08,0.01742,38855.62,0.01732,2772,0.01731,1966,0.0173,4052,0.01729,995,0.01728,2762,0.01727,1230,0.01726,1267,0.01725,4552,0.01724,1938,0.01723,7531,0.01738,2203,0.01739,2188,0.0174,1026,0.01741,2922,0.01742,1027,0.01743,982,0.01744,3418,0.01745,1554,0.01746,2387,0.01747,9026
okx,gate,VINEUSDT,0.01733,0.01732,-0.0577,1774108976000,0.01727,7768.16,0.01726,110474.28,0.01725,36955.92,0.01724,30.85,0.01723,8297.63,0.01722,19275.62,0.01721,4977.83,0.0172,14143.14,0.01719,7964.93,0.01718,17500.09,0.01733,9667.78,0.01734,12897.07,0.01735,9746.44,0.01736,39051.77,0.01737,35415.74,0.01738,18498.02,0.01739,6193.93,0.0174,21496.02,0.01741,16063.08,0.01742,38855.62,0.01732,2772,0.01731,1965,0.0173,4052,0.01729,995,0.01728,2762,0.01727,1230,0.01726,1267,0.01725,4552,0.01724,1938,0.01723,7531,0.01738,2081,0.01739,2193,0.0174,1026,0.01741,2922,0.01742,1027,0.01743,982,0.01744,3418,0.01745,1554,0.01746,2387,0.01747,9026
okx,gate,VINEUSDT,0.01733,0.01732,-0.0577,1774108977000,0.01727,7768.16,0.01726,110474.28,0.01725,36955.92,0.01724,30.85,0.01723,8297.63,0.01722,19275.62,0.01721,4977.83,0.0172,14143.14,0.01719,7964.93,0.01718,17500.09,0.01733,9667.78,0.01734,12897.07,0.01735,9746.44,0.01736,39051.77,0.01737,35415.74,0.01738,18498.02,0.01739,6193.93,0.0174,21496.02,0.01741,16063.08,0.01742,38855.62,0.01732,2641,0.01731,1965,0.0173,4052,0.01729,995,0.01728,2762,0.01727,1230,0.01726,1267,0.01725,4552,0.01724,1938,0.01723,7531,0.01738,2139,0.01739,2193,0.0174,1026,0.01741,2922,0.01742,1027,0.01743,982,0.01744,3418,0.01745,1554,0.01746,2387,0.01747,9026
okx,gate,VINEUSDT,0.01734,0.01732,-0.1153,1774108979000,0.01728,5960.66,0.01727,13901.82,0.01726,118961.66,0.01725,28468.54,0.01724,30.85,0.01723,8297.63,0.01722,19275.62,0.01721,4977.83,0.0172,14143.14,0.01719,7964.93,0.01734,12897.07,0.01735,9746.44,0.01736,28560.12,0.01737,45907.39,0.01738,18498.02,0.01739,6193.93,0.0174,21496.02,0.01741,16063.08,0.01742,38855.62,0.01743,5247.87,0.01732,2641,0.01731,1965,0.0173,4052,0.01729,995,0.01728,2762,0.01727,1230,0.01726,1267,0.01725,4552,0.01724,1938,0.01723,7531,0.01738,2139,0.01739,2193,0.0174,1026,0.01741,2922,0.01742,1027,0.01743,982,0.01744,3418,0.01745,1554,0.01746,2387,0.01747,9026
okx,gate,VINEUSDT,0.01736,0.01734,-0.1152,1774108980000,0.01731,5948.62,0.0173,9585.67,0.01729,30258.64,0.01728,28468.54,0.01726,109605.22,0.01724,30.85,0.01723,8297.63,0.01722,2779.6,0.01721,16408.46,0.0172,14143.14,0.01736,5955.49,0.01737,12902.69,0.01738,30.82,0.01739,10701.93,0.0174,16496.02,0.01741,6910.45,0.01742,16529.98,0.01743,9173.75,0.01744,28370.84,0.01745,65.58,0.01734,3652,0.01733,2076,0.01732,2692,0.01731,2200,0.0173,3709,0.01729,995,0.01728,2762,0.01727,1230,0.01726,1845,0.01725,3974,0.0174,113,0.01741,1339,0.01742,2181,0.01743,1921,0.01744,3418,0.01745,982,0.01746,2387,0.01747,2603,0.01748,1036,0.01749,2190
okx,gate,VINEUSDT,0.01736,0.01734,-0.1152,1774108983000,0.01731,5948.62,0.0173,11293.83,0.01729,24297.98,0.01728,28468.54,0.01726,109605.22,0.01724,30.85,0.01723,8297.63,0.01722,2779.6,0.01721,16408.46,0.0172,14143.14,0.01736,10701.93,0.01737,12944.34,0.01738,22460.7,0.01739,5000,0.0174,21496.02,0.01741,35378.99,0.01742,21529.98,0.01743,9173.75,0.01744,28370.84,0.01745,65.58,0.01734,3475,0.01733,2076,0.01732,2692,0.01731,2200,0.0173,3709,0.01729,995,0.01728,2762,0.01727,1230,0.01726,1845,0.01725,3974,0.0174,1659,0.01741,1345,0.01742,2181,0.01743,1921,0.01744,3418,0.01745,982,0.01746,2387,0.01747,2603,0.01748,1036,0.01749,2190
okx,gate,VINEUSDT,0.01735,0.01734,-0.0576,1774108999000,0.01731,5948.62,0.0173,11258.22,0.01729,24297.98,0.01728,28468.54,0.01726,16519.97,0.01724,5030.85,0.01723,13297.63,0.01722,7779.6,0.01721,14947.09,0.0172,14143.14,0.01736,5955.49,0.01737,11735.29,0.01738,22460.7,0.01739,5000,0.0174,30942.94,0.01741,35378.99,0.01742,21529.98,0.01743,9173.75,0.01744,28370.84,0.01745,5065.58,0.01734,3337,0.01733,2076,0.01732,2692,0.01731,2200,0.0173,3709,0.01729,995,0.01728,2762,0.01727,1230,0.01726,1845,0.01725,3974,0.01739,295,0.0174,1663,0.01741,1515,0.01742,2181,0.01743,3222,0.01744,8182,0.01745,982,0.01746,2387,0.01747,2603,0.01748,1036
okx,gate,VINEUSDT,0.01733,0.01734,0.0577,1774109003000,0.0173,5952.06,0.01729,11277.98,0.01728,28468.54,0.01726,16519.97,0.01725,869.56,0.01724,5030.85,0.01723,13297.63,0.01722,7779.6,0.01721,26473.85,0.0172,22986.05,0.01734,6922.41,0.01735,10739.21,0.01736,16496.02,0.01737,6947.2,0.01738,16526.84,0.01739,5000,0.0174,21496.02,0.01741,40378.99,0.01742,21529.98,0.01743,9173.75,0.01731,293,0.0173,2185,0.01729,1572,0.01728,3115,0.01727,730,0.01726,1845,0.01725,3974,0.01724,1938,0.01723,536,0.01722,2181,0.01737,2048,0.01738,1891,0.01739,539,0.0174,1834,0.01741,2549,0.01742,2181,0.01743,982,0.01744,3418,0.01745,982,0.01746,2387
okx,gate,VINEUSDT,0.01731,0.01732,0.0578,1774109004000,0.01726,5997.31,0.01725,5973.36,0.01724,6004.21,0.01723,16095.02,0.01722,2779.6,0.01721,26473.85,0.0172,19143.14,0.01719,7964.93,0.01718,21590.86,0.01717,15574.57,0.01731,6928.4,0.01732,144.03,0.01733,21496.02,0.01734,11922.41,0.01735,4746.44,0.01736,16496.02,0.01737,6947.2,0.01738,44995.38,0.01739,5000,0.0174,21496.02,0.01731,293,0.0173,531,0.01729,1572,0.01728,2262,0.01727,730,0.01726,1267,0.01725,4748,0.01724,1938,0.01723,7532,0.01722,2181,0.01737,2916,0.01738,1898,0.01739,532,0.0174,1834,0.01741,1515,0.01742,2181,0.01743,982,0.01744,3418,0.01745,982,0.01746,2387
okx,gate,VINEUSDT,0.01726,0.01731,0.2897,1774109009000,0.01726,23.95,0.01725,1225.8,0.01724,30891.6,0.01723,37636.74,0.01722,2779.6,0.01721,33889.48,0.0172,12765.6,0.01719,16685.61,0.01718,8047.86,0.01717,7760.7,0.01731,12877.41,0.01732,7720.41,0.01733,16496.02,0.01734,6922.41,0.01735,5957.22,0.01736,21496.02,0.01737,11947.2,0.01738,44995.38,0.01739,5000,0.0174,21496.02,0.01731,844,0.0173,2191,0.01729,1572,0.01728,2262,0.01727,2004,0.01726,1267,0.01725,3974,0.01724,1938,0.01723,1616,0.01722,9177,0.01737,2042,0.01738,1654,0.01739,1032,0.0174,2334,0.01741,2015,0.01742,2681,0.01743,982,0.01744,3990,0.01745,982,0.01746,9383
okx,gate,VINEUSDT,0.0173,0.0173,0.0,1774109011000,0.01725,1225.8,0.01724,16526.87,0.01723,9168.2,0.01722,2779.6,0.01721,25801.33,0.0172,12743.43,0.01719,19818.97,0.01718,8047.86,0.01717,5030.85,0.01716,1820.09,0.0173,5940.24,0.01731,14640.14,0.01732,10957.22,0.01733,33212.18,0.01734,6922.41,0.01735,33468.54,0.01736,21508.66,0.01737,11947.2,0.01738,16526.84,0.01739,5000,0.0173,302,0.01729,1572,0.01728,2262,0.01727,1230,0.01726,3201,0.01725,3974,0.01724,1140,0.01723,1616,0.01722,2681,0.01721,2645,0.01736,3030,0.01737,3475,0.01738,6653,0.01739,1032,0.0174,2334,0.01741,2015,0.01742,2681,0.01743,982,0.01744,3990,0.01745,982
okx,gate,VINEUSDT,0.0173,0.0173,0.0,1774109012000,0.01724,813.58,0.01723,12510.24,0.01722,9539.09,0.01721,25827.17,0.0172,12743.43,0.01719,19818.97,0.01718,8041.16,0.01717,5030.85,0.01716,11.36,0.01715,3323.51,0.0173,5940.24,0.01731,12919.89,0.01732,13445.26,0.01733,16496.02,0.01734,6922.41,0.01735,33468.54,0.01736,21508.66,0.01737,11947.2,0.01738,16526.84,0.01739,5000,0.0173,1951,0.01729,1335,0.01728,2262,0.01727,1230,0.01726,2015,0.01725,3974,0.01724,1140,0.01723,1616,0.01722,2681,0.01721,2645,0.01735,1167,0.01736,1897,0.01737,1485,0.01738,1889,0.01739,3151,0.0174,7098,0.01741,2015,0.01742,2681,0.01743,982,0.01744,3990
okx,gate,VINEUSDT,0.0173,0.0173,0.0,1774109013000,0.01725,791.72,0.01724,5933.22,0.01723,12510.24,0.01722,3650.68,0.01721,33090.04,0.0172,21337.08,0.01719,11685.61,0.01718,8041.16,0.01717,5030.85,0.01716,5011.36,0.0173,5940.24,0.01731,7001.65,0.01732,7639.56,0.01733,10964.12,0.01734,24288.55,0.01735,33468.54,0.01736,21508.66,0.01737,11947.2,0.01738,16526.84,0.01739,5000,0.0173,2266,0.01729,1335,0.01728,2262,0.01727,1230,0.01726,2015,0.01725,3974,0.01724,1140,0.01723,1616,0.01722,2681,0.01721,2645,0.01736,3073,0.01737,1485,0.01738,1889,0.01739,3151,0.0174,7098,0.01741,2015,0.01742,2681,0.01743,982,0.01744,3990,0.01745,982
okx,gate,VINEUSDT,0.01727,0.01729,0.1158,1774109015000,0.01724,6946.45,0.01723,4669.85,0.01722,5926.51,0.01721,36657.96,0.0172,12743.43,0.01719,18948.48,0.01718,12665.88,0.01717,5030.85,0.01716,5011.36,0.01715,12.66,0.0173,6345.73,0.01731,20346.84,0.01732,29082.3,0.01733,5247.87,0.01734,29288.55,0.01735,33468.54,0.01736,21508.66,0.01737,11947.2,0.01738,16526.84,0.01739,5000,0.01728,115,0.01727,1277,0.01726,767,0.01725,2449,0.01724,1678,0.01723,1116,0.01722,2181,0.01721,3232,0.0172,576,0.01719,2129,0.01733,1538,0.01734,538,0.01735,1776,0.01736,2397,0.01737,3467,0.01738,6641,0.01739,3151,0.0174,2334,0.01741,2015,0.01742,2681
okx,gate,VINEUSDT,0.01727,0.01728,0.0579,1774109018000,0.0172,5938.98,0.01719,9338.24,0.01718,12262.01,0.01717,14036.73,0.01716,23647.74,0.01715,24806.85,0.01714,13223.87,0.01713,12244.3,0.01712,6675.99,0.01711,5248.07,0.01727,10881.31,0.01728,14302.23,0.01729,6009.27,0.0173,17366.14,0.01731,11959.22,0.01732,22366.14,0.01733,5247.87,0.01734,24288.55,0.01735,5000,0.01736,21567.47,0.01728,419,0.01727,1279,0.01726,767,0.01725,2449,0.01724,1678,0.01723,536,0.01722,3268,0.01721,3145,0.0172,1656,0.01719,2129,0.01732,1300,0.01733,1042,0.01734,2192,0.01735,538,0.01736,2393,0.01737,1485,0.01738,2389,0.01739,1032,0.0174,2908,0.01741,2015
okx,gate,VINEUSDT,0.01724,0.01728,0.232,1774109019000,0.01717,10764.11,0.01716,27268.35,0.01715,19864.99,0.01714,9999.37,0.01713,13720.31,0.01712,11248.6,0.01711,5248.07,0.0171,30.85,0.01709,5011.18,0.01708,5648.17,0.01724,10931.7,0.01725,11771.36,0.01726,12204.59,0.01727,6729.1,0.01728,29896.78,0.01729,5034.76,0.0173,17400.1,0.01731,11959.22,0.01732,22366.14,0.01733,5247.87,0.01728,120,0.01727,239,0.01726,534,0.01725,2449,0.01724,1678,0.01723,1036,0.01722,2681,0.01721,2054,0.0172,1656,0.01719,2129,0.01732,3012,0.01733,1279,0.01734,2192,0.01735,538,0.01736,2393,0.01737,1485,0.01738,2389,0.01739,1032,0.0174,2908,0.01741,2015
okx,gate,VINEUSDT,0.01724,0.01728,0.232,1774109020000,0.01717,16371.84,0.01716,30042.66,0.01715,12226.55,0.01714,18678.98,0.01713,1357.5,0.01712,9912.54,0.01711,5248.07,0.0171,5030.85,0.01709,5011.18,0.01708,6205.7,0.01724,11804.94,0.01725,13500.46,0.01726,5979.77,0.01727,10974.51,0.01728,29896.78,0.01729,5034.76,0.0173,22400.1,0.01731,11959.22,0.01732,22366.14,0.01733,5247.87,0.01728,120,0.01727,239,0.01726,534,0.01725,2449,0.01724,1678,0.01723,1036,0.01722,2681,0.01721,2054,0.0172,1656,0.01719,2129,0.01732,3012,0.01733,1279,0.01734,2192,0.01735,1038,0.01736,2393,0.01737,1485,0.01738,2389,0.01739,1032,0.0174,2908,0.01741,2015
okx,gate,VINEUSDT,0.01725,0.01727,0.1159,1774109021000,0.01717,16402.69,0.01716,30042.66,0.01715,12226.55,0.01714,18678.98,0.01713,1357.5,0.01712,9912.54,0.01711,5248.07,0.0171,5030.85,0.01709,5011.18,0.01708,6205.7,0.01725,13500.46,0.01726,5934.85,0.01727,10974.51,0.01728,29896.78,0.01729,5034.76,0.0173,22400.1,0.01731,11959.22,0.01732,22366.14,0.01733,5247.87,0.01734,24288.55,0.01727,120,0.01726,414,0.01725,2329,0.01724,1678,0.01723,1036,0.01722,2681,0.01721,2054,0.0172,1656,0.01719,2129,0.01718,2011,0.01732,3012,0.01733,1279,0.01734,6944,0.01735,1038,0.01736,2393,0.01737,1485,0.01738,2389,0.01739,1032,0.0174,2908,0.01741,9034
okx,gate,VINEUSDT,0.01725,0.01727,0.1159,1774109022000,0.01718,8158.25,0.01717,10105.58,0.01716,36735.61,0.01715,11362.23,0.01714,18678.98,0.01713,1357.5,0.01712,9912.54,0.01711,5248.07,0.0171,5030.85,0.01709,8100.64,0.01725,11771.36,0.01726,7663.95,0.01727,10974.51,0.01728,29896.78,0.01729,5034.76,0.0173,22400.1,0.01731,11959.22,0.01732,22366.14,0.01733,5247.87,0.01734,24288.55,0.01727,120,0.01726,414,0.01725,2329,0.01724,1677,0.01723,1036,0.01722,2681,0.01721,2054,0.0172,1777,0.01719,2750,0.01718,2132,0.01732,3068,0.01733,3852,0.01734,6944,0.01735,1038,0.01736,2393,0.01737,1485,0.01738,2389,0.01739,1032,0.0174,2908,0.01741,9034
okx,gate,VINEUSDT,0.01725,0.01727,0.1159,1774109023000,0.01718,5170.65,0.01717,10105.58,0.01716,28363.6,0.01715,1571.45,0.01714,15633.58,0.01713,5664.79,0.01712,6675.99,0.01711,5248.07,0.0171,5030.85,0.01709,8100.64,0.01725,11771.36,0.01726,31011.54,0.01727,17918.51,0.01728,37708.01,0.01729,5034.76,0.0173,22400.1,0.01731,11959.22,0.01732,22366.14,0.01733,5247.87,0.01734,24288.55,0.01727,119,0.01726,414,0.01725,675,0.01724,1677,0.01723,536,0.01722,2681,0.01721,2054,0.0172,1777,0.01719,2750,0.01718,2132,0.01732,3068,0.01733,3853,0.01734,6944,0.01735,1038,0.01736,2393,0.01737,1485,0.01738,2389,0.01739,1032,0.0174,2908,0.01741,9034
okx,gate,VINEUSDT,0.01725,0.01726,0.058,1774109025000,0.01718,7411.35,0.01717,10105.58,0.01716,22765.9,0.01715,7169.15,0.01714,9892.57,0.01713,5702.8,0.01712,13916.76,0.01711,12470.52,0.0171,5030.85,0.01709,8100.64,0.01725,13500.46,0.01726,23300.99,0.01727,10981.45,0.01728,37708.01,0.01729,5034.76,0.0173,22400.1,0.01731,11959.22,0.01732,22366.14,0.01733,5247.87,0.01734,24288.55,0.01726,119,0.01725,2330,0.01724,1677,0.01723,1036,0.01722,2681,0.01721,2054,0.0172,1777,0.01719,2750,0.01718,2632,0.01717,788,0.01732,3805,0.01733,4151,0.01734,6944,0.01735,1038,0.01736,2393,0.01737,1485,0.01738,2389,0.01739,1032,0.0174,2908,0.01741,9034
okx,gate,VINEUSDT,0.01725,0.01725,0.0,1774109026000,0.01718,8158.25,0.01717,10105.58,0.01716,22765.9,0.01715,15900.23,0.01714,9892.57,0.01713,5702.8,0.01712,18074.93,0.01711,12470.52,0.0171,5030.85,0.01709,8100.64,0.01725,13500.46,0.01726,23300.99,0.01727,10981.45,0.01728,37708.01,0.01729,5034.76,0.0173,22400.1,0.01731,11959.22,0.01732,22366.14,0.01733,5247.87,0.01734,24288.55,0.01725,2322,0.01724,1564,0.01723,1036,0.01722,2681,0.01721,2054,0.0172,1896,0.01719,2869,0.01718,2751,0.01717,1456,0.01716,4263,0.01732,3805,0.01733,4151,0.01734,6946,0.01735,1038,0.01736,2393,0.01737,1485,0.01738,2389,0.01739,1032,0.0174,2908,0.01741,9034
okx,gate,VINEUSDT,0.01725,0.01725,0.0,1774109027000,0.01718,8158.25,0.01717,10105.58,0.01716,22765.9,0.01715,15900.23,0.01714,9892.57,0.01713,5702.8,0.01712,18074.93,0.01711,12470.52,0.0171,5030.85,0.01709,8906.62,0.01725,13500.46,0.01726,23300.99,0.01727,10981.45,0.01728,37708.01,0.01729,5034.76,0.0173,22400.1,0.01731,11959.22,0.01732,22366.14,0.01733,5247.87,0.01734,24288.55,0.01725,2322,0.01724,1564,0.01723,1036,0.01722,2681,0.01721,2054,0.0172,1896,0.01719,4349,0.01718,1271,0.01717,1956,0.01716,4263,0.01732,3749,0.01733,4151,0.01734,6946,0.01735,1038,0.01736,2393,0.01737,1485,0.01738,2389,0.01739,1032,0.0174,2908,0.01741,9034
okx,gate,VINEUSDT,0.01725,0.01726,0.058,1774109028000,0.01718,8158.25,0.01717,10105.58,0.01716,22765.9,0.01715,15900.23,0.01714,9892.57,0.01713,5702.8,0.01712,18074.93,0.01711,12470.52,0.0171,5030.85,0.01709,8906.62,0.01725,13500.46,0.01726,23300.99,0.01727,10981.45,0.01728,37708.01,0.01729,5034.76,0.0173,22400.1,0.01731,11959.22,0.01732,22366.14,0.01733,5247.87,0.01734,24288.55,0.01726,414,0.01725,2402,0.01724,1564,0.01723,1036,0.01722,2681,0.01721,2054,0.0172,1896,0.01719,4349,0.01718,1271,0.01717,1809,0.01732,3749,0.01733,4151,0.01734,6944,0.01735,1038,0.01736,2393,0.01737,1485,0.01738,2389,0.01739,1032,0.0174,2908,0.01741,9034
okx,gate,VINEUSDT,0.01725,0.01726,0.058,1774109031000,0.01718,8158.25,0.01717,10105.58,0.01716,22765.9,0.01715,15900.23,0.01714,9892.57,0.01713,5702.8,0.01712,18074.93,0.01711,12470.52,0.0171,5030.85,0.01709,8906.62,0.01725,19481.91,0.01726,23300.99,0.01727,5000,0.01728,37708.01,0.01729,5034.76,0.0173,22400.1,0.01731,11959.22,0.01732,22366.14,0.01733,5247.87,0.01734,24288.55,0.01728,7,0.01726,414,0.01725,2216,0.01724,1564,0.01723,1036,0.01722,2681,0.01721,2054,0.0172,2450,0.01719,4349,0.01718,1271,0.0173,1333,0.01732,2395,0.01733,3647,0.01734,6944,0.01735,538,0.01736,2393,0.01737,1485,0.01738,2389,0.01739,1032,0.0174,2908
okx,gate,VINEUSDT,0.01724,0.01726,0.116,1774109034000,0.01719,1279.11,0.01718,5170.65,0.01717,10362.4,0.01716,22545.37,0.01715,15900.23,0.01714,9892.57,0.01713,5702.8,0.01712,18074.93,0.01711,12470.52,0.0171,8010.9,0.01724,4542.18,0.01725,13500.46,0.01726,17408.67,0.01727,10981.45,0.01728,37708.01,0.01729,5034.76,0.0173,22400.1,0.01731,11959.22,0.01732,22366.14,0.01733,5247.87,0.01728,7,0.01726,414,0.01725,2210,0.01724,1564,0.01723,1036,0.01722,2681,0.01721,2054,0.0172,2450,0.01719,4349,0.01718,1271,0.0173,1333,0.01732,2395,0.01733,3647,0.01734,6944,0.01735,538,0.01736,2393,0.01737,1485,0.01738,2389,0.01739,1032,0.0174,2908
okx,gate,VINEUSDT,0.01724,0.01725,0.058,1774109036000,0.01718,556.35,0.01717,10352.37,0.01716,27268.35,0.01715,10307.61,0.01714,13134.28,0.01713,12455.17,0.01712,15757.05,0.01711,5248.07,0.0171,5030.85,0.01709,7456.63,0.01724,4542.18,0.01725,19481.91,0.01726,17408.67,0.01727,5000,0.01728,37708.01,0.01729,5034.76,0.0173,22400.1,0.01731,11959.22,0.01732,22366.14,0.01733,5247.87,0.01725,2073,0.01724,1331,0.01723,1036,0.01722,3098,0.01721,2054,0.0172,1870,0.01719,4349,0.01718,1271,0.01717,1837,0.01716,4263,0.0173,1333,0.01731,236,0.01732,2400,0.01733,3647,0.01734,6944,0.01735,538,0.01736,2393,0.01737,1485,0.01738,2963,0.01739,1032
okx,gate,VINEUSDT,0.01724,0.01725,0.058,1774109038000,0.01718,556.35,0.01717,10362.4,0.01716,27268.35,0.01715,2446.68,0.01714,18591.2,0.01713,10664.79,0.01712,16528.99,0.01711,13734.54,0.0171,5030.85,0.01709,2456.63,0.01724,4542.18,0.01725,19481.91,0.01726,17408.67,0.01727,5000,0.01728,37708.01,0.01729,5034.76,0.0173,22400.1,0.01731,11959.22,0.01732,22366.14,0.01733,5247.87,0.01725,419,0.01724,1334,0.01723,1036,0.01722,3080,0.01721,2054,0.0172,1316,0.01719,4349,0.01718,1825,0.01717,1837,0.01716,4263,0.0173,1391,0.01731,236,0.01732,2400,0.01733,3647,0.01734,6944,0.01735,538,0.01736,2393,0.01737,1485,0.01738,2963,0.01739,1032
okx,gate,VINEUSDT,0.01723,0.01725,0.1161,1774109039000,0.01718,1279.41,0.01717,10352.37,0.01716,17377.5,0.01715,6496.62,0.01714,10037.41,0.01713,20011.52,0.01712,17154.97,0.01711,20736.92,0.0171,5030.85,0.01709,2456.63,0.01723,5867.58,0.01724,6271.28,0.01725,17795.55,0.01726,30747.46,0.01727,5000,0.01728,24326.69,0.01729,5034.76,0.0173,22400.1,0.01731,11959.22,0.01732,27411.06,0.01725,323,0.01724,1334,0.01723,1042,0.01722,3080,0.01721,2054,0.0172,1316,0.01719,2869,0.01718,3305,0.01717,1837,0.01716,4263,0.0173,2432,0.01731,2369,0.01732,7147,0.01733,1574,0.01734,2192,0.01735,1038,0.01736,2393,0.01737,1485,0.01738,2963,0.01739,1032
okx,gate,VINEUSDT,0.01723,0.01725,0.1161,1774109040000,0.01718,556.35,0.01717,10352.37,0.01716,17377.5,0.01715,6496.62,0.01714,10037.41,0.01713,20011.52,0.01712,17154.97,0.01711,20736.92,0.0171,5030.85,0.01709,2456.63,0.01723,5867.58,0.01724,6271.28,0.01725,17795.55,0.01726,30747.46,0.01727,5000,0.01728,24326.69,0.01729,5034.76,0.0173,22400.1,0.01731,11959.22,0.01732,27411.06,0.01725,323,0.01724,1334,0.01723,1042,0.01722,3080,0.01721,2054,0.0172,1316,0.01719,2869,0.01718,3305,0.01717,1837,0.01716,4263,0.01729,1333,0.0173,2695,0.01731,2373,0.01732,7143,0.01733,1574,0.01734,2192,0.01735,1038,0.01736,2393,0.01737,1485,0.01738,2963
okx,gate,VINEUSDT,0.01723,0.01725,0.1161,1774109041000,0.01718,556.35,0.01717,13956.11,0.01716,17377.5,0.01715,898.92,0.01714,10037.41,0.01713,20011.52,0.01712,17154.97,0.01711,20736.92,0.0171,5030.85,0.01709,1998.81,0.01723,5867.58,0.01724,6271.28,0.01725,17795.55,0.01726,17366.14,0.01727,5000,0.01728,24326.69,0.01729,5034.76,0.0173,22400.1,0.01731,11959.22,0.01732,27411.06,0.01725,146,0.01724,1335,0.01723,1045,0.01722,3080,0.01721,2054,0.0172,1981,0.01719,2869,0.01718,2751,0.01717,1837,0.01716,4263,0.0173,2695,0.01731,2373,0.01732,7143,0.01733,2796,0.01734,2192,0.01735,1038,0.01736,2393,0.01737,1485,0.01738,2963,0.01739,1032
okx,gate,VINEUSDT,0.01722,0.01725,0.1742,1774109043000,0.01718,556.35,0.01717,7250.24,0.01716,24083.37,0.01715,898.92,0.01714,6902.5,0.01713,8175.22,0.01712,14319.83,0.01711,6924.06,0.0171,5030.85,0.01709,1998.81,0.01723,5867.58,0.01724,6271.28,0.01725,17795.55,0.01726,17366.14,0.01727,5000,0.01728,29326.69,0.01729,5034.76,0.0173,22400.1,0.01731,11959.22,0.01732,27411.06,0.01725,146,0.01724,1335,0.01723,1039,0.01722,3080,0.01721,2054,0.0172,1981,0.01719,2869,0.01718,2751,0.01717,1837,0.01716,4263,0.01729,1214,0.0173,3917,0.01731,2373,0.01732,7143,0.01733,1574,0.01734,2192,0.01735,1038,0.01736,2393,0.01737,1485,0.01738,2963
okx,gate,VINEUSDT,0.01721,0.01723,0.1162,1774109055000,0.01719,570.6,0.01718,62345.81,0.01717,112.64,0.01716,17377.5,0.01715,887.89,0.01714,13608.37,0.01713,13943.35,0.01712,10661.81,0.01711,15294.87,0.0171,9961.69,0.01721,5879.63,0.01722,12848.3,0.01723,7641.33,0.01724,10527.1,0.01725,11962.57,0.01726,17366.14,0.01727,5000,0.01728,29326.69,0.01729,5034.76,0.0173,22400.1,0.01723,803,0.01722,3503,0.01721,2054,0.0172,1981,0.01719,2869,0.01718,1271,0.01717,1837,0.01716,6253,0.01715,531,0.01714,7211,0.01729,1820,0.0173,2931,0.01731,2670,0.01732,7143,0.01733,1574,0.01734,2692,0.01735,1038,0.01736,2393,0.01737,1485,0.01738,2963
okx,gate,VINEUSDT,0.01721,0.01723,0.1162,1774109059000,0.01718,62345.81,0.01717,7007.59,0.01716,18252.22,0.01715,6718.53,0.01714,6902.5,0.01713,13943.35,0.01712,10661.81,0.01711,15294.87,0.0171,6453.36,0.01709,10396.12,0.01721,5879.63,0.01722,5873.59,0.01723,7713.17,0.01724,10527.1,0.01725,11962.57,0.01726,17366.14,0.01727,5000,0.01728,29326.69,0.01729,5034.76,0.0173,22400.1,0.01723,803,0.01722,3591,0.01721,2055,0.0172,1981,0.01719,2869,0.01718,1271,0.01717,1837,0.01716,6253,0.01715,1031,0.01714,7211,0.01729,1722,0.0173,2931,0.01731,2670,0.01732,7143,0.01733,1574,0.01734,2692,0.01735,1038,0.01736,2393,0.01737,1485,0.01738,2963
okx,gate,VINEUSDT,0.01722,0.01722,0.0,1774109065000,0.01718,62345.81,0.01717,7007.59,0.01716,18252.22,0.01715,12.66,0.01714,6902.5,0.01713,6386.46,0.01712,10661.81,0.01711,10024.2,0.0171,6453.36,0.01709,16075.94,0.01722,5873.59,0.01723,5972.03,0.01724,11283.32,0.01725,11962.57,0.01726,17366.14,0.01727,10988.4,0.01728,29326.69,0.01729,33503.3,0.0173,22400.1,0.01731,11959.22,0.01722,527,0.01721,3208,0.0172,1483,0.01719,2369,0.01718,2171,0.01717,1255,0.01716,4763,0.01715,2521,0.01714,8086,0.01713,2144,0.01728,2154,0.01729,1919,0.0173,2936,0.01731,3166,0.01732,7143,0.01733,1574,0.01734,2692,0.01735,1614,0.01736,2393,0.01737,1485
okx,gate,VINEUSDT,0.01722,0.01723,0.0581,1774109078000,0.01719,5222.73,0.01718,62345.81,0.01717,7007.59,0.01716,17377.5,0.01715,887.89,0.01714,6902.5,0.01713,12774.87,0.01712,19534.86,0.01711,9864.91,0.0171,19505.84,0.01722,5873.59,0.01723,7653.37,0.01724,34658.12,0.01725,6962.57,0.01726,17366.14,0.01727,10984.92,0.01728,29326.69,0.01729,33503.3,0.0173,22400.1,0.01731,17004.14,0.01723,665,0.01722,794,0.01721,3208,0.0172,816,0.01719,2369,0.01718,1755,0.01717,1255,0.01716,4763,0.01715,2521,0.01714,8086,0.01727,1043,0.01728,2154,0.01729,705,0.0173,3431,0.01731,4388,0.01732,7143,0.01733,1574,0.01734,2692,0.01735,1614,0.01736,2393
okx,gate,VINEUSDT,0.01722,0.01722,0.0,1774109079000,0.01719,5222.73,0.01718,62345.81,0.01717,7007.59,0.01716,17377.5,0.01715,887.89,0.01714,6902.5,0.01713,12774.87,0.01712,19534.86,0.01711,9864.91,0.0171,19505.84,0.01722,5873.59,0.01723,7653.37,0.01724,34658.12,0.01725,6962.57,0.01726,17366.14,0.01727,10984.92,0.01728,29326.69,0.01729,33503.3,0.0173,22400.1,0.01731,17004.14,0.01722,1459,0.01721,3208,0.0172,816,0.01719,2369,0.01718,1755,0.01717,1255,0.01716,4763,0.01715,2521,0.01714,8086,0.01713,2144,0.01727,1043,0.01728,2154,0.01729,705,0.0173,3431,0.01731,4388,0.01732,7143,0.01733,1574,0.01734,2692,0.01735,1614,0.01736,2393
okx,gate,VINEUSDT,0.01722,0.01722,0.0,1774109087000,0.01719,5168.77,0.01718,62345.81,0.01717,7007.59,0.01716,17377.5,0.01715,887.89,0.01714,6902.5,0.01713,15723.34,0.01712,12684.99,0.01711,10027.47,0.0171,19505.84,0.01722,5873.59,0.01723,7675.61,0.01724,28351.06,0.01725,24235.73,0.01726,17366.14,0.01727,5000,0.01728,29326.69,0.01729,33503.3,0.0173,22400.1,0.01731,17004.14,0.01722,1459,0.01721,3208,0.0172,576,0.01719,2129,0.01718,1452,0.01717,1255,0.01716,5003,0.01715,2761,0.01714,8326,0.01713,2146,0.01727,1043,0.01728,2154,0.01729,1008,0.0173,3431,0.01731,4388,0.01732,7143,0.01733,1574,0.01734,2692,0.01735,1614,0.01736,2393
okx,gate,VINEUSDT,0.01722,0.01722,0.0,1774109100000,0.01719,5164.47,0.01718,62345.81,0.01717,7007.59,0.01716,17377.5,0.01715,887.89,0.01714,6902.5,0.01713,21029.75,0.01712,12684.99,0.01711,10027.47,0.0171,19505.84,0.01722,5873.59,0.01723,7675.61,0.01724,10984.92,0.01725,24235.73,0.01726,17366.14,0.01727,5000,0.01728,29326.69,0.01729,33503.3,0.0173,22400.1,0.01731,17004.14,0.01722,794,0.01721,3208,0.0172,1241,0.01719,2129,0.01718,1246,0.01717,1255,0.01716,5003,0.01715,2761,0.01714,8326,0.01713,2146,0.01727,1043,0.01728,3386,0.01729,1001,0.0173,3431,0.01731,3166,0.01732,7143,0.01733,1574,0.01734,2692,0.01735,1614,0.01736,2393
okx,gate,VINEUSDT,0.01723,0.01722,-0.058,1774109101000,0.01719,5164.47,0.01718,62375.25,0.01717,7007.59,0.01716,17377.5,0.01715,887.89,0.01714,6902.5,0.01713,19231.85,0.01712,19442.49,0.01711,6924.06,0.0171,22778.15,0.01723,5885.02,0.01724,6741.14,0.01725,17947.49,0.01726,29639.3,0.01727,5000,0.01728,29326.69,0.01729,33503.3,0.0173,22400.1,0.01731,17004.14,0.01732,22366.14,0.01722,794,0.01721,3210,0.0172,576,0.01719,2794,0.01718,1246,0.01717,1255,0.01716,5003,0.01715,2761,0.01714,8326,0.01713,2146,0.01728,2159,0.01729,1001,0.0173,4653,0.01731,3166,0.01732,7143,0.01733,1574,0.01734,2692,0.01735,1614,0.01736,2393,0.01737,1485
okx,gate,VINEUSDT,0.01722,0.0172,-0.1161,1774109102000,0.01719,5164.47,0.01718,62345.81,0.01717,7007.59,0.01716,11.36,0.01715,12.66,0.01714,6902.5,0.01713,911.04,0.01712,17366.14,0.01711,6924.06,0.0171,19636.85,0.01722,22401.3,0.01723,1785.79,0.01724,22366.14,0.01725,24235.73,0.01726,17366.14,0.01727,10983.18,0.01728,29326.69,0.01729,33503.3,0.0173,22400.1,0.01731,17004.14,0.0172,1437,0.01719,2129,0.01718,1246,0.01717,3413,0.01716,5003,0.01715,2761,0.01714,1292,0.01713,2146,0.01712,474,0.01711,10243,0.01725,1222,0.01726,1833,0.01727,4098,0.01728,7141,0.01729,1001,0.0173,3431,0.01731,1033,0.01732,2391,0.01733,1574,0.01734,2692
okx,gate,VINEUSDT,0.01722,0.0172,-0.1161,1774109105000,0.01719,5164.47,0.01718,62345.81,0.01717,7007.59,0.01716,11.36,0.01715,12.66,0.01714,6902.5,0.01713,911.04,0.01712,17366.14,0.01711,6924.06,0.0171,19636.85,0.01722,22401.3,0.01723,14023.43,0.01724,34639.3,0.01725,11962.57,0.01726,17366.14,0.01727,10984.92,0.01728,29326.69,0.01729,33503.3,0.0173,22400.1,0.01731,17004.14,0.0172,1437,0.01719,2129,0.01718,2345,0.01717,2748,0.01716,5003,0.01715,1271,0.01714,1210,0.01713,5143,0.01712,974,0.01711,10827,0.01726,3075,0.01727,4078,0.01728,7141,0.01729,1001,0.0173,3431,0.01731,1033,0.01732,2391,0.01733,2150,0.01734,2692,0.01735,1038
okx,gate,VINEUSDT,0.01722,0.0172,-0.1161,1774109108000,0.01719,5164.47,0.01718,62345.81,0.01717,7007.59,0.01716,11.36,0.01715,12.66,0.01714,6902.5,0.01713,7283.12,0.01712,17366.14,0.01711,6924.06,0.0171,20906.32,0.01722,24142.44,0.01723,12282.29,0.01724,40624.22,0.01725,25644.22,0.01726,45834.68,0.01727,5000,0.01728,29326.69,0.01729,5034.76,0.0173,22400.1,0.01731,17004.14,0.0172,1437,0.01719,2129,0.01718,2345,0.01717,2748,0.01716,5003,0.01715,1271,0.01714,1210,0.01713,5143,0.01712,974,0.01711,10827,0.01726,1848,0.01727,4078,0.01728,8363,0.01729,1001,0.0173,3431,0.01731,1033,0.01732,2391,0.01733,2150,0.01734,2692,0.01735,1038
okx,gate,VINEUSDT,0.01723,0.0172,-0.1741,1774109115000,0.01719,5164.47,0.01718,62345.81,0.01717,7007.59,0.01716,11.36,0.01715,12.66,0.01714,6902.5,0.01713,7283.12,0.01712,17366.14,0.01711,6924.06,0.0171,20906.32,0.01722,5035.16,0.01723,14170.26,0.01724,22366.14,0.01725,17947.49,0.01726,17366.14,0.01727,33468.54,0.01728,29326.69,0.01729,5034.76,0.0173,22400.1,0.01731,17004.14,0.0172,1437,0.01719,2129,0.01718,1678,0.01717,3413,0.01716,5003,0.01715,1271,0.01714,1210,0.01713,4136,0.01712,1981,0.01711,10827,0.01725,1222,0.01726,1848,0.01727,4078,0.01728,7141,0.01729,1001,0.0173,3431,0.01731,1033,0.01732,2391,0.01733,2150,0.01734,2692
okx,gate,VINEUSDT,0.01723,0.01721,-0.1161,1774109116000,0.01719,5164.47,0.01718,71286.3,0.01717,7007.59,0.01716,28479.9,0.01715,12.66,0.01714,6902.5,0.01713,11406.87,0.01712,17366.14,0.01711,6924.06,0.0171,20906.32,0.01723,155.96,0.01724,5000,0.01725,13715.85,0.01727,10984.92,0.01728,29326.69,0.01729,5034.76,0.0173,50868.64,0.01731,11959.22,0.01732,27699.15,0.01733,5247.87,0.01721,3148,0.0172,1672,0.01719,2129,0.01718,1678,0.01717,2748,0.01716,5003,0.01715,8314,0.01714,1210,0.01713,4136,0.01712,1981,0.01726,18,0.01727,297,0.01728,500,0.01729,1849,0.0173,4517,0.01731,1033,0.01732,2391,0.01733,2150,0.01734,2692,0.01735,1038
okx,gate,VINEUSDT,0.01723,0.01721,-0.1161,1774109117000,0.01719,5162.05,0.01718,62345.81,0.01717,15074.38,0.01716,11.36,0.01715,887.89,0.01714,6902.5,0.01713,11406.87,0.01712,22366.14,0.01711,6924.06,0.0171,20906.32,0.01723,5155.96,0.01724,23220.76,0.01725,11974.71,0.01726,19107.28,0.01727,10981.45,0.01728,29326.69,0.01729,5034.76,0.0173,22400.1,0.01731,11959.22,0.01732,22366.14,0.01721,2154,0.0172,1672,0.01719,2930,0.01718,1678,0.01717,2748,0.01716,5003,0.01715,8314,0.01714,1210,0.01713,4718,0.01712,1981,0.01726,1672,0.01727,1044,0.01728,2685,0.01729,1849,0.0173,4017,0.01731,1033,0.01732,2391,0.01733,2074,0.01734,2692,0.01735,1614
okx,gate,VINEUSDT,0.01723,0.01723,0.0,1774109119000,0.01719,5162.05,0.01718,62419.19,0.01717,7007.59,0.01716,8078.15,0.01715,887.89,0.01714,6902.5,0.01713,5034.79,0.01712,28738.22,0.01711,8294.59,0.0171,20966.67,0.01723,11527.54,0.01724,23220.76,0.01725,17956.16,0.01726,28278.38,0.01727,5000,0.01728,29326.69,0.01729,5034.76,0.0173,22400.1,0.01731,11959.22,0.01732,22366.14,0.01721,1654,0.0172,1440,0.01719,2129,0.01718,1873,0.01717,3549,0.01716,5003,0.01715,8314,0.01714,2700,0.01713,3228,0.01712,1981,0.01726,1661,0.01727,1575,0.01728,3771,0.01729,501,0.0173,2931,0.01731,1033,0.01732,2391,0.01733,2074,0.01734,2692,0.01735,1614
okx,gate,VINEUSDT,0.01723,0.01723,0.0,1774109123000,0.0172,9153.57,0.01719,5167.1,0.01718,63219.51,0.01717,7007.59,0.01716,17377.5,0.01715,12.66,0.01714,11902.5,0.01713,5034.79,0.01712,11372.08,0.01711,8294.59,0.01723,44.65,0.01724,148.47,0.01725,20586.32,0.01726,17366.14,0.01727,5000,0.01728,29326.69,0.01729,5034.76,0.0173,22400.1,0.01731,11959.22,0.01732,22366.14,0.01723,1544,0.01722,494,0.01721,3299,0.0172,1618,0.01719,2629,0.01718,1890,0.01717,1255,0.01716,5003,0.01715,8314,0.01714,2700,0.01728,12,0.01729,304,0.0173,2877,0.01731,1510,0.01732,2391,0.01733,2074,0.01734,2692,0.01735,1614,0.01736,2393,0.01737,985
okx,gate,VINEUSDT,0.01723,0.01723,0.0,1774109142000,0.0172,374.21,0.01719,13946.47,0.01717,7007.59,0.01716,18252.22,0.01715,7845.89,0.01714,11902.5,0.01713,5034.79,0.01712,11372.08,0.01711,8303.15,0.0171,10675.41,0.01723,44.65,0.01724,5148.47,0.01725,19606.61,0.01726,17366.14,0.01727,10981.45,0.01728,29326.69,0.01729,5034.76,0.0173,22400.1,0.01731,11959.22,0.01732,27699.15,0.01723,1044,0.01722,494,0.01721,3299,0.0172,1618,0.01719,2629,0.01718,1798,0.01717,1255,0.01716,6493,0.01715,8314,0.01714,1210,0.01728,1666,0.01729,1038,0.0173,3854,0.01731,533,0.01732,2391,0.01733,2074,0.01734,2692,0.01735,1614,0.01736,2393,0.01737,985
okx,gate,VINEUSDT,0.01722,0.01721,-0.0581,1774109146000,0.0172,374.21,0.01719,4792.9,0.01717,16161.16,0.01716,18252.22,0.01715,5012.66,0.01714,11902.5,0.01713,5034.79,0.01712,11372.08,0.01711,6924.06,0.0171,10675.41,0.01723,44.65,0.01724,28405.48,0.01725,12954.14,0.01726,24107.28,0.01727,5000,0.01728,29326.69,0.01729,5034.76,0.0173,22400.1,0.01731,11959.22,0.01732,27699.15,0.01721,3299,0.0172,1618,0.01719,2629,0.01718,1799,0.01717,1255,0.01716,6493,0.01715,8314,0.01714,1210,0.01713,3228,0.01712,1981,0.01727,1043,0.01728,1666,0.01729,1038,0.0173,3854,0.01731,533,0.01732,2391,0.01733,2074,0.01734,2692,0.01735,1614,0.01736,2393
okx,gate,VINEUSDT,0.01723,0.01723,0.0,1774109148000,0.01719,4792.9,0.01718,374.65,0.01717,16155.08,0.01716,17377.5,0.01715,5012.66,0.01714,12778.24,0.01713,7809.41,0.01712,11372.08,0.01711,8294.59,0.0171,10675.41,0.01723,6785.79,0.01724,28561.45,0.01725,12954.14,0.01726,27191.6,0.01727,5000,0.01728,29326.69,0.01729,5034.76,0.0173,22400.1,0.01731,11959.22,0.01732,27699.15,0.01721,2154,0.0172,1618,0.01719,3539,0.01718,1677,0.01717,3193,0.01716,6493,0.01715,8314,0.01714,1210,0.01713,3228,0.01712,1981,0.01727,1043,0.01728,1859,0.01729,2015,0.0173,2877,0.01731,1033,0.01732,2391,0.01733,2074,0.01734,2692,0.01735,1614,0.01736,2393
okx,gate,VINEUSDT,0.01723,0.01723,0.0,1774109149000,0.0172,374.53,0.01719,13946.47,0.01717,7001.51,0.01716,18252.22,0.01715,5012.66,0.01714,11902.5,0.01713,7809.41,0.01712,11372.08,0.01711,8294.59,0.0171,10675.41,0.01723,44.65,0.01724,5032.02,0.01725,14623.12,0.01726,17366.14,0.01727,5983.18,0.01728,24326.69,0.01729,5034.76,0.0173,22400.1,0.01731,11959.22,0.01732,22366.14,0.01723,1044,0.01722,1029,0.01721,2388,0.0172,2528,0.01719,2629,0.01718,1677,0.01717,1255,0.01716,6493,0.01715,8314,0.01714,1210,0.01728,1660,0.01729,1272,0.0173,2877,0.01731,533,0.01732,2391,0.01733,2074,0.01734,2692,0.01735,1614,0.01736,2393,0.01737,985
okx,gate,VINEUSDT,0.01723,0.01722,-0.058,1774109153000,0.0172,9153.57,0.01719,4792.9,0.01718,374.65,0.01717,7001.51,0.01716,18252.22,0.01715,5012.66,0.01714,11902.5,0.01713,5034.79,0.01712,14205.31,0.01711,6924.06,0.01723,5044.65,0.01724,5995.74,0.01725,13713.83,0.01726,17366.14,0.01727,10981.45,0.01728,29326.69,0.01729,5034.76,0.0173,22400.1,0.01731,11959.22,0.01732,22366.14,0.01723,1043,0.01722,501,0.01721,2388,0.0172,2528,0.01719,2629,0.01718,1691,0.01717,1255,0.01716,6493,0.01715,8314,0.01714,1210,0.01728,1955,0.01729,528,0.0173,3854,0.01731,1033,0.01732,2391,0.01733,2074,0.01734,2692,0.01735,1614,0.01736,2393,0.01737,8029
okx,gate,VINEUSDT,0.01723,0.01722,-0.058,1774109154000,0.01719,5167.33,0.01718,9153.57,0.01717,7001.51,0.01716,18252.22,0.01715,5012.66,0.01714,11902.5,0.01713,5034.79,0.01712,14205.31,0.01711,6924.06,0.0171,14558.48,0.01723,5044.65,0.01724,11917.59,0.01725,13713.83,0.01726,17366.14,0.01727,14825.46,0.01728,29326.69,0.01729,5034.76,0.0173,22400.1,0.01731,11959.22,0.01732,22366.14,0.01722,500,0.01721,2388,0.0172,2528,0.01719,2629,0.01718,1691,0.01717,1255,0.01716,6493,0.01715,8314,0.01714,1210,0.01713,3228,0.01728,1955,0.01729,1505,0.0173,2877,0.01731,1033,0.01732,2391,0.01733,2074,0.01734,2692,0.01735,1614,0.01736,2393,0.01737,8029
okx,gate,VINEUSDT,0.01723,0.01721,-0.1161,1774109158000,0.0172,4775.58,0.01719,5167.33,0.01718,9153.57,0.01717,7001.51,0.01716,18252.22,0.01715,5012.66,0.01714,11902.5,0.01713,5034.79,0.01712,14205.31,0.01711,6924.06,0.01723,5044.65,0.01724,7677.28,0.01725,17954.14,0.01726,17366.14,0.01727,5000,0.01728,29326.69,0.01729,5034.76,0.0173,22400.1,0.01731,11959.22,0.01732,22366.14,0.01721,2155,0.0172,1618,0.01719,3539,0.01718,1684,0.01717,1255,0.01716,5003,0.01715,9804,0.01714,1210,0.01713,3228,0.01712,1981,0.01727,1043,0.01728,2189,0.01729,1505,0.0173,2877,0.01731,1033,0.01732,2391,0.01733,2074,0.01734,2692,0.01735,1614,0.01736,2393
okx,gate,VINEUSDT,0.01723,0.01721,-0.1161,1774109160000,0.0172,4775.58,0.01719,4792.9,0.01718,374.64,0.01717,16155.08,0.01716,18252.22,0.01715,5012.66,0.01714,11902.5,0.01713,5034.79,0.01712,14205.31,0.01711,6924.06,0.01723,6785.79,0.01724,23302.28,0.01725,17954.14,0.01726,17366.14,0.01727,14825.46,0.01728,29326.69,0.01729,5034.76,0.0173,22400.1,0.01731,11959.22,0.01732,22366.14,0.01721,2155,0.0172,1618,0.01719,3539,0.01718,1684,0.01717,1255,0.01716,5003,0.01715,9804,0.01714,1210,0.01713,3228,0.01712,1981,0.01727,1043,0.01728,2198,0.01729,1505,0.0173,2877,0.01731,1033,0.01732,2391,0.01733,2074,0.01734,2692,0.01735,1614,0.01736,2393
okx,gate,VINEUSDT,0.01723,0.01721,-0.1161,1774109175000,0.0172,4775.58,0.01719,4792.9,0.01718,374.68,0.01717,16155.08,0.01716,18601.27,0.01715,5012.66,0.01714,11902.5,0.01713,5034.79,0.01712,14205.31,0.01711,8346.57,0.01723,1785.79,0.01724,5936.14,0.01725,12954.14,0.01726,17366.14,0.01727,5000,0.01728,29326.69,0.01729,5034.76,0.0173,22400.1,0.01731,14651.07,0.01732,22366.14,0.01721,2564,0.0172,1618,0.01719,2129,0.01718,2574,0.01717,2748,0.01716,5003,0.01715,8314,0.01714,2700,0.01713,3228,0.01712,1981,0.01727,1043,0.01728,2192,0.01729,1028,0.0173,2877,0.01731,1033,0.01732,2391,0.01733,3051,0.01734,2692,0.01735,1614,0.01736,2393
okx,gate,VINEUSDT,0.01723,0.01721,-0.1161,1774109176000,0.0172,4775.58,0.01719,4792.9,0.01718,374.68,0.01717,7001.51,0.01716,18601.27,0.01715,5012.66,0.01714,11902.5,0.01713,5034.79,0.01712,14205.31,0.01711,8346.57,0.01723,44.65,0.01724,5936.14,0.01725,19695.28,0.01726,27191.6,0.01727,5000,0.01728,29326.69,0.01729,5034.76,0.0173,22400.1,0.01731,14651.07,0.01732,22366.14,0.01721,1654,0.0172,1618,0.01719,2129,0.01718,2574,0.01717,2748,0.01716,5003,0.01715,8314,0.01714,2700,0.01713,3228,0.01712,1981,0.01727,1043,0.01728,2192,0.01729,1028,0.0173,2877,0.01731,1033,0.01732,2391,0.01733,2074,0.01734,2692,0.01735,1614,0.01736,2393
okx,gate,VINEUSDT,0.01723,0.01722,-0.058,1774109183000,0.0172,4775.58,0.01719,4792.9,0.01718,374.68,0.01717,16155.08,0.01716,47069.81,0.01715,5012.66,0.01714,11902.5,0.01713,5034.79,0.01712,14205.31,0.01711,8346.57,0.01723,5044.65,0.01724,7677.28,0.01725,17954.14,0.01726,17366.14,0.01727,5000,0.01728,29326.69,0.01729,33503.3,0.0173,22400.1,0.01731,17292.23,0.01732,22366.14,0.01721,1654,0.0172,1618,0.01719,2129,0.01718,2717,0.01717,2748,0.01716,5003,0.01715,8314,0.01714,2700,0.01713,3228,0.01712,1981,0.01727,1043,0.01728,2190,0.01729,1028,0.0173,2877,0.01731,1033,0.01732,2391,0.01733,2074,0.01734,2692,0.01735,1614,0.01736,2393
okx,gate,VINEUSDT,0.01723,0.01723,0.0,1774109223000,0.0172,5042.37,0.01719,4258.1,0.01718,10982.61,0.01717,41693.11,0.01716,17377.5,0.01715,5012.66,0.01714,11902.5,0.01713,5034.79,0.01712,14205.31,0.01711,8346.57,0.01723,44.65,0.01724,26.85,0.01725,19695.28,0.01726,17366.14,0.01727,5000,0.01728,29326.69,0.01729,5034.76,0.0173,50868.64,0.01731,11959.22,0.01732,22366.14,0.01723,2698,0.01722,740,0.01721,2786,0.0172,2118,0.01719,2629,0.01718,3041,0.01717,1027,0.01716,6493,0.01715,8314,0.01714,1210,0.01728,1949,0.01729,1781,0.0173,2877,0.01731,1033,0.01732,2391,0.01733,2074,0.01734,2692,0.01735,1614,0.01736,2393,0.01737,8029
okx,gate,VINEUSDT,0.01725,0.01723,-0.1159,1774109249000,0.01723,9926.11,0.0172,6968.64,0.01719,374.95,0.01718,11001.07,0.01717,40470.05,0.01716,17377.5,0.01715,5012.66,0.01714,11902.5,0.01713,6677.5,0.01712,15843.95,0.01726,4878.85,0.01727,11032.94,0.01728,24326.69,0.01729,5034.76,0.0173,22400.1,0.01731,11959.22,0.01732,22366.14,0.01733,5247.87,0.01734,24288.55,0.01736,16567.47,0.01723,3782,0.01722,968,0.01721,1876,0.0172,2118,0.01719,2629,0.01718,2545,0.01717,1027,0.01716,6493,0.01715,8314,0.01714,2215,0.01729,6,0.01731,533,0.01732,3291,0.01733,2074,0.01734,2692,0.01735,1614,0.01736,2393,0.01737,985,0.01738,1889,0.01739,532
okx,gate,VINEUSDT,0.01727,0.01726,-0.0579,1774109250000,0.01723,112.5,0.01722,112.5,0.01721,373.22,0.0172,12966.54,0.01719,12098.19,0.01718,12735.01,0.01717,40470.05,0.01716,17377.5,0.01715,5012.66,0.01714,11902.5,0.01727,6026.66,0.01728,24556.75,0.01729,11007.53,0.0173,22400.1,0.01731,11959.22,0.01732,22366.14,0.01733,5247.87,0.01734,29288.55,0.01736,21900.48,0.01737,6947.2,0.01724,1487,0.01723,2795,0.01722,968,0.01721,2376,0.0172,2118,0.01719,2629,0.01718,9577,0.01717,1027,0.01716,6493,0.01715,1853,0.01729,6,0.01731,533,0.01732,3291,0.01733,2074,0.01734,2692,0.01735,1038,0.01736,2969,0.01737,1485,0.01738,1889,0.01739,532
okx,gate,VINEUSDT,0.01728,0.01726,-0.1157,1774109273000,0.01724,370.94,0.01723,8688.6,0.01722,55209.34,0.01721,5000,0.0172,6968.64,0.01719,1100.29,0.01718,5000,0.01717,12001.51,0.01716,5011.36,0.01715,5012.66,0.01728,27.93,0.01729,6111.67,0.0173,28360.77,0.01731,21563.58,0.01732,22366.14,0.01733,5247.87,0.01734,52757.09,0.01735,5000,0.01736,21567.47,0.01737,11947.2,0.01727,932,0.01726,1044,0.01725,1836,0.01724,985,0.01723,4821,0.01722,5607,0.01721,9408,0.0172,2118,0.01719,2629,0.01718,2511,0.01729,3,0.01731,297,0.01732,2391,0.01733,2074,0.01734,2692,0.01735,1993,0.01736,2393,0.01737,2059,0.01738,2389,0.01739,532
okx,gate,VINEUSDT,0.01728,0.01726,-0.1157,1774109274000,0.01724,370.94,0.01723,8907.77,0.01722,55209.34,0.0172,6968.64,0.01719,1100.29,0.01718,5000,0.01717,12001.51,0.01716,5011.36,0.01715,5012.66,0.01714,12764.75,0.01728,11980.42,0.01729,6019.83,0.0173,22400.1,0.01731,17919.89,0.01732,31970.5,0.01733,5247.87,0.01734,52757.09,0.01735,5000,0.01736,21567.47,0.01737,11947.2,0.01726,1974,0.01725,1836,0.01724,985,0.01723,4821,0.01722,8415,0.01721,9408,0.0172,2118,0.01719,2629,0.01718,2511,0.01717,1609,0.01729,3,0.0173,1,0.01731,297,0.01732,2391,0.01733,2074,0.01734,2692,0.01735,1993,0.01736,2393,0.01737,2059,0.01738,2389
okx,gate,VINEUSDT,0.01728,0.01726,-0.1157,1774109275000,0.01725,370.99,0.01724,9374.66,0.01723,8907.77,0.01722,45834.68,0.0172,6968.64,0.01719,1100.29,0.01718,5000,0.01717,12001.51,0.01716,5011.36,0.01715,5012.66,0.01728,11980.42,0.01729,34.76,0.0173,22400.1,0.01731,17919.89,0.01732,31970.5,0.01733,5247.87,0.01734,52757.09,0.01735,5000,0.01736,21567.47,0.01737,11947.2,0.01726,1974,0.01725,1836,0.01724,985,0.01723,4821,0.01722,8415,0.01721,9408,0.0172,2118,0.01719,2629,0.01718,2511,0.01717,1609,0.01729,3,0.0173,1,0.01731,297,0.01732,2391,0.01733,2074,0.01734,3647,0.01735,1038,0.01736,2393,0.01737,2059,0.01738,2389
okx,gate,VINEUSDT,0.01728,0.01726,-0.1157,1774109280000,,,,,,,,,,,,,,,,,,,,,,,,,,,,,,,,,,,,,,,,,0.01726,1974,0.01725,1840,0.01724,985,0.01723,4821,0.01722,8409,0.01721,9408,0.0172,2118,0.01719,2629,0.01718,2511,0.01717,1609,0.01729,3,0.01731,797,0.01732,2391,0.01733,2074,0.01734,3647,0.01735,1038,0.01736,2393,0.01737,2059,0.01738,2389,0.01739,532
okx,gate,VINEUSDT,0.01728,0.01726,-0.1157,1774109285000,0.01725,372.64,0.01724,9374.66,0.01723,8688.6,0.01722,45834.68,0.0172,6968.64,0.01719,1100.29,0.01718,5000,0.01717,12001.51,0.01716,5011.36,0.01715,5012.66,0.01728,11980.42,0.01729,34.76,0.0173,22400.1,0.01731,17919.89,0.01732,22366.14,0.01733,5247.87,0.01734,52757.09,0.01735,5000,0.01736,21567.47,0.01737,11947.2,0.01726,1801,0.01725,2768,0.01724,985,0.01723,5321,0.01722,5701,0.01721,9408,0.0172,2186,0.01719,2629,0.01718,2511,0.01717,1609,0.01729,3,0.01731,797,0.01732,3346,0.01733,2074,0.01734,2692,0.01735,1038,0.01736,2393,0.01737,2059,0.01738,2389,0.01739,532
okx,gate,VINEUSDT,0.01728,0.01726,-0.1157,1774109289000,0.01725,372.64,0.01724,9374.66,0.01723,8688.6,0.01722,45834.68,0.0172,6968.64,0.01719,1100.29,0.01718,5000,0.01717,12001.51,0.01716,7633.11,0.01715,5012.66,0.01728,27.93,0.01729,189.48,0.0173,22400.1,0.01731,17919.89,0.01732,22366.14,0.01733,5247.87,0.01734,52757.09,0.01735,5000,0.01736,21567.47,0.01737,17280.21,0.01727,932,0.01726,1829,0.01725,1836,0.01724,985,0.01723,5321,0.01722,8501,0.01721,9408,0.0172,2186,0.01719,2629,0.01718,2511,0.01729,3,0.01731,797,0.01732,2391,0.01733,2074,0.01734,2692,0.01735,1038,0.01736,3348,0.01737,2059,0.01738,2389,0.01739,532
okx,gate,VINEUSDT,0.01729,0.01726,-0.1735,1774109290000,0.01725,372.64,0.01724,9374.66,0.01723,8688.6,0.01722,46933.05,0.0172,6968.64,0.01718,5000,0.01717,12001.51,0.01716,7633.11,0.01715,5012.66,0.01714,11902.5,0.01729,189.48,0.0173,11142.78,0.01731,11959.22,0.01732,22366.14,0.01733,5247.87,0.01734,52757.09,0.01735,5000,0.01736,21567.47,0.01737,11947.2,0.01738,19308.4,0.01726,2941,0.01725,1836,0.01724,985,0.01723,5321,0.01722,8501,0.01721,9408,0.0172,2191,0.01719,2629,0.01718,2511,0.01717,1609,0.01729,3,0.01731,797,0.01732,737,0.01733,2074,0.01734,3647,0.01735,1038,0.01736,2393,0.01737,2059,0.01738,2389,0.01739,532
okx,gate,VINEUSDT,0.01729,0.01726,-0.1735,1774109292000,0.01726,9374.66,0.01724,506.67,0.01723,8688.6,0.01722,46933.05,0.0172,6968.64,0.01718,5000,0.01717,12001.51,0.01716,7633.11,0.01715,5012.66,0.01714,11902.5,0.01729,34.76,0.0173,11141.06,0.01731,11959.22,0.01732,22366.14,0.01733,20995.86,0.01734,52757.09,0.01735,5000,0.01736,21567.47,0.01737,14639.05,0.01738,21949.56,0.01726,2825,0.01725,1836,0.01724,985,0.01723,5321,0.01722,8501,0.01721,9408,0.0172,2191,0.01719,2629,0.01718,2511,0.01717,1609,0.01729,3,0.01731,797,0.01732,2391,0.01733,2074,0.01734,3647,0.01735,1038,0.01736,2393,0.01737,2059,0.01738,2389,0.01739,532
okx,gate,VINEUSDT,0.0173,0.01729,-0.0578,1774109294000,0.01726,9374.66,0.01724,5372.21,0.01723,14786.33,0.01722,45834.68,0.01721,34.79,0.0172,6968.64,0.01718,5000,0.01717,14394.94,0.01716,5011.36,0.01715,5012.66,0.0173,360.89,0.01731,17921.62,0.01732,22366.14,0.01733,5247.87,0.01734,24288.55,0.01735,5000,0.01736,50036.01,0.01737,14639.05,0.01738,16526.84,0.01739,5432.91,0.01729,1040,0.01727,2154,0.01726,1839,0.01725,2141,0.01724,985,0.01723,5321,0.01722,5700,0.01721,9408,0.0172,2191,0.01719,2629,0.01732,505,0.01733,1839,0.01734,2692,0.01735,1038,0.01736,2393,0.01737,1485,0.01738,2389,0.01739,1106,0.0174,2362,0.01741,8547
okx,gate,VINEUSDT,0.0173,0.01729,-0.0578,1774109297000,0.01727,9374.66,0.01724,5372.21,0.01723,14786.33,0.01722,45834.68,0.01721,34.79,0.0172,6968.64,0.01718,6609.83,0.01717,12001.51,0.01716,5011.36,0.01715,5012.66,0.0173,360.89,0.01731,17918.17,0.01732,22366.14,0.01733,5247.87,0.01734,24288.55,0.01735,5000,0.01736,21567.47,0.01737,14639.05,0.01738,21526.84,0.01739,10432.91,0.01729,1040,0.01727,2154,0.01726,2730,0.01725,3430,0.01724,985,0.01723,5747,0.01722,968,0.01721,9408,0.0172,2771,0.01719,2629,0.01732,505,0.01733,799,0.01734,3147,0.01735,1038,0.01736,2393,0.01737,1485,0.01738,2389,0.01739,1032,0.0174,2936,0.01741,1515
okx,gate,VINEUSDT,0.0173,0.01729,-0.0578,1774109302000,0.01726,9374.66,0.01724,5372.21,0.01723,14786.33,0.01722,45834.68,0.01721,34.79,0.0172,6968.64,0.01718,5000,0.01717,13552.9,0.01716,5011.36,0.01715,5012.66,0.0173,360.89,0.01731,12916.44,0.01732,17366.14,0.01733,5247.87,0.01734,24288.55,0.01735,5000,0.01736,21567.47,0.01737,14639.05,0.01738,21526.84,0.01739,10432.91,0.01729,1040,0.01727,2154,0.01726,2730,0.01725,2355,0.01724,985,0.01723,7026,0.01722,968,0.01721,10888,0.0172,2771,0.01719,2629,0.01732,500,0.01733,802,0.01734,3147,0.01735,1038,0.01736,2393,0.01737,1485,0.01738,2389,0.01739,1032,0.0174,2936,0.01741,2015
okx,gate,VINEUSDT,0.01731,0.01729,-0.1155,1774109303000,0.01727,370.94,0.01726,16319.1,0.01725,5933.08,0.01724,12030.18,0.01723,13688.6,0.01722,45834.68,0.01721,34.79,0.0172,6968.64,0.01718,6577.03,0.01717,12001.51,0.01731,30.82,0.01732,142.51,0.01733,11206.82,0.01734,24288.55,0.01735,5000,0.01736,21567.47,0.01737,40415.74,0.01738,21526.84,0.01739,5010.19,0.0174,19187.87,0.01729,1040,0.01728,1188,0.01727,2410,0.01726,2092,0.01725,4744,0.01724,8004,0.01723,7026,0.01722,968,0.01721,3856,0.0172,2771,0.01733,302,0.01734,299,0.01735,1993,0.01736,2393,0.01737,1485,0.01738,2389,0.01739,1032,0.0174,2936,0.01741,2015,0.01742,2181
okx,gate,VINEUSDT,0.01732,0.01729,-0.1732,1774109305000,0.01727,9651.96,0.01726,6944.44,0.01725,3198.29,0.01724,33499.39,0.01723,11954.5,0.01722,17366.14,0.01721,5034.79,0.0172,6968.64,0.01719,5000,0.01718,6577.03,0.01732,107.92,0.01733,11888.52,0.01734,24288.55,0.01735,5000,0.01736,33631.57,0.01737,40415.74,0.01738,21526.84,0.01739,5010.19,0.0174,19187.87,0.01741,6910.45,0.01729,3626,0.01728,256,0.01727,2410,0.01726,2092,0.01725,5244,0.01724,8004,0.01723,7026,0.01722,968,0.01721,3856,0.0172,2771,0.01733,302,0.01734,299,0.01735,1038,0.01736,2393,0.01737,2440,0.01738,2389,0.01739,1032,0.0174,2936,0.01741,2015,0.01742,2181
okx,gate,VINEUSDT,0.01732,0.01729,-0.1732,1774109308000,0.01728,369.77,0.01727,9374.66,0.01726,6944.44,0.01725,8760.64,0.01724,33499.39,0.01723,11954.5,0.01722,17366.14,0.01721,5034.79,0.0172,11968.64,0.01719,6851.23,0.01732,107.92,0.01733,11888.52,0.01734,24288.55,0.01735,5000,0.01736,33631.57,0.01737,40415.74,0.01738,21526.84,0.01739,5010.19,0.0174,19187.87,0.01741,6910.45,0.0173,932,0.01729,2806,0.01728,256,0.01727,2410,0.01726,2092,0.01725,2862,0.01724,8004,0.01723,3587,0.01722,968,0.01721,4436,0.01734,299,0.01735,1046,0.01736,2687,0.01737,1485,0.01738,2389,0.01739,1987,0.0174,2362,0.01741,2015,0.01742,3255,0.01743,482
okx,gate,VINEUSDT,0.01732,0.01729,-0.1732,1774109311000,0.01727,9374.66,0.01726,6944.44,0.01725,2101.5,0.01724,34596.49,0.01723,11954.5,0.01722,17366.14,0.01721,5034.79,0.0172,6968.64,0.01719,5000,0.01718,5033.99,0.01732,5000,0.01733,11938.84,0.01734,24288.55,0.01735,5000,0.01736,21567.47,0.01737,11947.2,0.01738,49995.38,0.01739,5010.19,0.0174,21969.43,0.01741,9551.61,0.01729,2806,0.01728,1188,0.01727,2410,0.01726,2092,0.01725,5251,0.01724,8004,0.01723,3587,0.01722,968,0.01721,4436,0.0172,8359,0.01734,299,0.01735,1046,0.01736,3642,0.01737,1485,0.01738,2389,0.01739,1032,0.0174,2362,0.01741,2015,0.01742,3255,0.01743,482
okx,gate,VINEUSDT,0.01733,0.01729,-0.2308,1774109312000,0.01727,9374.66,0.01726,6944.44,0.01725,2101.5,0.01724,34596.49,0.01723,11954.5,0.01722,17366.14,0.01721,5034.79,0.0172,6968.64,0.01719,5000,0.01718,7296.78,0.01732,5000,0.01733,11938.84,0.01734,24288.55,0.01735,5000,0.01736,21567.47,0.01737,11947.2,0.01738,21526.84,0.01739,5010.19,0.0174,19187.87,0.01741,6910.45,0.01729,3626,0.01728,256,0.01727,2410,0.01726,2092,0.01725,5251,0.01724,8004,0.01723,3587,0.01722,968,0.01721,4436,0.0172,8359,0.01734,299,0.01735,1046,0.01736,2687,0.01737,1485,0.01738,3344,0.01739,1032,0.0174,2362,0.01741,2015,0.01742,3255,0.01743,482
okx,gate,VINEUSDT,0.01732,0.01729,-0.1732,1774109320000,0.01728,9374.66,0.01727,5967.14,0.01726,6944.44,0.01725,3197,0.01724,33499.39,0.01723,11954.5,0.01722,17366.14,0.01721,5034.79,0.0172,11968.64,0.01719,7376.45,0.01733,12820.44,0.01734,24288.55,0.01735,5000,0.01736,21567.47,0.01737,11947.2,0.01738,21526.84,0.01739,33478.73,0.0174,24187.87,0.01741,11910.45,0.01742,19362.14,0.0173,932,0.01729,2694,0.01728,550,0.01727,2410,0.01726,2092,0.01725,2641,0.01724,8004,0.01723,3587,0.01722,968,0.01721,4436,0.01734,299,0.01735,808,0.01736,2687,0.01737,2440,0.01738,2389,0.01739,1032,0.0174,2362,0.01741,2015,0.01742,3255,0.01743,482
okx,gate,VINEUSDT,0.01731,0.01729,-0.1155,1774109321000,0.01726,8853.84,0.01725,2100.85,0.01724,29596.49,0.01723,6954.5,0.01722,17366.14,0.01721,5034.79,0.0172,6968.64,0.01719,5000,0.01718,5033.99,0.01717,14364.43,0.01731,6934.41,0.01732,10047.62,0.01733,12677.81,0.01734,24288.55,0.01735,30060.93,0.01736,50036.01,0.01737,11947.2,0.01738,21526.84,0.01739,5010.19,0.0174,24187.87,0.01729,1654,0.01727,2410,0.01726,2972,0.01725,5030,0.01724,8004,0.01723,3587,0.01722,968,0.01721,4436,0.0172,2191,0.01719,2857,0.01733,794,0.01734,4275,0.01735,1063,0.01736,2687,0.01737,1485,0.01738,2389,0.01739,1032,0.0174,2362,0.01741,2015,0.01742,3255
okx,gate,VINEUSDT,0.01731,0.01729,-0.1155,1774109322000,0.01725,918.64,0.01724,37203.54,0.01723,6954.5,0.01722,17366.14,0.01721,5034.79,0.0172,6968.64,0.01719,5000,0.01718,5033.99,0.01717,12001.51,0.01716,2324.5,0.01731,6934.41,0.01732,9861.16,0.01733,12677.81,0.01734,24288.55,0.01735,30060.93,0.01736,50036.01,0.01737,11947.2,0.01738,21526.84,0.01739,5010.19,0.0174,24187.87,0.01729,1654,0.01727,2410,0.01726,2472,0.01725,4530,0.01724,8004,0.01723,3087,0.01722,968,0.01721,4436,0.0172,2191,0.01719,2857,0.01733,1801,0.01734,3268,0.01735,1063,0.01736,2687,0.01737,1485,0.01738,2389,0.01739,1032,0.0174,2362,0.01741,2015,0.01742,3255
okx,gate,VINEUSDT,0.01728,0.01727,-0.0579,1774109324000,0.01722,36874.91,0.01721,34.79,0.0172,6968.64,0.01718,23501.06,0.01717,12001.51,0.01716,5011.36,0.01715,6940.49,0.01714,6902.5,0.01713,34.79,0.01712,11532.46,0.01728,19614.47,0.01729,6476.6,0.0173,17366.14,0.01731,17537.88,0.01732,22366.14,0.01733,791.16,0.01734,52757.09,0.01735,5000,0.01736,21567.47,0.01737,11947.2,0.01725,2141,0.01724,1663,0.01723,3946,0.01722,968,0.01721,3856,0.0172,2191,0.01719,2857,0.01718,1113,0.01717,8536,0.01716,4503,0.0173,297,0.01731,2890,0.01732,2718,0.01733,1058,0.01734,3256,0.01735,1063,0.01736,2687,0.01737,1485,0.01738,2389,0.01739,1606
okx,gate,VINEUSDT,0.01728,0.01725,-0.1736,1774109325000,0.01721,5981.12,0.0172,8068.29,0.01719,14352.7,0.01718,22400.13,0.01717,12001.51,0.01716,5011.36,0.01715,5012.66,0.01714,6902.5,0.01713,6958.66,0.01712,9205.31,0.01728,17883.37,0.01729,8207.7,0.0173,17366.14,0.01731,17537.88,0.01732,22366.14,0.01733,791.16,0.01734,52757.09,0.01735,5000,0.01736,21567.47,0.01737,11947.2,0.01725,1959,0.01724,1663,0.01723,3111,0.01722,1803,0.01721,3856,0.0172,2191,0.01719,2857,0.01718,1613,0.01717,8536,0.01716,4503,0.0173,2451,0.01731,2075,0.01732,3767,0.01733,1058,0.01734,3756,0.01735,1063,0.01736,2687,0.01737,1485,0.01738,2389,0.01739,1606
okx,gate,VINEUSDT,0.01728,0.01725,-0.1736,1774109326000,0.01721,5981.12,0.0172,11872.49,0.01719,15337.17,0.01718,22400.13,0.01717,7001.51,0.01716,5011.36,0.01715,5012.66,0.01714,11902.5,0.01713,6958.66,0.01712,9205.31,0.01728,19614.47,0.01729,16682.22,0.0173,17366.14,0.01731,6965.23,0.01732,22366.14,0.01733,791.16,0.01734,52757.09,0.01735,5000,0.01736,21567.47,0.01737,11947.2,0.01726,895,0.01725,1654,0.01724,1663,0.01723,3111,0.01722,468,0.01721,2376,0.0172,2191,0.01719,2857,0.01718,3093,0.01717,8536,0.0173,797,0.01731,2077,0.01732,2715,0.01733,2493,0.01734,3756,0.01735,2055,0.01736,2687,0.01737,1485,0.01738,2389,0.01739,1606
okx,gate,VINEUSDT,0.01728,0.01725,-0.1736,1774109327000,0.01722,344.22,0.01721,5981.12,0.0172,11872.49,0.01719,15337.17,0.01718,17400.13,0.01717,7001.51,0.01716,5011.36,0.01715,5012.66,0.01714,11902.5,0.01713,6958.66,0.01728,29588.95,0.01729,6109.57,0.0173,17366.14,0.01731,6965.23,0.01732,22366.14,0.01733,791.16,0.01734,52757.09,0.01735,5000,0.01736,21567.47,0.01737,11947.2,0.01726,845,0.01725,1655,0.01724,1663,0.01723,3111,0.01722,468,0.01721,2376,0.0172,2191,0.01719,2857,0.01718,3093,0.01717,8536,0.0173,2451,0.01731,2075,0.01732,2715,0.01733,2493,0.01734,3756,0.01735,2055,0.01736,2687,0.01737,1485,0.01738,2389,0.01739,1606
okx,gate,VINEUSDT,0.01725,0.01726,0.058,1774109331000,0.0172,5791.66,0.01719,984.47,0.01718,17400.13,0.01717,7001.51,0.01716,11.36,0.01715,5012.66,0.01714,11902.5,0.01713,6958.66,0.01712,14205.31,0.01711,1924.06,0.01725,6956.52,0.01726,5311.23,0.01727,22156.25,0.01728,13681.57,0.01729,462.07,0.0173,17366.14,0.01731,6965.23,0.01732,22366.14,0.01733,6760.47,0.01734,52757.09,0.01725,1654,0.01724,2419,0.01723,3111,0.01722,468,0.01721,2376,0.0172,2191,0.01719,2857,0.01718,3093,0.01717,8536,0.01716,4503,0.0173,2451,0.01731,2054,0.01732,2715,0.01733,2493,0.01734,4887,0.01735,1063,0.01736,2687,0.01737,1485,0.01738,2389,0.01739,1606
okx,gate,VINEUSDT,0.01725,0.01724,-0.058,1774109334000,0.01718,24541.79,0.01717,7001.51,0.01716,11.36,0.01715,5999.42,0.01714,11902.5,0.01713,6958.66,0.01712,14205.31,0.01711,6924.06,0.0171,14836.25,0.01709,3088.51,0.01725,11956.52,0.01726,7042.33,0.01727,22564.91,0.01728,11950.47,0.01729,6004.07,0.0173,17366.14,0.01731,11965.23,0.01732,50834.68,0.01733,5791.16,0.01734,24288.55,0.01723,2847,0.01722,468,0.01721,2681,0.0172,2191,0.01719,3566,0.01718,2511,0.01717,8536,0.01716,5085,0.01715,771,0.01714,710,0.01729,1983,0.0173,2720,0.01731,2047,0.01732,2715,0.01733,2493,0.01734,3756,0.01735,1063,0.01736,3263,0.01737,1485,0.01738,2389
okx,gate,VINEUSDT,0.01724,0.01723,-0.058,1774109337000,0.01719,321.28,0.01718,17400.13,0.01717,7125.27,0.01716,6289.46,0.01715,5999.42,0.01714,14723.19,0.01713,5034.79,0.01712,15241.84,0.01711,6924.06,0.0171,17813.62,0.01724,5934.51,0.01725,13687.62,0.01726,11433.69,0.01727,22156.25,0.01728,11950.47,0.01729,34.76,0.0173,17366.14,0.01731,11965.23,0.01732,50834.68,0.01733,5791.16,0.01723,2847,0.01722,468,0.01721,2681,0.0172,2191,0.01719,2857,0.01718,2511,0.01717,1027,0.01716,6712,0.01715,771,0.01714,710,0.01727,1265,0.01728,2696,0.01729,1028,0.0173,2715,0.01731,2047,0.01732,2715,0.01733,1058,0.01734,3756,0.01735,1063,0.01736,3263
okx,gate,VINEUSDT,0.01724,0.01723,-0.058,1774109338000,0.01719,321.28,0.01718,17400.13,0.01717,7125.27,0.01716,11.36,0.01715,999.42,0.01714,14723.19,0.01713,5034.79,0.01712,15241.84,0.01711,6924.06,0.0171,17813.62,0.01724,10934.51,0.01725,13687.62,0.01726,11433.69,0.01727,22156.25,0.01728,11950.47,0.01729,34.76,0.0173,45834.68,0.01731,11965.23,0.01732,22366.14,0.01733,5791.16,0.01723,2847,0.01722,468,0.01721,2181,0.0172,2191,0.01719,2857,0.01718,2511,0.01717,1649,0.01716,6590,0.01715,771,0.01714,710,0.01727,1265,0.01728,2710,0.01729,1023,0.0173,2715,0.01731,2047,0.01732,2715,0.01733,1058,0.01734,3756,0.01735,1063,0.01736,3263
okx,gate,VINEUSDT,0.01725,0.01723,-0.1159,1774109342000,0.01718,5967.76,0.01717,7062.23,0.01716,333.75,0.01715,23656.9,0.01714,11902.5,0.01713,15049.33,0.01712,15336.81,0.01711,6924.06,0.0171,18273.83,0.01709,1288.97,0.01724,5940.06,0.01725,11996.06,0.01726,7712.55,0.01727,17366.14,0.01728,11950.47,0.01729,17735.68,0.0173,45834.68,0.01731,11965.23,0.01732,22366.14,0.01733,5791.16,0.01723,292,0.01722,469,0.01721,2181,0.0172,2191,0.01719,2857,0.01718,1653,0.01717,4495,0.01716,6590,0.01715,2761,0.01714,710,0.01727,1265,0.01728,2697,0.01729,1023,0.0173,2715,0.01731,2047,0.01732,2715,0.01733,1058,0.01734,3756,0.01735,1063,0.01736,3263
okx,gate,VINEUSDT,0.01724,0.01723,-0.058,1774109347000,0.01719,321.82,0.01718,5967.76,0.01717,14563.39,0.01716,11.36,0.01715,17378.8,0.01714,11902.5,0.01713,15049.33,0.01712,15336.81,0.01711,6924.06,0.0171,16359.74,0.01724,5762.69,0.01725,6996.06,0.01726,7712.55,0.01727,17366.14,0.01728,11950.47,0.01729,17735.68,0.0173,50834.68,0.01731,11965.23,0.01732,22366.14,0.01733,5791.16,0.01723,1946,0.01722,968,0.01721,2181,0.0172,2191,0.01719,2857,0.01718,1653,0.01717,4495,0.01716,6590,0.01715,2761,0.01714,710,0.01728,3970,0.01729,1023,0.0173,2715,0.01731,2047,0.01732,2715,0.01733,1058,0.01734,3756,0.01735,1063,0.01736,3263,0.01737,1485
okx,gate,VINEUSDT,0.01724,0.01723,-0.058,1774109350000,0.01719,5922.05,0.01718,12245.86,0.01717,8224.57,0.01716,5949.69,0.01715,17378.8,0.01714,11902.5,0.01713,15049.33,0.01712,15336.81,0.01711,6924.06,0.0171,16359.74,0.01724,5762.69,0.01725,6996.06,0.01726,7712.55,0.01727,17366.14,0.01728,11950.47,0.01729,17735.68,0.0173,50834.68,0.01731,11965.23,0.01732,22366.14,0.01733,5791.16,0.01723,1946,0.01722,970,0.01721,2181,0.0172,2191,0.01719,2857,0.01718,1653,0.01717,4495,0.01716,6590,0.01715,2761,0.01714,710,0.01727,1265,0.01728,2697,0.01729,1023,0.0173,2715,0.01731,2047,0.01732,2715,0.01733,1058,0.01734,3756,0.01735,1063,0.01736,3263
okx,gate,VINEUSDT,0.01724,0.01723,-0.058,1774109352000,0.01719,320.98,0.01718,6474.58,0.01717,8224.57,0.01716,5949.69,0.01715,17378.8,0.01714,11902.5,0.01713,14740.44,0.01712,15336.81,0.01711,6924.06,0.0171,16359.74,0.01724,5762.69,0.01725,13053.18,0.01726,7712.55,0.01727,17366.14,0.01728,11950.47,0.01729,5034.76,0.0173,50834.68,0.01731,11965.23,0.01732,22366.14,0.01733,5791.16,0.01723,1654,0.01722,292,0.01721,2181,0.0172,1691,0.01719,4950,0.01718,8065,0.01717,3366,0.01716,7212,0.01715,2761,0.01714,710,0.01727,1557,0.01728,2892,0.01729,1023,0.0173,2715,0.01731,2047,0.01732,2715,0.01733,1058,0.01734,3756,0.01735,1063,0.01736,3263
okx,gate,VINEUSDT,0.01724,0.01723,-0.058,1774109354000,0.01718,355.16,0.01717,7001.51,0.01716,12398.21,0.01715,18603.28,0.01714,11902.5,0.01713,14740.44,0.01712,15336.81,0.01711,6924.06,0.0171,16359.74,0.01709,1288.97,0.01724,7493.79,0.01725,30419.32,0.01726,5981.45,0.01727,30067.06,0.01728,11950.47,0.01729,5034.76,0.0173,50834.68,0.01731,11965.23,0.01732,22366.14,0.01733,5791.16,0.01722,292,0.01721,2192,0.0172,1691,0.01719,4950,0.01718,8687,0.01717,3366,0.01716,6590,0.01715,2761,0.01714,710,0.01713,2144,0.01727,1265,0.01728,2933,0.01729,1023,0.0173,2715,0.01731,2047,0.01732,2715,0.01733,1058,0.01734,3756,0.01735,1063,0.01736,3263
okx,gate,VINEUSDT,0.01724,0.01722,-0.116,1774109357000,0.01719,6278.1,0.01718,355.14,0.01717,7001.51,0.01716,7173.46,0.01715,17378.8,0.01714,11902.5,0.01713,14740.44,0.01712,15336.81,0.01711,6924.06,0.0171,16426.52,0.01724,7493.79,0.01725,30419.32,0.01726,6040.57,0.01727,17366.14,0.01728,11950.47,0.01729,5034.76,0.0173,50834.68,0.01731,11965.23,0.01732,22366.14,0.01733,5791.16,0.01723,1043,0.01722,292,0.01721,2181,0.0172,2191,0.01719,4950,0.01718,8065,0.01717,3366,0.01716,7212,0.01715,2761,0.01714,710,0.01727,1265,0.01728,2936,0.01729,1023,0.0173,2715,0.01731,2047,0.01732,2715,0.01733,1058,0.01734,3756,0.01735,1063,0.01736,3263
okx,gate,VINEUSDT,0.01724,0.01723,-0.058,1774109358000,0.01719,6278.1,0.01718,355.14,0.01717,7001.51,0.01716,7173.46,0.01715,17378.8,0.01714,11902.5,0.01713,14740.44,0.01712,15336.81,0.01711,6924.06,0.0171,16426.52,0.01724,7493.79,0.01725,30419.32,0.01726,6040.57,0.01727,17366.14,0.01728,11950.47,0.01729,5034.76,0.0173,50834.68,0.01731,11965.23,0.01732,22366.14,0.01733,5791.16,0.01722,297,0.01721,2181,0.0172,2191,0.01719,4950,0.01718,8687,0.01717,3366,0.01716,6590,0.01715,2761,0.01714,710,0.01713,2144,0.01727,1265,0.01728,2933,0.01729,1023,0.0173,2715,0.01731,2047,0.01732,2715,0.01733,1058,0.01734,3756,0.01735,1063,0.01736,3263
okx,gate,VINEUSDT,0.01724,0.01722,-0.116,1774109359000,0.01718,358.69,0.01717,13667.28,0.01716,7338.59,0.01715,17378.8,0.01714,11902.5,0.01713,14740.44,0.01712,15336.81,0.01711,6924.06,0.0171,14836.25,0.01709,2606.62,0.01724,7493.79,0.01725,13053.18,0.01726,5981.45,0.01727,29679.39,0.01728,11950.47,0.01729,33503.3,0.0173,22366.14,0.01731,11965.23,0.01732,22366.14,0.01733,5791.16,0.01722,297,0.01721,2181,0.0172,2191,0.01719,2357,0.01718,1692,0.01717,3366,0.01716,6590,0.01715,2761,0.01714,7742,0.01713,2144,0.01727,2288,0.01728,2967,0.01729,1023,0.0173,2715,0.01731,2047,0.01732,2715,0.01733,1058,0.01734,3756,0.01735,1063,0.01736,3263
okx,gate,VINEUSDT,0.01724,0.01724,0.0,1774109360000,0.01721,7892.66,0.01719,324.51,0.01718,7006.68,0.01717,7330.21,0.01716,11097.65,0.01715,54844.52,0.01714,16611.83,0.01713,3045.38,0.01712,5000,0.01711,8373.62,0.01724,14466.48,0.01726,6033.77,0.01727,17366.14,0.01728,11950.47,0.01729,5034.76,0.0173,22366.14,0.01731,11965.23,0.01732,22366.14,0.01733,5791.16,0.01734,24288.55,0.01724,292,0.01723,562,0.01722,562,0.01721,2181,0.0172,2191,0.01719,2357,0.01718,9265,0.01717,3382,0.01716,6590,0.01715,2761,0.01728,1044,0.01729,597,0.0173,3824,0.01731,2047,0.01732,2715,0.01733,1058,0.01734,3756,0.01735,1063,0.01736,3263,0.01737,1485
okx,gate,VINEUSDT,0.01724,0.01723,-0.058,1774109362000,0.01719,7454.18,0.01718,3746.23,0.01717,7330.21,0.01716,8968.54,0.01715,45847.34,0.01714,11611.83,0.01713,3045.38,0.01712,5000,0.01711,6924.06,0.0171,16201.82,0.01724,12735.38,0.01726,7820.83,0.01727,17366.14,0.01728,11950.47,0.01729,5034.76,0.0173,22400.1,0.01731,11965.23,0.01732,22366.14,0.01733,5791.16,0.01734,24288.55,0.01723,1341,0.01722,562,0.01721,2181,0.0172,2191,0.01719,3641,0.01718,2746,0.01717,1027,0.01716,6590,0.01715,9793,0.01714,710,0.01728,2698,0.01729,1722,0.0173,2721,0.01731,2047,0.01732,2715,0.01733,1058,0.01734,3756,0.01735,1063,0.01736,3263,0.01737,1485
okx,gate,VINEUSDT,0.01724,0.01723,-0.058,1774109363000,0.01718,11200.41,0.01717,7330.21,0.01716,8944.93,0.01715,45847.34,0.01714,11611.83,0.01713,3045.38,0.01712,5000,0.01711,6924.06,0.0171,14836.25,0.01709,2581.6,0.01724,12735.38,0.01726,7820.83,0.01727,17366.14,0.01728,11950.47,0.01729,5034.76,0.0173,22400.1,0.01731,11965.23,0.01732,22366.14,0.01733,5791.16,0.01734,24288.55,0.01723,1334,0.01722,563,0.01721,2181,0.0172,2191,0.01719,2857,0.01718,2746,0.01717,1027,0.01716,6590,0.01715,10533,0.01714,710,0.01728,3845,0.01729,575,0.0173,2721,0.01731,2047,0.01732,2715,0.01733,1058,0.01734,3756,0.01735,1063,0.01736,3263,0.01737,1485
okx,gate,VINEUSDT,0.01724,0.01723,-0.058,1774109364000,0.0172,7454.18,0.01718,3746.23,0.01717,7330.21,0.01716,8944.93,0.01715,52200.08,0.01714,11611.83,0.01713,3045.38,0.01712,5000,0.01711,6924.06,0.0171,14836.25,0.01724,12735.38,0.01726,7830.85,0.01727,17366.14,0.01728,11950.47,0.01729,5034.76,0.0173,22400.1,0.01731,11965.23,0.01732,22366.14,0.01733,5791.16,0.01734,24288.55,0.01723,1334,0.01722,563,0.01721,2181,0.0172,2191,0.01719,2857,0.01718,3486,0.01717,1027,0.01716,6590,0.01715,9793,0.01714,710,0.01728,3845,0.01729,575,0.0173,2721,0.01731,2047,0.01732,2715,0.01733,1058,0.01734,3756,0.01735,1063,0.01736,3263,0.01737,1485
okx,gate,VINEUSDT,0.01724,0.01723,-0.058,1774109366000,0.0172,7454.18,0.01718,3746.23,0.01717,7330.21,0.01716,13944.93,0.01715,52200.08,0.01714,11611.83,0.01713,3045.38,0.01712,5000,0.01711,6924.06,0.0171,16344.77,0.01724,12735.38,0.01726,7785.11,0.01727,17366.14,0.01728,11950.47,0.01729,5034.76,0.0173,22400.1,0.01731,11965.23,0.01732,22366.14,0.01733,5791.16,0.01734,24288.55,0.01723,1335,0.01722,563,0.01721,2181,0.0172,2191,0.01719,3597,0.01718,2746,0.01717,1027,0.01716,8080,0.01715,8303,0.01714,710,0.01728,3845,0.01729,575,0.0173,2721,0.01731,2047,0.01732,2715,0.01733,1058,0.01734,3756,0.01735,1063,0.01736,3263,0.01737,1485
okx,gate,VINEUSDT,0.01724,0.01723,-0.058,1774109369000,0.0172,302.74,0.01719,7454.18,0.01718,3746.23,0.01717,7330.21,0.01716,11074.04,0.01715,53470.88,0.01714,9796,0.01713,3045.38,0.01712,8602.52,0.01711,6924.06,0.01724,12735.38,0.01726,7751.77,0.01727,17366.14,0.01728,11950.47,0.01729,5034.76,0.0173,22400.1,0.01731,11965.23,0.01732,22366.14,0.01733,5791.16,0.01734,24288.55,0.01723,1335,0.01722,562,0.01721,2181,0.0172,2191,0.01719,3597,0.01718,2746,0.01717,8059,0.01716,8080,0.01715,1271,0.01714,710,0.01728,3845,0.01729,575,0.0173,2721,0.01731,2047,0.01732,2715,0.01733,1058,0.01734,3756,0.01735,1063,0.01736,3263,0.01737,1485
okx,gate,VINEUSDT,0.01724,0.01723,-0.058,1774109370000,0.01718,11200.41,0.01717,7330.21,0.01716,5011.36,0.01715,53470.88,0.01714,9796,0.01713,3045.38,0.01712,8602.52,0.01711,6924.06,0.0171,14836.25,0.01709,8044.61,0.01724,12735.38,0.01725,6110.86,0.01726,7712.55,0.01727,28890.99,0.01728,11950.47,0.01729,5034.76,0.0173,50868.64,0.01731,11965.23,0.01732,22366.14,0.01733,5791.16,0.01723,1335,0.01722,567,0.01721,2181,0.0172,2191,0.01719,3597,0.01718,2746,0.01717,8059,0.01716,8080,0.01715,1271,0.01714,710,0.01728,3845,0.01729,575,0.0173,2721,0.01731,2047,0.01732,2715,0.01733,1058,0.01734,3756,0.01735,1063,0.01736,3263,0.01737,1485
okx,gate,VINEUSDT,0.01723,0.01722,-0.058,1774109400000,0.01718,97690.29,0.01717,1253.91,0.01716,28479.9,0.01715,18645.9,0.01714,6902.5,0.01713,4708.51,0.01711,6924.06,0.0171,17347.92,0.01709,17589.13,0.01708,9211.69,0.01723,5031.06,0.01724,14702.05,0.01725,23376.08,0.01726,22506.3,0.01727,17366.14,0.01728,11950.47,0.01729,33503.3,0.0173,22400.1,0.01731,11965.23,0.01732,22366.14,0.01722,292,0.01721,2181,0.0172,2191,0.01719,3597,0.01718,2746,0.01717,8059,0.01716,6590,0.01715,2761,0.01714,710,0.01713,2144,0.01727,1147,0.01728,2970,0.01729,575,0.0173,2721,0.01731,2047,0.01732,2715,0.01733,1058,0.01734,3756,0.01735,1063,0.01736,3263
okx,gate,VINEUSDT,0.01728,0.01726,-0.1157,1774109401000,0.01723,11823.57,0.01722,24.69,0.0172,1220.93,0.01719,35443.25,0.01718,90236.11,0.01717,30.85,0.01716,11.36,0.01715,18645.9,0.01714,6902.5,0.01713,23964.9,0.01728,21426.22,0.01729,6070.26,0.0173,17400.1,0.01731,6965.23,0.01732,22366.14,0.01733,5791.16,0.01734,24288.55,0.01735,5000,0.01736,19292.27,0.01737,6947.2,0.01726,305,0.01725,272,0.01724,3103,0.01723,2120,0.01722,565,0.01721,2181,0.0172,2191,0.01719,2857,0.01718,1031,0.01717,4327,0.01731,1348,0.01732,2719,0.01733,1058,0.01734,3756,0.01735,1063,0.01736,2975,0.01737,2195,0.01738,2389,0.01739,532,0.0174,8894
okx,gate,VINEUSDT,0.01727,0.01726,-0.0579,1774109403000,0.01722,24.69,0.01721,11224.02,0.0172,3227.84,0.01719,35443.25,0.01718,90236.11,0.01717,30.85,0.01716,11.36,0.01715,18645.9,0.01714,6902.5,0.01713,23964.9,0.01726,10905.56,0.01727,5537.27,0.01728,8651.55,0.01729,11926.95,0.0173,22400.1,0.01731,22139.38,0.01732,50834.68,0.01733,5791.16,0.01734,24288.55,0.01735,5000,0.01726,305,0.01725,280,0.01724,3103,0.01723,2120,0.01722,1063,0.01721,2681,0.0172,2191,0.01719,2857,0.01718,1031,0.01717,4909,0.01731,1846,0.01732,2724,0.01733,2391,0.01734,4466,0.01735,1063,0.01736,2687,0.01737,1485,0.01738,2389,0.01739,1606,0.0174,1862
okx,gate,VINEUSDT,0.01726,0.01725,-0.0579,1774109405000,0.01721,11166.7,0.0172,3238.28,0.01719,35443.25,0.01718,90236.11,0.01717,30.85,0.01716,6360.41,0.01715,18645.9,0.01714,6902.5,0.01713,4708.51,0.01711,18682.33,0.01726,10905.56,0.01727,11599.33,0.01728,21426.22,0.01729,5034.76,0.0173,22400.1,0.01731,11965.23,0.01732,22366.14,0.01733,5791.16,0.01734,24288.55,0.01735,5000,0.01725,292,0.01724,3037,0.01723,2120,0.01722,1063,0.01721,2681,0.0172,2191,0.01719,2857,0.01718,1031,0.01717,6389,0.01716,5003,0.0173,2447,0.01731,2035,0.01732,3495,0.01733,2391,0.01734,3756,0.01735,1063,0.01736,2687,0.01737,1485,0.01738,2389,0.01739,1606
okx,gate,VINEUSDT,0.01726,0.01725,-0.0579,1774109406000,0.01721,11166.7,0.0172,3238.28,0.01719,35443.25,0.01718,90236.11,0.01717,30.85,0.01716,6360.41,0.01715,18645.9,0.01714,6902.5,0.01713,4708.51,0.01711,15955.13,0.01726,10905.56,0.01727,11599.33,0.01728,21426.22,0.01729,5034.76,0.0173,34469.58,0.01731,40433.77,0.01732,22366.14,0.01733,5791.16,0.01734,24288.55,0.01735,5000,0.01725,292,0.01724,3038,0.01723,2120,0.01722,1063,0.01721,2681,0.0172,2191,0.01719,2857,0.01718,1031,0.01717,6389,0.01716,5003,0.0173,2456,0.01731,2031,0.01732,3495,0.01733,2391,0.01734,3756,0.01735,1063,0.01736,2687,0.01737,1485,0.01738,2389,0.01739,1606
okx,gate,VINEUSDT,0.01725,0.01724,-0.058,1774109409000,0.01721,254.62,0.0172,12981.71,0.01719,35443.25,0.01718,90236.11,0.01717,30.85,0.01716,6360.41,0.01715,18645.9,0.01714,6902.5,0.01713,34.79,0.01711,11827.9,0.01725,12875.58,0.01726,10905.56,0.01727,11510.04,0.01728,21426.22,0.01729,14053.36,0.0173,34469.58,0.01731,40433.77,0.01732,22366.14,0.01733,5791.16,0.01734,24288.55,0.01724,1655,0.01723,1620,0.01722,1554,0.01721,2181,0.0172,2191,0.01719,2857,0.01718,1031,0.01717,10121,0.01716,5003,0.01715,2277,0.01729,292,0.0173,2715,0.01731,2927,0.01732,2719,0.01733,2391,0.01734,3756,0.01735,1063,0.01736,2687,0.01737,1485,0.01738,2389
okx,gate,VINEUSDT,0.01725,0.01723,-0.1159,1774109415000,0.01719,44850.32,0.01718,91482.58,0.01717,30.85,0.01716,6364.1,0.01715,18645.9,0.01714,8249.48,0.01713,3347.15,0.01711,6924.06,0.0171,15049.01,0.01709,1288.97,0.01725,12875.58,0.01726,12737.4,0.01727,11510.04,0.01728,21426.22,0.01729,14053.36,0.0173,22400.1,0.01731,40433.77,0.01732,22366.14,0.01733,5791.16,0.01734,24288.55,0.01724,1654,0.01723,1620,0.01722,563,0.01721,3172,0.0172,2191,0.01719,2857,0.01718,1031,0.01717,9539,0.01716,5003,0.01715,2859,0.01728,1042,0.01729,801,0.0173,2715,0.01731,2922,0.01732,2719,0.01733,1058,0.01734,3756,0.01735,1063,0.01736,3263,0.01737,8517
okx,gate,VINEUSDT,0.01725,0.01724,-0.058,1774109418000,0.0172,15212.19,0.01719,6974.71,0.01718,91458.46,0.01717,28499.39,0.01716,11.36,0.01715,25002.34,0.01714,8249.48,0.01713,3347.15,0.01711,6924.06,0.0171,19278.24,0.01725,1736.11,0.01726,95.73,0.01727,11032.78,0.01728,30998.18,0.01729,34.76,0.0173,22400.1,0.01731,40433.77,0.01732,22366.14,0.01733,5791.16,0.01734,24288.55,0.01724,1076,0.01723,2555,0.01722,563,0.01721,2181,0.0172,2191,0.01719,2857,0.01718,1031,0.01717,8059,0.01716,5003,0.01715,4349,0.01729,509,0.0173,3398,0.01731,2026,0.01732,2719,0.01733,1058,0.01734,3756,0.01735,1063,0.01736,3263,0.01737,1485,0.01738,2389
okx,gate,VINEUSDT,0.01725,0.01724,-0.058,1774109422000,0.01721,9407.07,0.0172,24.33,0.01719,8196.35,0.01718,90236.11,0.01717,28499.39,0.01716,11.36,0.01715,25002.34,0.01714,6902.5,0.01713,34.79,0.01711,17002.82,0.01725,6962.57,0.01726,17461.87,0.01727,12710.62,0.01728,21426.22,0.01729,14606.72,0.0173,34469.58,0.01731,40433.77,0.01732,22366.14,0.01733,5791.16,0.01734,24288.55,0.01724,2459,0.01723,2555,0.01722,1063,0.01721,2681,0.0172,2191,0.01719,2857,0.01718,1031,0.01717,8059,0.01716,5003,0.01715,4349,0.01728,1042,0.01729,813,0.0173,3611,0.01731,2026,0.01732,2719,0.01733,1058,0.01734,3756,0.01735,1063,0.01736,3263,0.01737,1485
okx,gate,VINEUSDT,0.01725,0.01725,0.0,1774109457000,0.0172,9431.4,0.01719,8196.35,0.01718,90236.11,0.01717,28499.39,0.01716,6364.1,0.01715,18645.9,0.01714,11561.6,0.01713,34.79,0.01711,6924.06,0.0171,13915.16,0.01725,8698.68,0.01726,17480.49,0.01727,10977.97,0.01728,30998.18,0.01729,5034.76,0.0173,22400.1,0.01731,40433.77,0.01732,22366.14,0.01733,5791.16,0.01734,24288.55,0.01725,317,0.01724,1959,0.01723,1620,0.01722,1498,0.01721,2681,0.0172,2191,0.01719,2857,0.01718,1032,0.01717,1027,0.01716,6493,0.01729,809,0.0173,3411,0.01731,2026,0.01732,2719,0.01733,1058,0.01734,3756,0.01735,1063,0.01736,3263,0.01737,1485,0.01738,2389
okx,gate,VINEUSDT,0.01725,0.01725,0.0,1774109460000,0.0172,9431.4,0.01719,8196.35,0.01718,90236.11,0.01717,28499.39,0.01716,11521.66,0.01715,18645.9,0.01714,8239.09,0.01713,34.79,0.01711,6924.06,0.0171,14406.5,0.01725,6962.57,0.01726,114.35,0.01727,12714.08,0.01728,30998.18,0.01729,5034.76,0.0173,22400.1,0.01731,40433.77,0.01732,22366.14,0.01733,5791.16,0.01734,24288.55,0.01725,297,0.01724,1959,0.01723,1620,0.01722,1498,0.01721,2681,0.0172,2191,0.01719,2857,0.01718,1032,0.01717,1027,0.01716,6493,0.01729,809,0.0173,3411,0.01731,2026,0.01732,2719,0.01733,1058,0.01734,3756,0.01735,1063,0.01736,3263,0.01737,1485,0.01738,2389
okx,gate,VINEUSDT,0.01727,0.01725,-0.1158,1774109465000,0.01721,219.78,0.0172,9574.5,0.01719,8196.35,0.01718,90236.11,0.01717,28499.39,0.01716,11521.66,0.01715,18645.9,0.01714,8239.09,0.01713,34.79,0.01711,9216.45,0.01725,6962.57,0.01727,12714.08,0.01728,30998.18,0.01729,5034.76,0.0173,22400.1,0.01731,40433.77,0.01732,22366.14,0.01733,5791.16,0.01734,24288.55,0.01735,5000,0.01725,297,0.01724,2230,0.01723,2555,0.01722,563,0.01721,2681,0.0172,2191,0.01719,2857,0.01718,1032,0.01717,1027,0.01716,7499,0.01729,505,0.0173,3411,0.01731,2026,0.01732,2719,0.01733,1058,0.01734,3756,0.01735,1063,0.01736,3263,0.01737,1485,0.01738,9421
okx,gate,VINEUSDT,0.01726,0.01724,-0.1159,1774109473000,0.0172,14851.73,0.01719,8196.35,0.01718,90236.11,0.01717,28499.39,0.01716,11521.66,0.01715,1279.76,0.01714,8239.09,0.01713,34.79,0.01711,6924.06,0.0171,15200.26,0.01726,5967.28,0.01727,12714.08,0.01728,21618.49,0.01729,5034.76,0.0173,44041.54,0.01731,40433.77,0.01732,22366.14,0.01733,5791.16,0.01734,24288.55,0.01735,5000,0.01724,1959,0.01723,1620,0.01722,1446,0.01721,2681,0.0172,2191,0.01719,2857,0.01718,1032,0.01717,8059,0.01716,7499,0.01715,1853,0.01728,296,0.01729,802,0.0173,2717,0.01731,2978,0.01732,2719,0.01733,1058,0.01734,3756,0.01735,1063,0.01736,3263,0.01737,1485
okx,gate,VINEUSDT,0.01725,0.01724,-0.058,1774109474000,0.0172,14851.73,0.01719,8182.19,0.01718,90236.11,0.01717,28499.39,0.01716,11.36,0.01715,7632.5,0.01714,8236.15,0.01713,34.79,0.01711,6924.06,0.0171,15200.26,0.01725,14669.43,0.01726,23567.33,0.01727,5000,0.01728,31520.79,0.01729,5034.76,0.0173,22400.1,0.01731,40433.77,0.01732,22366.14,0.01733,5791.16,0.01734,24288.55,0.01724,1959,0.01723,1347,0.01722,563,0.01721,3564,0.0172,2191,0.01719,2857,0.01718,1032,0.01717,8059,0.01716,7499,0.01715,1853,0.01728,1338,0.01729,2045,0.0173,2717,0.01731,2026,0.01732,2719,0.01733,1058,0.01734,3756,0.01735,1063,0.01736,3263,0.01737,1485
okx,gate,VINEUSDT,0.01724,0.01724,0.0,1774109504000,0.01719,8286.84,0.01718,98295.46,0.01717,28499.39,0.01716,11.36,0.01715,12789.15,0.01714,8236.15,0.01713,34.79,0.01711,6924.06,0.0171,13334.29,0.01709,1288.97,0.01724,5973.73,0.01725,14669.43,0.01726,17366.14,0.01727,15919.67,0.01728,21426.22,0.01729,5034.76,0.0173,50868.64,0.01731,11965.23,0.01732,22366.14,0.01733,5791.16,0.01724,1959,0.01723,305,0.01722,563,0.01721,3481,0.0172,2191,0.01719,2857,0.01718,1032,0.01717,1027,0.01716,7499,0.01715,1853,0.01728,2992,0.01729,1898,0.0173,2717,0.01731,2026,0.01732,2719,0.01733,1058,0.01734,3756,0.01735,1063,0.01736,3263,0.01737,1485
okx,gate,VINEUSDT,0.01724,0.01725,0.058,1774109520000,0.0172,177.75,0.01719,16349.3,0.01718,90236.11,0.01717,28499.39,0.01716,11.36,0.01715,12789.15,0.01714,8236.15,0.01713,34.79,0.01711,6924.06,0.0171,12347.92,0.01724,5973.73,0.01725,14681.36,0.01726,17366.14,0.01727,15919.67,0.01728,21426.22,0.01729,5034.76,0.0173,50868.64,0.01731,11965.23,0.01732,22366.14,0.01733,5791.16,0.01725,297,0.01724,1959,0.01723,576,0.01722,563,0.01721,3481,0.0172,2191,0.01719,2857,0.01718,1032,0.01717,1027,0.01716,7499,0.01728,4079,0.01729,802,0.0173,2446,0.01731,2026,0.01732,2719,0.01733,1058,0.01734,3756,0.01735,1063,0.01736,3263,0.01737,1485
okx,gate,VINEUSDT,0.01725,0.01725,0.0,1774109521000,0.01721,177.34,0.0172,8664.47,0.01719,8188.25,0.01718,90236.11,0.01717,28499.39,0.01716,11.36,0.01715,12789.15,0.01714,8236.15,0.01713,34.79,0.01711,6924.06,0.01725,8716.68,0.01726,5979.02,0.01727,10979.71,0.01728,21426.22,0.01729,5034.76,0.0173,50868.64,0.01731,11965.23,0.01732,22366.14,0.01733,5791.16,0.01734,24288.55,0.01725,297,0.01724,2230,0.01723,2479,0.01722,563,0.01721,2681,0.0172,2191,0.01719,2857,0.01718,1032,0.01717,9065,0.01716,6493,0.01729,302,0.0173,1879,0.01731,2026,0.01732,2719,0.01733,1058,0.01734,3756,0.01735,1063,0.01736,3263,0.01737,1485,0.01738,2389
okx,gate,VINEUSDT,0.0173,0.01727,-0.1734,1774109523000,0.01721,177.34,0.0172,8767.84,0.01719,13188.25,0.01718,90236.11,0.01717,28499.39,0.01716,11.36,0.01715,12789.15,0.01714,8236.15,0.01713,34.79,0.01711,6924.06,0.01725,6980.57,0.01726,5979.02,0.01727,12715.82,0.01728,21426.22,0.01729,20219.05,0.0173,50868.64,0.01731,11965.23,0.01732,22366.14,0.01733,5791.16,0.01734,24288.55,0.01727,802,0.01726,4223,0.01725,1071,0.01724,2230,0.01723,1618,0.01722,1063,0.01721,2681,0.0172,2191,0.01719,2857,0.01718,1032,0.0173,5,0.01731,305,0.01732,297,0.01733,568,0.01734,3256,0.01735,1481,0.01736,2187,0.01737,2059,0.01738,2389,0.01739,1032
okx,gate,VINEUSDT,0.0173,0.01727,-0.1734,1774109526000,0.01724,5242.82,0.01723,9765.68,0.01722,18622.33,0.01721,5034.79,0.0172,10979.02,0.01719,40435.15,0.01718,90270.1,0.01717,30.85,0.01716,11.36,0.01715,12789.15,0.0173,28075.91,0.01731,17836.77,0.01732,22366.14,0.01733,30226.2,0.01734,52757.09,0.01735,5000,0.01736,21567.47,0.01737,6947.2,0.01738,16526.84,0.01739,10.19,0.01727,2063,0.01726,4223,0.01725,1071,0.01724,2230,0.01723,2118,0.01722,1063,0.01721,2681,0.0172,9223,0.01719,2857,0.01718,1032,0.0173,307,0.01732,1951,0.01733,1068,0.01734,3256,0.01735,1481,0.01736,2187,0.01737,2059,0.01738,2389,0.01739,1032,0.0174,1862
okx,gate,VINEUSDT,0.01728,0.01727,-0.0579,1774109527000,0.01724,5242.82,0.01723,9765.68,0.01722,19841.84,0.01721,5034.79,0.0172,5000,0.01719,40435.15,0.01718,90270.1,0.01717,30.85,0.01716,11.36,0.01715,12789.15,0.0173,28075.91,0.01731,17836.77,0.01732,22366.14,0.01733,30226.2,0.01734,52757.09,0.01735,5000,0.01736,21567.47,0.01737,6947.2,0.01738,16526.84,0.01739,10.19,0.01727,2063,0.01726,4223,0.01725,1071,0.01724,2230,0.01723,2118,0.01722,1063,0.01721,2681,0.0172,9223,0.01719,2857,0.01718,1032,0.0173,307,0.01732,1951,0.01733,1068,0.01734,3256,0.01735,1481,0.01736,2687,0.01737,2059,0.01738,2389,0.01739,1032,0.0174,1862
okx,gate,VINEUSDT,0.01728,0.01727,-0.0579,1774109529000,0.01723,9748.69,0.01722,6964.59,0.01721,10224.07,0.0172,7956.03,0.01719,40435.15,0.01718,90270.1,0.01717,30.85,0.01716,11.36,0.01715,12789.15,0.01714,8236.15,0.01728,11256.36,0.01729,11833.2,0.0173,22366.14,0.01731,11965.23,0.01732,31596.48,0.01733,5247.87,0.01734,52757.09,0.01735,5000,0.01736,21567.47,0.01737,6947.2,0.01727,1761,0.01726,3254,0.01725,2040,0.01724,2230,0.01723,2118,0.01722,1063,0.01721,2681,0.0172,9223,0.01719,2857,0.01718,1032,0.0173,307,0.01731,1041,0.01732,1951,0.01733,1986,0.01734,3256,0.01735,1063,0.01736,2687,0.01737,2059,0.01738,2389,0.01739,1032
okx,gate,VINEUSDT,0.01728,0.01726,-0.1157,1774109547000,0.01722,16713.28,0.01721,6959.17,0.0172,33468.54,0.01719,6966.61,0.01718,90270.1,0.01717,30.85,0.01716,11.36,0.01715,1279.76,0.01714,8236.15,0.01713,34.79,0.01728,11256.36,0.01729,11813.59,0.0173,22366.14,0.01731,21195.57,0.01732,22366.14,0.01733,33716.41,0.01734,24288.55,0.01735,5000,0.01736,21567.47,0.01737,6947.2,0.01726,1654,0.01725,297,0.01724,3199,0.01723,2118,0.01722,1063,0.01721,2681,0.0172,9223,0.01719,2857,0.01718,1032,0.01717,4095,0.01729,302,0.0173,307,0.01731,2739,0.01732,2227,0.01733,1068,0.01734,3256,0.01735,1063,0.01736,2687,0.01737,2059,0.01738,2389
okx,gate,VINEUSDT,0.01728,0.01727,-0.0579,1774109563000,0.01723,5250.31,0.01722,16713.28,0.01721,1769.89,0.0172,34927.14,0.01719,6966.61,0.01718,96611.78,0.01717,4636.49,0.01716,11.36,0.01715,1279.76,0.01714,8236.15,0.01728,11256.36,0.01729,11824.87,0.0173,31596.48,0.01731,11965.23,0.01732,22366.14,0.01733,33716.41,0.01734,24288.55,0.01735,5000,0.01736,21567.47,0.01737,6947.2,0.01726,1657,0.01725,482,0.01724,3199,0.01723,2118,0.01722,1063,0.01721,2681,0.0172,9223,0.01719,2857,0.01718,2512,0.01717,2615,0.0173,304,0.01731,1541,0.01732,2227,0.01733,1986,0.01734,3756,0.01735,1063,0.01736,2687,0.01737,2059,0.01738,2389,0.01739,8052
okx,gate,VINEUSDT,0.01728,0.01727,-0.0579,1774109565000,0.01722,12217.8,0.01721,9267.72,0.0172,43217.23,0.01719,6966.61,0.01718,96611.78,0.01717,4636.49,0.01716,11.36,0.01715,1279.76,0.01714,8236.15,0.01713,34.79,0.01728,11256.36,0.01729,11867.02,0.0173,31596.48,0.01731,11965.23,0.01732,22366.14,0.01733,33716.41,0.01734,24288.55,0.01735,5000,0.01736,21567.47,0.01737,6947.2,0.01726,1654,0.01725,482,0.01724,3199,0.01723,2118,0.01722,1063,0.01721,2681,0.0172,9223,0.01719,2857,0.01718,2512,0.01717,2615,0.01729,303,0.0173,1967,0.01731,1719,0.01732,2227,0.01733,1986,0.01734,3756,0.01735,1063,0.01736,2687,0.01737,2059,0.01738,2389
okx,gate,VINEUSDT,0.01728,0.01726,-0.1157,1774109566000,0.01722,12217.8,0.01721,9267.72,0.0172,43217.23,0.01719,6966.61,0.01718,96611.78,0.01717,4636.49,0.01716,11.36,0.01715,1279.76,0.01714,8236.15,0.01713,34.79,0.01728,11256.36,0.01729,11867.02,0.0173,31596.48,0.01731,11965.23,0.01732,22366.14,0.01733,33716.41,0.01734,24288.55,0.01735,5000,0.01736,21567.47,0.01737,6947.2,0.01727,303,0.01726,1655,0.01725,482,0.01724,3199,0.01723,2118,0.01722,1063,0.01721,2681,0.0172,9223,0.01719,2857,0.01718,2512,0.0173,1958,0.01731,1541,0.01732,3145,0.01733,1068,0.01734,3756,0.01735,1063,0.01736,2687,0.01737,2059,0.01738,2389,0.01739,8052
okx,gate,VINEUSDT,0.01728,0.0175,1.2731,1774109571770,0.01744,91284.92,0.01742,861.89,0.0174,5000,0.01738,30.85,0.01737,6989.29,0.01736,48786.72,0.01735,1779.7,0.01734,1319.16,0.01733,7202.57,0.01732,3190.82,0.0175,5964.99,0.01751,5944.15,0.01752,12099.35,0.01753,34.76,0.01754,21562.08,0.01755,11954.5,0.01756,25279.06,0.01757,12.64,0.01758,16496.02,0.01759,6852.87,0.01748,303,0.01747,274,0.01746,1450,0.01745,1058,0.01744,287,0.01743,287,0.01742,574,0.01741,2739,0.0174,4446,0.01739,1941,0.01752,1541,0.01753,500,0.01754,499,0.01755,1473,0.01756,577,0.01757,590,0.01758,3285,0.01759,9405,0.0176,2244,0.01761,1555
okx,gate,VINEUSDT,0.01748,0.01749,0.0572,1774109572071,0.01744,4050.92,0.01742,861.89,0.01741,1206.2,0.0174,6954.5,0.01738,5748.46,0.01737,6989.29,0.01736,12.66,0.01735,3036.16,0.01734,2714.66,0.01733,7202.57,0.01749,5796.72,0.0175,4560.76,0.01751,17366.14,0.01752,7044.13,0.01753,5879.57,0.01754,17647.97,0.01755,11954.5,0.01756,25279.06,0.01757,12.64,0.01758,16496.02,0.01749,1147,0.01748,303,0.01747,277,0.01746,496,0.01745,1058,0.01744,2610,0.01743,1941,0.01742,229,0.01741,2739,0.0174,1254,0.01752,131,0.01753,809,0.01754,2150,0.01755,1473,0.01756,577,0.01757,590,0.01758,3285,0.01759,9405,0.0176,2244,0.01761,1555
okx,gate,VINEUSDT,0.01752,0.01747,-0.2854,1774109572371,0.01744,4050.92,0.01742,861.89,0.0174,6954.5,0.01739,14448.65,0.01738,30.85,0.01737,6989.29,0.01736,12.66,0.01735,1779.7,0.01734,4021.1,0.01733,7202.57,0.01749,6859.1,0.0175,17376.34,0.01751,5000,0.01752,24410.27,0.01753,93.36,0.01754,17647.97,0.01755,11954.5,0.01756,25279.06,0.01757,12.64,0.01758,16496.02,0.01747,52,0.01746,388,0.01745,1092,0.01744,287,0.01743,1941,0.01742,229,0.01741,2739,0.0174,1254,0.01739,3223,0.01738,2092,0.01749,1334,0.0175,306,0.01751,8309,0.01752,133,0.01753,1607,0.01754,582,0.01755,3127,0.01756,577,0.01757,590,0.01758,3785
okx,gate,VINEUSDT,0.01748,0.01747,-0.0572,1774109572671,0.01744,4050.92,0.01742,861.89,0.0174,11954.5,0.01739,14448.65,0.01738,30.85,0.01737,8536.23,0.01736,1727.92,0.01735,1779.7,0.01734,5232.17,0.01733,7202.57,0.01746,6859.1,0.01748,17366.14,0.01749,6859.1,0.0175,17366.14,0.01751,10693.67,0.01752,24410.27,0.01753,34.76,0.01754,17647.97,0.01755,11954.5,0.01756,33293.42,0.01747,34,0.01746,94,0.01745,837,0.01744,287,0.01743,1941,0.01742,229,0.01741,2739,0.0174,1254,0.01739,3223,0.01738,2092,0.01749,1334,0.0175,309,0.01751,8306,0.01752,131,0.01753,3261,0.01754,582,0.01755,3127,0.01756,577,0.01757,590,0.01758,4353
