spot_exch,fut_exch,symbol,ask_spot,bid_futures,spread_pct,ts,s_b1,s_b2,s_b3,s_b4,s_b5,s_b6,s_b7,s_b8,s_b9,s_b10,s_bq1,s_bq2,s_bq3,s_bq4,s_bq5,s_bq6,s_bq7,s_bq8,s_bq9,s_bq10,s_a1,s_a2,s_a3,s_a4,s_a5,s_a6,s_a7,s_a8,s_a9,s_a10,s_aq1,s_aq2,s_aq3,s_aq4,s_aq5,s_aq6,s_aq7,s_aq8,s_aq9,s_aq10,f_b1,f_b2,f_b3,f_b4,f_b5,f_b6,f_b7,f_b8,f_b9,f_b10,f_bq1,f_bq2,f_bq3,f_bq4,f_bq5,f_bq6,f_bq7,f_bq8,f_bq9,f_bq10,f_a1,f_a2,f_a3,f_a4,f_a5,f_a6,f_a7,f_a8,f_a9,f_a10,f_aq1,f_aq2,f_aq3,f_aq4,f_aq5,f_aq6,f_aq7,f_aq8,f_aq9,f_aq10
okx,bybit,VINEUSDT,0.01731,0.017333,0.1329,1774108907000,,,,,,,,,,,,,,,,,,,,,,,,,,,,,,,,,,,,,,,,,0.017333,72,0.017323,2000,0.017322,2265,0.017316,2307,0.017315,2000,0.017314,12,0.017313,2000,0.017312,2265,0.017309,2887,0.017307,2000,0.017353,11950,0.017354,54725,0.017356,26199,0.017357,18920,0.017370,2307,0.017373,3285,0.017374,2307,0.017375,83,0.017377,17058,0.017388,2306
okx,bybit,VINEUSDT,0.0173,0.017315,0.0867,1774108908000,0.01726,7699.68,0.01725,35892.55,0.01724,17396.93,0.01723,8297.63,0.01722,2779.6,0.01721,6794.64,0.0172,22150.88,0.01719,21508.77,0.01718,5094.84,0.01717,7052.6,0.01731,6936.41,0.01732,5730.97,0.01733,13092.09,0.01734,25387.1,0.01735,5000,0.01736,21496.02,0.01737,40415.74,0.01738,16526.84,0.01739,5000,0.0174,23302.94,0.017333,72,0.017323,2000,0.017316,2307,0.017315,2000,0.017314,12,0.017313,2000,0.017312,2265,0.017309,2887,0.017307,2000,0.017306,2307,0.017353,11950,0.017354,54725,0.017356,26199,0.017357,18920,0.017370,2307,0.017373,3285,0.017374,2307,0.017375,83,0.017377,17058,0.017388,2306
okx,bybit,VINEUSDT,0.0173,0.017316,0.0925,1774108920000,0.01726,53.47,0.01724,7471.7,0.01723,37636.74,0.01722,19275.62,0.01721,1794.64,0.0172,22318.1,0.01719,28643.26,0.01718,7750.54,0.01717,9908.1,0.01716,11.36,0.0173,5736.51,0.01731,12672.92,0.01732,7467.07,0.01733,11356.01,0.01734,19657.78,0.01735,5000,0.01736,21496.02,0.01737,42242.67,0.01738,17720.77,0.01739,5000,0.017315,7675,0.017314,12,0.017313,2000,0.017312,2265,0.017307,2000,0.017306,2307,0.017305,2000,0.017304,4227,0.017303,2,0.017301,2000,0.017342,166496,0.017373,2776,0.017374,2307,0.017375,83,0.017377,17058,0.017388,2306,0.017389,17058,0.017390,2307,0.017396,12,0.017399,2306
okx,bybit,VINEUSDT,0.0173,0.017316,0.0925,1774108921000,0.01726,93109.2,0.01724,7488.77,0.01723,37636.74,0.01722,19275.62,0.01721,1794.64,0.0172,22318.1,0.01719,28643.26,0.01718,7750.54,0.01717,9908.1,0.01716,11.36,0.0173,5736.51,0.01731,6936.41,0.01732,7467.07,0.01733,5869,0.01734,19657.78,0.01735,5000,0.01736,21496.02,0.01737,42242.67,0.01738,17720.77,0.01739,5000,0.017316,5676,0.017315,2000,0.017314,12,0.017313,2000,0.017312,2265,0.017307,2000,0.017306,2307,0.017305,2000,0.017304,4227,0.017303,2,0.017342,166496,0.017365,17058,0.017373,2776,0.017374,2307,0.017375,83,0.017377,17058,0.017388,2306,0.017389,17058,0.017390,2307,0.017396,12
okx,bybit,VINEUSDT,0.01733,0.017317,-0.075,1774108922000,0.01727,5962.4,0.01726,95690.52,0.01725,7590.43,0.01724,30.85,0.01723,36766.17,0.01722,19275.62,0.01721,1794.64,0.0172,22322.22,0.01719,28643.26,0.01718,9449.28,0.01733,9446.15,0.01734,19657.78,0.01736,28051.04,0.01737,35415.74,0.01738,16526.84,0.01739,6831.92,0.0174,26615.83,0.01741,16063.08,0.01742,27589.22,0.01743,8047.1,0.017316,5676,0.017315,2000,0.017314,1665,0.017313,2000,0.017312,2265,0.017307,2000,0.017306,2307,0.017305,2000,0.017304,4227,0.017303,2,0.017342,166496,0.017365,17058,0.017373,2776,0.017374,2307,0.017375,83,0.017377,17058,0.017388,2306,0.017389,17058,0.017390,2307,0.017396,12
okx,bybit,VINEUSDT,0.01733,0.017319,-0.0635,1774108923000,0.01728,5958.95,0.01727,7891.24,0.01726,94045.12,0.01725,28468.54,0.01724,30.85,0.01723,8297.63,0.01722,19275.62,0.01721,1794.64,0.0172,22322.22,0.01719,32186.12,0.01733,4711.05,0.01734,19657.78,0.01735,4746.44,0.01736,16496.02,0.01737,6947.2,0.01738,16526.84,0.01739,35300.46,0.0174,26615.83,0.01741,11910.45,0.01742,27589.22,0.017317,7675,0.017316,2315,0.017315,2000,0.017314,1665,0.017313,2000,0.017312,2265,0.017307,2000,0.017306,2307,0.017305,2000,0.017304,4227,0.017342,103665,0.017374,2307,0.017375,83,0.017377,17058,0.017388,2306,0.017389,17058,0.017390,2307,0.017391,2768,0.017396,12,0.017399,2306
okx,bybit,VINEUSDT,0.01733,0.017319,-0.0635,1774108924000,0.01728,12893.36,0.01727,9602.5,0.01726,94043.93,0.01725,28468.54,0.01724,30.85,0.01723,8297.63,0.01722,19275.62,0.01721,1794.64,0.0172,22322.22,0.01719,32186.12,0.01733,4711.05,0.01734,19657.78,0.01735,4746.44,0.01736,16496.02,0.01737,11947.2,0.01738,16526.84,0.01739,6831.92,0.0174,26615.83,0.01741,16063.08,0.01742,27589.22,0.017319,9987,0.017317,2000,0.017316,2314,0.017315,4967,0.017314,1665,0.017313,2000,0.017312,2265,0.017307,2000,0.017306,2307,0.017305,2000,0.017359,100834,0.017369,11062,0.017374,2307,0.017375,83,0.017377,17058,0.017388,2306,0.017389,17058,0.017390,2307,0.017396,12,0.017399,2306
okx,bybit,VINEUSDT,0.01733,0.017319,-0.0635,1774108925000,0.01727,7691.5,0.01726,101941.45,0.01725,28468.54,0.01724,30.85,0.01723,8297.63,0.01722,19275.62,0.01721,4977.83,0.0172,19143.14,0.01719,28643.26,0.01718,12991.71,0.01733,9457.49,0.01734,19657.78,0.01736,28560.12,0.01737,40415.74,0.01738,21526.84,0.01739,6966.18,0.0174,26615.83,0.01741,11910.45,0.01742,27589.22,0.01743,8047.1,0.017319,9987,0.017317,2000,0.017316,2314,0.017315,4967,0.017314,1665,0.017313,2000,0.017312,2265,0.017307,2000,0.017306,2307,0.017305,2000,0.017360,27987,0.017361,72990,0.017362,5273,0.017374,2307,0.017375,83,0.017377,17058,0.017378,2314,0.017388,2306,0.017389,17058,0.017390,2307
okx,bybit,VINEUSDT,0.01733,0.017319,-0.0635,1774108926000,0.01727,8158.86,0.01726,101941.45,0.01725,28468.54,0.01724,30.85,0.01723,8297.63,0.01722,19275.62,0.01721,4977.83,0.0172,14143.14,0.01719,24460.95,0.01718,10336.01,0.01733,9457.49,0.01734,19657.78,0.01735,5000,0.01736,16496.02,0.01737,11947.2,0.01738,21526.84,0.01739,6971.18,0.0174,26615.83,0.01741,16063.08,0.01742,27589.22,0.017319,7987,0.017317,2000,0.017316,2314,0.017315,2000,0.017314,1665,0.017313,2000,0.017312,2265,0.017307,2000,0.017306,2307,0.017305,2000,0.017358,11062,0.017360,15448,0.017362,5273,0.017374,2307,0.017375,83,0.017377,17058,0.017378,2314,0.017388,2306,0.017389,17058,0.017390,2307
okx,bybit,VINEUSDT,0.01733,0.017319,-0.0635,1774108928000,0.01727,7691.5,0.01726,94068.05,0.01725,36341.94,0.01724,30.85,0.01723,8297.63,0.01722,19275.62,0.01721,4977.83,0.0172,14143.14,0.01719,29653.81,0.01718,5094.84,0.01733,19485.45,0.01734,19657.78,0.01735,16105.63,0.01736,28560.12,0.01737,40415.74,0.01738,21526.84,0.01739,6971.18,0.0174,26615.83,0.01741,16063.08,0.01742,27589.22,0.017319,7987,0.017317,2000,0.017316,19372,0.017314,4790,0.017312,2265,0.017307,2000,0.017306,2307,0.017305,2000,0.017304,4227,0.017303,2,0.017359,12382,0.017360,32804,0.017363,28541,0.017374,2307,0.017375,83,0.017377,17058,0.017388,2306,0.017389,19490,0.017390,2307,0.017396,12
okx,bybit,VINEUSDT,0.01733,0.017339,0.0519,1774108930000,0.01727,7691.5,0.01726,94068.05,0.01724,30.85,0.01723,8297.63,0.01722,19275.62,0.01721,4977.83,0.0172,14143.14,0.01719,24460.95,0.01718,10193.51,0.01717,17030.33,0.01733,19485.45,0.01734,19657.78,0.01735,5000,0.01736,16496.02,0.01737,11947.2,0.01738,21526.84,0.01739,6971.18,0.0174,26615.83,0.01741,16063.08,0.01742,27589.22,0.017339,44,0.017319,2314,0.017317,2000,0.017316,19372,0.017314,4790,0.017312,2265,0.017307,2000,0.017306,2307,0.017305,2000,0.017304,4227,0.017360,26034,0.017362,17058,0.017363,28541,0.017374,2307,0.017375,83,0.017377,17058,0.017388,2306,0.017389,19490,0.017390,2307,0.017396,12
okx,bybit,VINEUSDT,0.01733,0.017322,-0.0462,1774108936000,0.01727,7691.5,0.01726,94068.05,0.01724,30.85,0.01723,8297.63,0.01722,19275.62,0.01721,9975.78,0.0172,14143.14,0.01719,24460.95,0.01718,9071.94,0.01717,17030.33,0.01733,4711.05,0.01734,8907.25,0.01735,10491.93,0.01736,16496.02,0.01737,11947.2,0.01738,21526.84,0.01739,6971.18,0.0174,26615.83,0.01741,16063.08,0.01742,27589.22,0.017321,5188,0.017320,2000,0.017319,2314,0.017317,2000,0.017316,19372,0.017314,1665,0.017313,2484,0.017312,2265,0.017307,2000,0.017306,2307,0.017368,12895,0.017369,57868,0.017370,28541,0.017374,2307,0.017375,83,0.017388,2306,0.017389,17058,0.017390,2307,0.017396,12,0.017399,2306
okx,bybit,VINEUSDT,0.01734,0.017323,-0.098,1774108937000,0.01727,7815.1,0.01726,93995.4,0.01725,12.39,0.01724,30.85,0.01723,8297.63,0.01722,19275.62,0.01721,9975.78,0.0172,14143.14,0.01719,24460.95,0.01718,9071.94,0.01734,8907.25,0.01735,10491.93,0.01736,16496.02,0.01737,11947.2,0.01738,21526.84,0.01739,6971.18,0.0174,26615.83,0.01741,16063.08,0.01742,27589.22,0.01743,8047.1,0.017322,2890,0.017321,2305,0.017320,2000,0.017319,2314,0.017317,2000,0.017316,19372,0.017314,1665,0.017313,2484,0.017312,2265,0.017307,2000,0.017367,36772,0.017368,57263,0.017369,57868,0.017374,2307,0.017375,83,0.017388,2306,0.017389,17058,0.017390,2307,0.017396,12,0.017397,2984
okx,bybit,VINEUSDT,0.01734,0.01733,-0.0577,1774108938000,0.01728,12895.36,0.01727,18225.12,0.01726,94062.76,0.01724,30.85,0.01723,8297.63,0.01722,19275.62,0.01721,9975.78,0.0172,14143.14,0.01719,12049.33,0.01718,5094.84,0.01734,12681.9,0.01735,4746.44,0.01736,16496.02,0.01737,11947.2,0.01738,21526.84,0.01739,6971.18,0.0174,26615.83,0.01741,16063.08,0.01742,27589.22,0.01743,8047.1,0.017328,17058,0.017323,2275,0.017322,2890,0.017321,2305,0.017320,2000,0.017319,2314,0.017317,2000,0.017316,19372,0.017314,1665,0.017313,2484,0.017367,49925,0.017368,44368,0.017374,2307,0.017375,83,0.017388,2306,0.017389,17058,0.017390,2307,0.017396,12,0.017397,2984,0.017399,2306
okx,bybit,VINEUSDT,0.01734,0.017341,0.0058,1774108939000,0.01728,5958.95,0.01727,19194.93,0.01726,93109.2,0.01724,30.85,0.01723,8297.63,0.01722,19275.62,0.01721,9975.78,0.0172,14143.14,0.01719,12049.33,0.01718,5094.84,0.01734,12681.9,0.01735,4746.44,0.01736,16496.02,0.01737,11947.2,0.01738,21526.84,0.01739,6971.18,0.0174,26615.83,0.01741,16063.08,0.01742,27589.22,0.01743,8047.1,0.017341,2888,0.017330,2275,0.017328,17058,0.017323,2275,0.017322,2641,0.017321,2305,0.017320,2000,0.017319,2314,0.017317,2000,0.017316,19372,0.017373,12692,0.017374,42518,0.017375,28510,0.017388,2306,0.017389,17058,0.017390,2307,0.017396,12,0.017399,2306,0.017401,19285,0.017411,2306
okx,bybit,VINEUSDT,0.01734,0.017341,0.0058,1774108941000,0.01728,12891.35,0.01727,19194.93,0.01726,93109.2,0.01724,30.85,0.01723,8297.63,0.01722,19275.62,0.01721,9975.78,0.0172,14143.14,0.01719,12049.33,0.01718,5094.84,0.01734,12681.9,0.01735,4746.44,0.01736,16496.02,0.01737,11947.2,0.01738,21526.84,0.01739,6971.18,0.0174,26615.83,0.01741,16063.08,0.01742,27589.22,0.01743,8047.1,0.017341,2881,0.017330,2275,0.017329,2000,0.017328,17058,0.017323,2275,0.017321,2305,0.017320,2000,0.017319,2314,0.017317,2000,0.017316,19372,0.017372,12407,0.017373,45128,0.017374,42518,0.017375,28510,0.017388,2306,0.017389,17058,0.017390,2307,0.017396,3274,0.017399,2306,0.017401,19285
okx,bybit,VINEUSDT,0.01733,0.017339,0.0519,1774108943000,0.01728,5958.95,0.01727,19194.93,0.01726,93109.2,0.01724,30.85,0.01723,8297.63,0.01722,22458.81,0.01721,6794.64,0.0172,14143.14,0.01719,12049.33,0.01718,5094.84,0.01733,10027.96,0.01734,6936.41,0.01735,10554.67,0.01736,22304.25,0.01737,11947.2,0.01738,21526.84,0.01739,6971.18,0.0174,26615.83,0.01741,16063.08,0.01742,32130.51,0.017339,19939,0.017331,2936,0.017330,2275,0.017329,2000,0.017328,17058,0.017323,2275,0.017321,3226,0.017320,2000,0.017319,2314,0.017317,2000,0.017371,12921,0.017372,60421,0.017373,73214,0.017375,83,0.017377,28546,0.017390,2307,0.017396,3274,0.017399,2306,0.017401,19285,0.017411,2306
okx,bybit,VINEUSDT,0.01732,0.01733,0.0577,1774108945000,0.01728,5958.95,0.01727,27068.42,0.01726,93109.2,0.01725,28468.54,0.01724,30.85,0.01723,8297.63,0.01722,22458.81,0.01721,1794.64,0.0172,14143.14,0.01719,13738.32,0.01733,10027.96,0.01734,6936.41,0.01735,10554.67,0.01736,22304.25,0.01737,11947.2,0.01738,49995.38,0.01739,6971.18,0.0174,26615.83,0.01741,16063.08,0.01742,32130.51,0.017330,2882,0.017328,17058,0.017323,2275,0.017321,3226,0.017319,2314,0.017316,19372,0.017314,1665,0.017312,2265,0.017307,2000,0.017306,2307,0.017363,25176,0.017364,90105,0.017365,30126,0.017375,83,0.017390,2307,0.017396,12,0.017399,2306,0.017401,19285,0.017411,2306,0.017413,19333
okx,bybit,VINEUSDT,0.01732,0.017339,0.1097,1774108947000,0.01728,5958.95,0.01727,19170.33,0.01726,100982.69,0.01725,28468.54,0.01724,30.85,0.01723,8297.63,0.01722,22458.81,0.01721,1794.64,0.0172,14143.14,0.01719,15536.96,0.01733,9836.19,0.01734,11682.85,0.01735,10808.23,0.01736,39665.65,0.01737,40415.74,0.01738,16526.84,0.01739,6971.18,0.0174,26615.83,0.01741,16063.08,0.01742,32130.51,0.017339,921,0.017328,17058,0.017319,2314,0.017316,19372,0.017314,1665,0.017312,4916,0.017307,2000,0.017306,2307,0.017305,2000,0.017304,4227,0.017363,55280,0.017364,75041,0.017375,2358,0.017376,2415,0.017386,17058,0.017390,2307,0.017396,12,0.017399,2306,0.017401,19285,0.017411,2306
okx,bybit,VINEUSDT,0.01733,0.017317,-0.075,1774108948000,0.01728,5958.95,0.01727,10293.14,0.01726,93978.26,0.01725,28468.54,0.01724,30.85,0.01723,8297.63,0.01722,19275.62,0.01721,1794.64,0.0172,14143.14,0.01719,12813.87,0.01733,14414.22,0.01734,23432.43,0.01736,39051.77,0.01737,35415.74,0.01738,16526.84,0.01739,6193.93,0.0174,27248.82,0.01741,16063.08,0.01742,34929.74,0.01743,5247.87,0.017317,19942,0.017314,1665,0.017312,2265,0.017307,2000,0.017306,2307,0.017305,2000,0.017304,4227,0.017303,2,0.017302,3204,0.017301,2000,0.017357,22700,0.017358,58952,0.017359,45077,0.017361,30106,0.017375,2358,0.017377,5570,0.017386,17058,0.017390,2307,0.017396,12,0.017399,2306
okx,bybit,VINEUSDT,0.01733,0.017317,-0.075,1774108949000,0.01728,5958.95,0.01727,10293.14,0.01726,93978.26,0.01725,28468.54,0.01724,30.85,0.01723,8297.63,0.01722,19275.62,0.01721,4977.83,0.0172,14143.14,0.01719,12813.87,0.01733,14414.22,0.01734,23432.43,0.01736,39051.77,0.01737,35415.74,0.01738,16526.84,0.01739,6193.93,0.0174,27248.82,0.01741,16063.08,0.01742,34929.74,0.01743,5247.87,0.017317,19942,0.017314,1665,0.017312,2265,0.017307,2000,0.017306,2307,0.017305,2000,0.017304,4227,0.017303,2,0.017302,3204,0.017301,2000,0.017357,13581,0.017358,58952,0.017359,45077,0.017361,30106,0.017375,2358,0.017377,5570,0.017386,17058,0.017390,2307,0.017396,12,0.017399,2306
okx,bybit,VINEUSDT,0.01733,0.017317,-0.075,1774108950000,0.01728,5958.95,0.01727,10293.14,0.01726,93978.26,0.01725,28468.54,0.01724,30.85,0.01723,8297.63,0.01722,19275.62,0.01721,4977.83,0.0172,14143.14,0.01719,12813.87,0.01733,14414.22,0.01734,23432.43,0.01736,39051.77,0.01737,35415.74,0.01738,16526.84,0.01739,6193.93,0.0174,27248.82,0.01741,16063.08,0.01742,34929.74,0.01743,5247.87,0.017317,19942,0.017314,1665,0.017312,2265,0.017310,8444,0.017307,2000,0.017306,2307,0.017305,2000,0.017304,4227,0.017303,2,0.017301,2000,0.017357,18152,0.017358,45497,0.017359,45077,0.017361,30106,0.017375,2358,0.017377,5570,0.017386,17058,0.017390,2307,0.017396,12,0.017399,2306
okx,bybit,VINEUSDT,0.01733,0.017329,-0.0058,1774108951000,0.01728,5958.95,0.01727,10293.14,0.01726,110474.28,0.01725,28468.54,0.01724,30.85,0.01723,8297.63,0.01722,19275.62,0.01721,4977.83,0.0172,14143.14,0.01719,12394.26,0.01733,9667.78,0.01734,6936.41,0.01735,4746.44,0.01736,28560.12,0.01737,35415.74,0.01738,16526.84,0.01739,6193.93,0.0174,25421.9,0.01741,11910.45,0.01742,27589.22,0.017318,2886,0.017317,17058,0.017314,1665,0.017312,2265,0.017310,8444,0.017307,2000,0.017306,2307,0.017305,2000,0.017304,4227,0.017303,2,0.017357,33631,0.017375,2358,0.017377,5570,0.017386,17058,0.017390,2307,0.017396,12,0.017399,2306,0.017401,19285,0.017403,16850,0.017411,2306
okx,bybit,VINEUSDT,0.01733,0.017321,-0.0519,1774108956000,0.01727,7879.42,0.01726,118961.66,0.01725,28468.54,0.01724,30.85,0.01723,8297.63,0.01722,19275.62,0.01721,4977.83,0.0172,14143.14,0.01719,7964.93,0.01718,8179.74,0.01733,9667.78,0.01734,11682.85,0.01735,10921.67,0.01736,39051.77,0.01737,35415.74,0.01738,18498.02,0.01739,6193.93,0.0174,21496.02,0.01741,16063.08,0.01742,38855.62,0.017321,2884,0.017317,17058,0.017315,2227,0.017314,1665,0.017313,8444,0.017312,2265,0.017307,2000,0.017306,2307,0.017305,2000,0.017304,4227,0.017355,26810,0.017356,128438,0.017375,2358,0.017376,2392,0.017377,2227,0.017386,17058,0.017390,2307,0.017396,12,0.017399,2306,0.017401,19285
okx,bybit,VINEUSDT,0.01733,0.017322,-0.0462,1774108957000,0.01727,7879.42,0.01726,118961.66,0.01725,28468.54,0.01724,30.85,0.01723,8297.63,0.01722,19275.62,0.01721,4977.83,0.0172,14143.14,0.01719,7964.93,0.01718,8179.74,0.01733,9667.78,0.01734,11682.85,0.01735,10921.67,0.01736,28560.12,0.01737,35415.74,0.01738,18498.02,0.01739,6193.93,0.0174,21496.02,0.01741,16063.08,0.01742,38855.62,0.017322,2889,0.017317,17058,0.017315,2227,0.017314,1665,0.017312,2265,0.017307,2000,0.017306,2307,0.017305,2000,0.017304,4227,0.017303,2,0.017355,60126,0.017375,2358,0.017376,2392,0.017377,2227,0.017386,17058,0.017390,2307,0.017396,12,0.017399,2306,0.017401,19285,0.017403,16850
okx,bybit,VINEUSDT,0.01733,0.017322,-0.0462,1774108959000,0.01727,7829.86,0.01726,118961.66,0.01725,28468.54,0.01724,30.85,0.01723,8297.63,0.01722,19275.62,0.01721,4977.83,0.0172,14143.14,0.01719,7964.93,0.01718,11748.99,0.01733,9667.78,0.01734,11682.85,0.01735,10921.67,0.01736,28560.12,0.01737,35415.74,0.01738,18498.02,0.01739,6193.93,0.0174,21496.02,0.01741,16063.08,0.01742,38855.62,0.017322,2884,0.017317,17058,0.017316,8444,0.017315,2227,0.017314,1665,0.017312,2265,0.017307,2000,0.017306,2307,0.017305,2000,0.017304,4227,0.017354,41739,0.017355,115978,0.017375,2358,0.017376,2392,0.017377,2227,0.017386,17058,0.017390,2307,0.017396,12,0.017399,2306,0.017401,19285
okx,bybit,VINEUSDT,0.01733,0.017338,0.0462,1774108960000,0.01727,7829.86,0.01726,118961.66,0.01725,28468.54,0.01724,30.85,0.01723,8297.63,0.01722,19275.62,0.01721,4977.83,0.0172,14143.14,0.01719,7964.93,0.01718,13666.03,0.01733,9667.78,0.01734,11682.85,0.01735,10921.67,0.01736,28560.12,0.01737,35415.74,0.01738,18498.02,0.01739,6193.93,0.0174,21496.02,0.01741,16063.08,0.01742,38855.62,0.017338,21,0.017323,5,0.017318,2000,0.017317,17058,0.017316,8444,0.017315,2227,0.017314,1665,0.017312,2265,0.017307,2000,0.017306,2307,0.017354,41739,0.017355,115978,0.017375,2358,0.017376,2346,0.017377,2227,0.017386,17058,0.017390,2307,0.017396,12,0.017399,2306,0.017401,19285
okx,bybit,VINEUSDT,0.01733,0.017338,0.0462,1774108963000,0.01727,7768.16,0.01726,110474.28,0.01725,36955.92,0.01724,30.85,0.01723,8297.63,0.01722,19275.62,0.01721,4977.83,0.0172,14143.14,0.01719,7964.93,0.01718,17500.09,0.01733,9667.78,0.01734,11682.85,0.01735,10921.67,0.01736,28560.12,0.01737,45907.39,0.01738,18498.02,0.01739,6193.93,0.0174,21496.02,0.01741,16063.08,0.01742,38855.62,0.017338,21,0.017318,2000,0.017317,17058,0.017316,8444,0.017315,2227,0.017314,1665,0.017312,2265,0.017307,2000,0.017306,2307,0.017305,2000,0.017353,46365,0.017354,113357,0.017375,2358,0.017376,2346,0.017377,2227,0.017386,17058,0.017390,2307,0.017396,12,0.017399,2306,0.017401,19285
okx,bybit,VINEUSDT,0.01733,0.017318,-0.0692,1774108964000,0.01727,7768.16,0.01726,110474.28,0.01725,8487.38,0.01724,30.85,0.01723,8297.63,0.01722,19275.62,0.01721,4977.83,0.0172,14143.14,0.01719,7964.93,0.01718,17500.09,0.01733,9667.78,0.01734,11682.85,0.01735,10921.67,0.01736,28560.12,0.01737,45907.39,0.01738,18498.02,0.01739,6193.93,0.0174,21496.02,0.01741,16063.08,0.01742,38855.62,0.017318,2000,0.017317,17058,0.017316,8444,0.017315,2227,0.017314,1665,0.017312,2265,0.017307,2000,0.017306,2307,0.017305,2000,0.017304,4227,0.017352,49798,0.017353,51571,0.017375,2358,0.017377,2227,0.017386,17058,0.017390,2307,0.017396,12,0.017399,2306,0.017401,19285,0.017403,16850
okx,bybit,VINEUSDT,0.01733,0.017335,0.0289,1774108966000,0.01727,7891.56,0.01726,110474.28,0.01725,8487.38,0.01724,30.85,0.01723,8297.63,0.01722,19275.62,0.01721,4977.83,0.0172,14143.14,0.01719,7964.93,0.01718,17500.09,0.01733,9667.78,0.01734,11682.85,0.01735,21413.32,0.01736,28560.12,0.01737,35415.74,0.01738,18498.02,0.01739,6193.93,0.0174,21496.02,0.01741,16063.08,0.01742,38855.62,0.017335,36,0.017318,2000,0.017317,17058,0.017315,2227,0.017314,1665,0.017312,2265,0.017307,2000,0.017306,2307,0.017305,2000,0.017304,4227,0.017352,67159,0.017353,51571,0.017375,2358,0.017377,2227,0.017386,17058,0.017390,2307,0.017393,17140,0.017396,12,0.017399,2306,0.017401,19285
okx,bybit,VINEUSDT,0.01732,0.017335,0.0866,1774108971000,0.01727,7768.16,0.01726,110474.28,0.01725,8487.38,0.01724,28499.39,0.01723,8297.63,0.01722,19275.62,0.01721,4977.83,0.0172,14143.14,0.01719,7964.93,0.01718,17500.09,0.01733,14414.22,0.01734,23432.43,0.01736,39051.77,0.01737,35415.74,0.01738,18498.02,0.01739,6193.93,0.0174,21496.02,0.01741,16063.08,0.01742,38855.62,0.01743,5247.87,0.017335,36,0.017318,2000,0.017317,17058,0.017315,2227,0.017314,1665,0.017312,2265,0.017307,2000,0.017306,2307,0.017305,2000,0.017304,4227,0.017350,51272,0.017375,2358,0.017377,2227,0.017385,2000,0.017386,17058,0.017389,2000,0.017390,2307,0.017393,17140,0.017396,12,0.017399,2306
okx,bybit,VINEUSDT,0.01733,0.017319,-0.0635,1774108973000,0.01727,7768.16,0.01726,102465.64,0.01725,28468.54,0.01724,30.85,0.01723,8297.63,0.01722,19275.62,0.01721,4977.83,0.0172,14143.14,0.01719,7964.93,0.01718,17500.09,0.01732,10496.02,0.01733,14414.22,0.01734,23432.43,0.01736,39051.77,0.01737,35415.74,0.01738,18498.02,0.01739,6193.93,0.0174,21496.02,0.01741,16063.08,0.01742,38855.62,0.017319,2885,0.017314,1665,0.017312,2265,0.017307,2000,0.017306,2307,0.017305,2000,0.017304,4227,0.017303,2002,0.017302,3404,0.017301,2000,0.017347,15477,0.017348,72482,0.017349,86415,0.017366,2324,0.017368,3448,0.017372,2324,0.017374,17058,0.017375,2358,0.017377,2227,0.017386,17058
okx,bybit,VINEUSDT,0.01733,0.017323,-0.0404,1774108975000,0.01727,7768.16,0.01726,109605.22,0.01725,8487.38,0.01724,30.85,0.01723,9168.2,0.01722,19275.62,0.01721,4977.83,0.0172,14143.14,0.01719,7964.93,0.01718,17500.09,0.01733,9667.78,0.01734,6936.41,0.01735,9746.44,0.01736,39051.77,0.01737,35415.74,0.01738,18498.02,0.01739,6193.93,0.0174,21496.02,0.01741,16063.08,0.01742,38855.62,0.017320,11329,0.017314,1665,0.017312,2265,0.017307,2000,0.017306,2307,0.017305,2000,0.017304,4227,0.017303,2002,0.017302,3404,0.017301,2000,0.017347,15477,0.017348,72482,0.017349,69126,0.017366,2324,0.017368,3448,0.017372,2324,0.017374,17058,0.017375,2358,0.017377,2227,0.017386,17058
okx,bybit,VINEUSDT,0.01733,0.017333,0.0173,1774108976000,0.01727,7768.16,0.01726,110474.28,0.01725,36955.92,0.01724,30.85,0.01723,8297.63,0.01722,19275.62,0.01721,4977.83,0.0172,14143.14,0.01719,7964.93,0.01718,17500.09,0.01733,9667.78,0.01734,12897.07,0.01735,9746.44,0.01736,39051.77,0.01737,35415.74,0.01738,18498.02,0.01739,6193.93,0.0174,21496.02,0.01741,16063.08,0.01742,38855.62,0.017333,19,0.017320,11329,0.017314,1665,0.017312,2265,0.017307,2000,0.017306,2307,0.017305,2000,0.017304,4227,0.017303,2002,0.017302,3404,0.017346,48788,0.017347,65634,0.017348,50544,0.017366,2324,0.017372,2324,0.017374,17058,0.017375,2358,0.017377,2227,0.017386,17058,0.017390,2307
okx,bybit,VINEUSDT,0.01733,0.017333,0.0173,1774108977000,0.01727,7768.16,0.01726,110474.28,0.01725,36955.92,0.01724,30.85,0.01723,8297.63,0.01722,19275.62,0.01721,4977.83,0.0172,14143.14,0.01719,7964.93,0.01718,17500.09,0.01733,9667.78,0.01734,12897.07,0.01735,9746.44,0.01736,39051.77,0.01737,35415.74,0.01738,18498.02,0.01739,6193.93,0.0174,21496.02,0.01741,16063.08,0.01742,38855.62,0.017333,19,0.017316,2000,0.017315,17058,0.017314,1665,0.017312,2265,0.017307,2000,0.017306,2307,0.017305,2000,0.017304,4227,0.017303,2002,0.017363,30686,0.017364,58396,0.017365,49930,0.017366,51618,0.017369,28563,0.017372,2324,0.017374,17058,0.017375,2358,0.017377,4741,0.017386,17058
okx,bybit,VINEUSDT,0.01734,0.017333,-0.0404,1774108979000,0.01728,5960.66,0.01727,13901.82,0.01726,118961.66,0.01725,28468.54,0.01724,30.85,0.01723,8297.63,0.01722,19275.62,0.01721,4977.83,0.0172,14143.14,0.01719,7964.93,0.01734,12897.07,0.01735,9746.44,0.01736,28560.12,0.01737,45907.39,0.01738,18498.02,0.01739,6193.93,0.0174,21496.02,0.01741,16063.08,0.01742,38855.62,0.01743,5247.87,0.017333,19,0.017316,2000,0.017315,17058,0.017314,1665,0.017312,2265,0.017307,2000,0.017306,2307,0.017305,2000,0.017304,4227,0.017303,2,0.017362,20718,0.017363,82832,0.017364,47948,0.017365,34522,0.017370,10448,0.017372,2324,0.017374,17058,0.017375,2358,0.017377,2227,0.017386,17058
okx,bybit,VINEUSDT,0.01736,0.017348,-0.0691,1774108980000,0.01731,5948.62,0.0173,9585.67,0.01729,30258.64,0.01728,28468.54,0.01726,109605.22,0.01724,30.85,0.01723,8297.63,0.01722,2779.6,0.01721,16408.46,0.0172,14143.14,0.01736,5955.49,0.01737,12902.69,0.01738,30.82,0.01739,10701.93,0.0174,16496.02,0.01741,6910.45,0.01742,16529.98,0.01743,9173.75,0.01744,28370.84,0.01745,65.58,0.017348,17058,0.017338,2000,0.017337,17058,0.017335,2000,0.017334,7386,0.017333,19,0.017316,2000,0.017315,17058,0.017314,1665,0.017312,2265,0.017375,34811,0.017390,2307,0.017396,12,0.017401,2227,0.017411,2306,0.017413,2275,0.017418,3434,0.017424,4306,0.017425,17058,0.017427,17356
okx,bybit,VINEUSDT,0.01736,0.017348,-0.0691,1774108982000,0.01731,5948.62,0.0173,11293.83,0.01729,24297.98,0.01728,28468.54,0.01726,109605.22,0.01724,30.85,0.01723,8297.63,0.01722,2779.6,0.01721,16408.46,0.0172,14143.14,0.01736,10701.93,0.01737,12944.34,0.01738,22460.7,0.0174,21496.02,0.01741,35378.99,0.01742,21529.98,0.01743,9173.75,0.01744,28370.84,0.01745,65.58,0.01746,24384.86,0.017348,19938,0.017342,2000,0.017341,9488,0.017338,2000,0.017337,17058,0.017336,2273,0.017335,2000,0.017334,7386,0.017333,19,0.017316,2000,0.017375,83,0.017390,2307,0.017396,12,0.017401,2227,0.017411,2306,0.017413,2275,0.017418,3434,0.017424,4306,0.017425,19058,0.017426,2273
okx,bybit,VINEUSDT,0.01736,0.017348,-0.0691,1774108983000,0.01731,5948.62,0.0173,11293.83,0.01729,24297.98,0.01728,28468.54,0.01726,109605.22,0.01724,30.85,0.01723,8297.63,0.01722,2779.6,0.01721,16408.46,0.0172,14143.14,0.01736,10701.93,0.01737,12944.34,0.01738,22460.7,0.01739,5000,0.0174,21496.02,0.01741,35378.99,0.01742,21529.98,0.01743,9173.75,0.01744,28370.84,0.01745,65.58,0.017348,19938,0.017342,2000,0.017338,2000,0.017337,17058,0.017336,2273,0.017335,2000,0.017334,4273,0.017333,19,0.017316,2000,0.017315,17058,0.017375,83,0.017390,2307,0.017396,12,0.017401,2227,0.017410,17058,0.017411,2306,0.017413,2275,0.017418,3434,0.017419,2273,0.017423,2000
okx,bybit,VINEUSDT,0.01736,0.017348,-0.0691,1774108992000,0.0173,7678.18,0.01729,33843.78,0.01728,28468.54,0.01726,109605.22,0.01724,30.85,0.01723,8297.63,0.01722,2779.6,0.01721,4977.83,0.0172,18267.22,0.01719,7964.93,0.01736,5955.49,0.01737,11735.29,0.01738,22460.7,0.01739,5000,0.0174,30942.94,0.01741,35378.99,0.01742,21529.98,0.01743,9173.75,0.01744,28370.84,0.01745,65.58,0.017348,19938,0.017342,9488,0.017338,2000,0.017337,17058,0.017336,2273,0.017335,2000,0.017334,4273,0.017333,19,0.017332,2273,0.017331,2000,0.017375,83,0.017390,2307,0.017396,12,0.017400,2000,0.017401,2227,0.017408,2000,0.017409,4273,0.017410,17058,0.017411,2239,0.017412,2000
okx,bybit,VINEUSDT,0.01735,0.017349,-0.0058,1774108999000,0.01731,5948.62,0.0173,11258.22,0.01729,24297.98,0.01728,28468.54,0.01726,16519.97,0.01724,5030.85,0.01723,13297.63,0.01722,7779.6,0.01721,14947.09,0.0172,14143.14,0.01736,5955.49,0.01737,11735.29,0.01738,22460.7,0.01739,5000,0.0174,30942.94,0.01741,35378.99,0.01742,21529.98,0.01743,9173.75,0.01744,28370.84,0.01745,5065.58,0.017348,2880,0.017345,2000,0.017343,9488,0.017338,2000,0.017337,17058,0.017336,19275,0.017335,2000,0.017334,4273,0.017333,19,0.017332,2273,0.017375,83,0.017390,2307,0.017396,12,0.017400,2000,0.017401,2227,0.017403,3028,0.017408,2000,0.017409,4273,0.017410,19058,0.017411,2239
okx,bybit,VINEUSDT,0.01734,0.017338,-0.0115,1774109002000,0.0173,5952.06,0.01729,11261.2,0.01728,28468.54,0.01726,16519.97,0.01725,869.56,0.01724,5030.85,0.01723,13297.63,0.01722,7779.6,0.01721,26473.85,0.0172,19143.14,0.01734,6922.41,0.01735,10739.21,0.01736,16496.02,0.01737,6947.2,0.01738,16526.84,0.01739,5000,0.0174,21496.02,0.01741,40378.99,0.01742,21529.98,0.01743,9173.75,0.017337,29427,0.017336,2273,0.017335,2000,0.017334,2273,0.017332,2273,0.017331,2000,0.017330,2273,0.017328,2273,0.017319,2000,0.017318,5302,0.017375,83,0.017390,2307,0.017394,2315,0.017396,12,0.017397,2000,0.017398,19373,0.017400,2000,0.017401,2227,0.017408,2000,0.017409,4273
okx,bybit,VINEUSDT,0.01733,0.017316,-0.0808,1774109003000,0.0173,5952.06,0.01729,11277.98,0.01728,28468.54,0.01726,16519.97,0.01725,869.56,0.01724,5030.85,0.01723,13297.63,0.01722,7779.6,0.01721,26473.85,0.0172,22986.05,0.01734,6922.41,0.01735,10739.21,0.01736,16496.02,0.01737,6947.2,0.01738,16526.84,0.01739,5000,0.0174,21496.02,0.01741,40378.99,0.01742,21529.98,0.01743,9173.75,0.017338,12369,0.017337,17058,0.017336,2273,0.017332,2273,0.017331,2000,0.017330,2273,0.017328,2273,0.017319,2000,0.017318,5302,0.017317,2000,0.017375,83,0.017394,2315,0.017396,12,0.017397,2000,0.017398,19373,0.017400,2000,0.017401,2227,0.017408,2000,0.017409,4273,0.017410,36166
okx,bybit,VINEUSDT,0.01731,0.017314,0.0231,1774109004000,0.01726,5997.31,0.01725,5973.36,0.01724,6004.21,0.01723,16095.02,0.01722,2779.6,0.01721,26473.85,0.0172,19143.14,0.01719,7964.93,0.01718,21590.86,0.01717,15574.57,0.01731,6928.4,0.01732,144.03,0.01733,21496.02,0.01734,11922.41,0.01735,4746.44,0.01736,16496.02,0.01737,6947.2,0.01738,44995.38,0.01739,5000,0.0174,21496.02,0.017314,1665,0.017304,2227,0.017303,2,0.017300,2227,0.017299,3018,0.017298,2314,0.017292,2306,0.017284,17058,0.017274,4668,0.017273,328,0.017359,14022,0.017362,17058,0.017368,2315,0.017373,2315,0.017374,17058,0.017375,83,0.017386,2315,0.017392,2315,0.017394,2315,0.017395,2000
okx,bybit,VINEUSDT,0.01726,0.017306,0.2665,1774109009000,0.01726,23.95,0.01725,1225.8,0.01724,30891.6,0.01723,37636.74,0.01722,2779.6,0.01721,33889.48,0.0172,12765.6,0.01719,16685.61,0.01718,8047.86,0.01717,7760.7,0.01731,12877.41,0.01732,7720.41,0.01733,16496.02,0.01734,6922.41,0.01735,5957.22,0.01736,21496.02,0.01737,11947.2,0.01738,44995.38,0.01739,5000,0.0174,21496.02,0.017306,19944,0.017303,2,0.017292,2306,0.017285,2000,0.017284,19373,0.017281,2000,0.017280,5415,0.017279,2000,0.017278,2330,0.017275,2000,0.017347,2315,0.017354,13403,0.017355,12,0.017358,2315,0.017362,17058,0.017368,2315,0.017373,4315,0.017374,17058,0.017375,83,0.017382,2000
okx,bybit,VINEUSDT,0.0173,0.017295,-0.0289,1774109011000,0.01725,1225.8,0.01724,16526.87,0.01723,9168.2,0.01722,2779.6,0.01721,25801.33,0.0172,12743.43,0.01719,19818.97,0.01718,8047.86,0.01717,5030.85,0.01716,1820.09,0.0173,5940.24,0.01731,14640.14,0.01732,10957.22,0.01733,33212.18,0.01734,6922.41,0.01735,33468.54,0.01736,21508.66,0.01737,11947.2,0.01738,16526.84,0.01739,5000,0.017303,2888,0.017285,2000,0.017284,19373,0.017279,2000,0.017278,2330,0.017275,2000,0.017274,4668,0.017273,2012,0.017272,19364,0.017271,2000,0.017340,28581,0.017342,2330,0.017343,17058,0.017344,2330,0.017347,2315,0.017348,11672,0.017355,12,0.017358,2315,0.017362,17058,0.017368,2315
okx,bybit,VINEUSDT,0.0173,0.017296,-0.0231,1774109012000,0.01724,813.58,0.01723,12510.24,0.01722,9539.09,0.01721,25827.17,0.0172,12743.43,0.01719,19818.97,0.01718,8041.16,0.01717,5030.85,0.01716,11.36,0.01715,3323.51,0.0173,5940.24,0.01731,12919.89,0.01732,13445.26,0.01733,16496.02,0.01734,6922.41,0.01735,33468.54,0.01736,21508.66,0.01737,11947.2,0.01738,16526.84,0.01739,5000,0.017296,5465,0.017295,17058,0.017285,2000,0.017284,17058,0.017278,2330,0.017274,2668,0.017273,12,0.017272,19364,0.017270,5196,0.017264,2330,0.017341,2330,0.017343,14559,0.017344,2330,0.017347,2315,0.017355,12,0.017358,2315,0.017368,2315,0.017373,19400,0.017374,17058,0.017375,83
okx,bybit,VINEUSDT,0.0173,0.017296,-0.0231,1774109013000,0.01725,791.72,0.01724,5933.22,0.01723,12510.24,0.01722,3650.68,0.01721,33090.04,0.0172,21337.08,0.01719,11685.61,0.01718,8041.16,0.01717,5030.85,0.01716,5011.36,0.0173,5940.24,0.01731,7001.65,0.01732,7639.56,0.01733,10964.12,0.01734,24288.55,0.01735,33468.54,0.01736,21508.66,0.01737,11947.2,0.01738,16526.84,0.01739,5000,0.017296,5465,0.017295,17058,0.017285,2000,0.017284,17058,0.017278,2330,0.017274,4668,0.017273,2012,0.017272,19364,0.017270,5196,0.017264,2330,0.017347,2315,0.017355,12,0.017356,2563,0.017358,2315,0.017368,2315,0.017372,2000,0.017373,4315,0.017374,17058,0.017375,83,0.017386,2315
okx,bybit,VINEUSDT,0.01727,0.017263,-0.0405,1774109015000,0.01724,6946.45,0.01723,4669.85,0.01722,5926.51,0.01721,36657.96,0.0172,12743.43,0.01719,18948.48,0.01718,12665.88,0.01717,5030.85,0.01716,5011.36,0.01715,12.66,0.0173,6345.73,0.01731,20346.84,0.01732,29082.3,0.01733,5247.87,0.01734,29288.55,0.01735,33468.54,0.01736,21508.66,0.01737,11947.2,0.01738,16526.84,0.01739,5000,0.017263,27,0.017242,2854,0.017241,3340,0.017236,2446,0.017235,2330,0.017233,17058,0.017232,2298,0.017223,3745,0.017222,2286,0.017214,19373,0.017307,4330,0.017308,17058,0.017314,12,0.017320,17058,0.017332,17058,0.017340,4330,0.017344,2330,0.017345,17058,0.017347,2315,0.017355,12
okx,bybit,VINEUSDT,0.01727,0.017267,-0.0174,1774109016000,0.01721,6576.53,0.0172,5970.32,0.01719,13938.25,0.01718,11286.72,0.01717,30.85,0.01716,23453.77,0.01715,20448.9,0.01714,14254.6,0.01713,7260.68,0.01712,6675.99,0.01727,7691.5,0.01728,12573.12,0.01729,5895.57,0.0173,17366.14,0.01731,6959.22,0.01732,17366.14,0.01733,5247.87,0.01734,29288.55,0.01735,5000,0.01736,21508.66,0.017267,19708,0.017263,27,0.017251,2725,0.017249,2330,0.017248,17058,0.017247,2330,0.017235,2330,0.017233,17058,0.017232,2298,0.017226,19652,0.017304,12416,0.017305,13008,0.017307,2330,0.017314,12,0.017320,17058,0.017332,17058,0.017340,2330,0.017344,2330,0.017345,17058,0.017347,2315
okx,bybit,VINEUSDT,0.01727,0.017267,-0.0174,1774109018000,0.0172,5938.98,0.01719,9338.24,0.01718,12262.01,0.01717,14036.73,0.01716,23647.74,0.01715,24806.85,0.01714,13223.87,0.01713,12244.3,0.01712,6675.99,0.01711,5248.07,0.01727,10881.31,0.01728,14302.23,0.01729,6009.27,0.0173,17366.14,0.01731,11959.22,0.01732,22366.14,0.01733,5247.87,0.01734,24288.55,0.01735,5000,0.01736,21567.47,0.017267,19708,0.017263,27,0.017250,2000,0.017249,4330,0.017248,17058,0.017236,2000,0.017235,2330,0.017234,2000,0.017233,17058,0.017232,2298,0.017303,13008,0.017307,2330,0.017314,12,0.017320,17058,0.017327,2878,0.017332,17058,0.017339,2000,0.017340,2330,0.017343,2000,0.017344,4330
okx,bybit,VINEUSDT,0.01724,0.017263,0.1334,1774109019000,0.01717,10764.11,0.01716,27268.35,0.01715,19864.99,0.01714,9999.37,0.01713,13720.31,0.01712,11248.6,0.01711,5248.07,0.0171,30.85,0.01709,5011.18,0.01708,5648.17,0.01724,10931.7,0.01725,11771.36,0.01726,12204.59,0.01727,6729.1,0.01728,29896.78,0.01729,5034.76,0.0173,17400.1,0.01731,11959.22,0.01732,22366.14,0.01733,5247.87,0.017267,2652,0.017263,27,0.017248,17058,0.017235,2330,0.017233,17058,0.017232,2298,0.017230,2,0.017226,2330,0.017223,5745,0.017222,2286,0.017282,1821,0.017286,13338,0.017302,19375,0.017307,2330,0.017314,12,0.017320,17058,0.017332,17058,0.017339,2000,0.017340,2330,0.017343,2000
okx,bybit,VINEUSDT,0.01724,0.017248,0.0464,1774109020000,0.01717,16371.84,0.01716,30042.66,0.01715,12226.55,0.01714,18678.98,0.01713,1357.5,0.01712,9912.54,0.01711,5248.07,0.0171,5030.85,0.01709,5011.18,0.01708,6205.7,0.01724,11804.94,0.01725,13500.46,0.01726,5979.77,0.01727,10974.51,0.01728,29896.78,0.01729,5034.76,0.0173,22400.1,0.01731,11959.22,0.01732,22366.14,0.01733,5247.87,0.017248,19728,0.017235,2330,0.017233,17058,0.017232,2298,0.017230,3390,0.017226,2330,0.017224,2000,0.017223,5745,0.017222,2286,0.017214,19373,0.017279,28586,0.017281,13338,0.017300,2317,0.017302,19375,0.017307,5761,0.017314,12,0.017320,17058,0.017331,2000,0.017332,17115,0.017333,316
okx,bybit,VINEUSDT,0.01725,0.017248,-0.0116,1774109021000,0.01717,16402.69,0.01716,30042.66,0.01715,12226.55,0.01714,18678.98,0.01713,1357.5,0.01712,9912.54,0.01711,5248.07,0.0171,5030.85,0.01709,5011.18,0.01708,6205.7,0.01725,13500.46,0.01726,5934.85,0.01727,10974.51,0.01728,29896.78,0.01729,5034.76,0.0173,22400.1,0.01731,11959.22,0.01732,22366.14,0.01733,5247.87,0.01734,24288.55,0.017248,19728,0.017235,2330,0.017233,17058,0.017232,2298,0.017230,3390,0.017226,2330,0.017224,2000,0.017223,5745,0.017222,2286,0.017215,2000,0.017281,13338,0.017300,2317,0.017302,19375,0.017307,5761,0.017314,12,0.017320,17058,0.017331,2000,0.017332,17115,0.017333,316,0.017339,2000
okx,bybit,VINEUSDT,0.01725,0.017249,-0.0058,1774109022000,0.01718,8158.25,0.01717,10105.58,0.01716,36735.61,0.01715,11362.23,0.01714,18678.98,0.01713,1357.5,0.01712,9912.54,0.01711,5248.07,0.0171,5030.85,0.01709,8100.64,0.01725,11771.36,0.01726,7663.95,0.01727,10974.51,0.01728,29896.78,0.01729,5034.76,0.0173,22400.1,0.01731,11959.22,0.01732,22366.14,0.01733,5247.87,0.01734,24288.55,0.017249,7930,0.017248,17058,0.017235,2330,0.017234,2000,0.017233,17058,0.017232,2298,0.017230,2,0.017226,2330,0.017224,2000,0.017223,5745,0.017298,28586,0.017299,13338,0.017300,2317,0.017302,19375,0.017307,2330,0.017314,12,0.017318,2695,0.017320,17058,0.017331,2000,0.017332,17115
okx,bybit,VINEUSDT,0.01725,0.017249,-0.0058,1774109023000,0.01718,5170.65,0.01717,10105.58,0.01716,28363.6,0.01715,1571.45,0.01714,15633.58,0.01713,5664.79,0.01712,6675.99,0.01711,5248.07,0.0171,5030.85,0.01709,8100.64,0.01725,11771.36,0.01726,31011.54,0.01727,17918.51,0.01728,37708.01,0.01729,5034.76,0.0173,22400.1,0.01731,11959.22,0.01732,22366.14,0.01733,5247.87,0.01734,24288.55,0.017249,2664,0.017234,2000,0.017233,17058,0.017232,12,0.017230,2,0.017227,2000,0.017226,2330,0.017224,2000,0.017223,5745,0.017222,2286,0.017284,12516,0.017285,41930,0.017290,17058,0.017291,2317,0.017296,1,0.017300,2317,0.017302,19375,0.017307,2330,0.017314,12,0.017320,17058
okx,bybit,VINEUSDT,0.01725,0.017266,0.0928,1774109025000,0.01718,7411.35,0.01717,10105.58,0.01716,22765.9,0.01715,7169.15,0.01714,9892.57,0.01713,5702.8,0.01712,13916.76,0.01711,12470.52,0.0171,5030.85,0.01709,8100.64,0.01725,13500.46,0.01726,23300.99,0.01727,10981.45,0.01728,37708.01,0.01729,5034.76,0.0173,22400.1,0.01731,11959.22,0.01732,22366.14,0.01733,5247.87,0.01734,24288.55,0.017266,111,0.017234,2000,0.017233,17058,0.017232,12,0.017230,2,0.017229,2968,0.017227,2000,0.017226,2330,0.017224,2000,0.017223,5745,0.017282,2317,0.017285,28592,0.017288,13338,0.017290,17058,0.017291,2317,0.017300,2317,0.017302,19375,0.017307,2330,0.017308,3219,0.017314,12
okx,bybit,VINEUSDT,0.01725,0.017266,0.0928,1774109028000,0.01718,8158.25,0.01717,10105.58,0.01716,22765.9,0.01715,15900.23,0.01714,9892.57,0.01713,5702.8,0.01712,18074.93,0.01711,12470.52,0.0171,5030.85,0.01709,8906.62,0.01725,13500.46,0.01726,23300.99,0.01727,10981.45,0.01728,37708.01,0.01729,5034.76,0.0173,22400.1,0.01731,11959.22,0.01732,22366.14,0.01733,5247.87,0.01734,24288.55,0.017266,111,0.017234,2000,0.017233,17058,0.017232,12,0.017230,2002,0.017229,2968,0.017227,2000,0.017226,2330,0.017224,2000,0.017223,5745,0.017282,2317,0.017285,28592,0.017288,13338,0.017290,17058,0.017291,2317,0.017299,3269,0.017300,2317,0.017302,19375,0.017307,2330,0.017314,12
okx,bybit,VINEUSDT,0.01725,0.017266,0.0928,1774109032000,0.01718,6664.45,0.01717,10105.58,0.01716,22765.9,0.01715,15900.23,0.01714,9892.57,0.01713,5702.8,0.01712,18074.93,0.01711,12470.52,0.0171,5030.85,0.01709,7978.35,0.01724,5981.45,0.01725,13500.46,0.01726,23300.99,0.01727,5000,0.01728,37708.01,0.01729,5034.76,0.0173,22400.1,0.01731,11959.22,0.01732,22366.14,0.01733,5247.87,0.017266,111,0.017236,2000,0.017234,2000,0.017233,17058,0.017232,12,0.017230,2,0.017227,2000,0.017226,2330,0.017224,2000,0.017223,5745,0.017282,2317,0.017283,28592,0.017288,13338,0.017291,2317,0.017300,2317,0.017302,19375,0.017307,2330,0.017314,12,0.017320,17058,0.017331,2000
okx,bybit,VINEUSDT,0.01725,0.017266,0.0928,1774109033000,0.01718,5727.51,0.01717,10362.4,0.01716,22545.37,0.01715,15900.23,0.01714,9892.57,0.01713,5702.8,0.01712,18074.93,0.01711,12470.52,0.0171,5030.85,0.01709,7978.35,0.01725,19481.91,0.01726,23300.99,0.01727,5000,0.01728,37708.01,0.01729,5034.76,0.0173,22400.1,0.01731,11959.22,0.01732,22366.14,0.01733,5247.87,0.01734,24288.55,0.017273,162,0.017266,111,0.017236,2000,0.017234,2000,0.017233,17058,0.017232,12,0.017230,2,0.017227,2000,0.017226,2330,0.017224,2000,0.017281,28598,0.017282,2317,0.017288,13338,0.017291,2317,0.017300,5314,0.017302,19375,0.017307,2330,0.017314,12,0.017320,17058,0.017331,2000
okx,bybit,VINEUSDT,0.01724,0.017251,0.0638,1774109036000,0.01718,556.35,0.01717,10352.37,0.01716,27268.35,0.01715,10307.61,0.01714,13134.28,0.01713,12455.17,0.01712,15757.05,0.01711,5248.07,0.0171,5030.85,0.01709,7456.63,0.01724,4542.18,0.01725,19481.91,0.01726,17408.67,0.01727,5000,0.01728,37708.01,0.01729,5034.76,0.0173,22400.1,0.01731,11959.22,0.01732,22366.14,0.01733,5247.87,0.017251,17058,0.017234,2000,0.017233,17058,0.017232,3009,0.017230,2,0.017227,2000,0.017226,2330,0.017224,2000,0.017223,5745,0.017222,2286,0.017279,12518,0.017280,41936,0.017282,16158,0.017291,2317,0.017300,2317,0.017302,19375,0.017307,2330,0.017310,2370,0.017314,12,0.017320,17058
okx,bybit,VINEUSDT,0.01724,0.017251,0.0638,1774109037000,0.01718,556.35,0.01717,10362.4,0.01716,27268.35,0.01715,1571.45,0.01714,18591.2,0.01713,11541.04,0.01712,16528.99,0.01711,13734.54,0.0171,5030.85,0.01709,2456.63,0.01724,4542.18,0.01725,19481.91,0.01726,17408.67,0.01727,5000,0.01728,37708.01,0.01729,5034.76,0.0173,22400.1,0.01731,11959.22,0.01732,22366.14,0.01733,5247.87,0.017251,19722,0.017234,2000,0.017233,17058,0.017232,3009,0.017230,2,0.017227,2000,0.017226,2330,0.017224,2000,0.017223,5745,0.017222,2286,0.017279,13338,0.017280,28598,0.017291,2317,0.017300,2317,0.017301,2000,0.017302,19375,0.017307,2330,0.017310,2370,0.017314,12,0.017320,17058
okx,bybit,VINEUSDT,0.01724,0.017251,0.0638,1774109038000,0.01718,556.35,0.01717,10362.4,0.01716,27268.35,0.01715,2446.68,0.01714,18591.2,0.01713,10664.79,0.01712,16528.99,0.01711,13734.54,0.0171,5030.85,0.01709,2456.63,0.01724,4542.18,0.01725,19481.91,0.01726,17408.67,0.01727,5000,0.01728,37708.01,0.01729,5034.76,0.0173,22400.1,0.01731,11959.22,0.01732,22366.14,0.01733,5247.87,0.017251,17058,0.017234,2000,0.017233,17058,0.017232,3009,0.017230,2,0.017227,2000,0.017226,2330,0.017224,2000,0.017223,5745,0.017222,2286,0.017279,21979,0.017280,28598,0.017291,2317,0.017300,2317,0.017301,2000,0.017302,19375,0.017307,2330,0.017314,12,0.017320,17058,0.017321,2303
okx,bybit,VINEUSDT,0.01723,0.017234,0.0232,1774109039000,0.01718,1279.41,0.01717,10352.37,0.01716,17377.5,0.01715,6496.62,0.01714,10037.41,0.01713,20011.52,0.01712,17154.97,0.01711,20736.92,0.0171,5030.85,0.01709,2456.63,0.01723,5867.58,0.01724,6271.28,0.01725,17795.55,0.01726,30747.46,0.01727,5000,0.01728,24326.69,0.01729,5034.76,0.0173,22400.1,0.01731,11959.22,0.01732,27411.06,0.017234,4670,0.017233,17058,0.017232,12,0.017230,2,0.017227,2000,0.017226,2330,0.017224,2000,0.017223,8560,0.017222,2286,0.017221,2000,0.017272,13338,0.017273,28604,0.017289,2456,0.017291,2317,0.017299,2000,0.017300,2317,0.017301,2000,0.017302,19375,0.017307,2330,0.017314,12
okx,bybit,VINEUSDT,0.01723,0.017234,0.0232,1774109040000,0.01718,556.35,0.01717,10352.37,0.01716,17377.5,0.01715,6496.62,0.01714,10037.41,0.01713,20011.52,0.01712,17154.97,0.01711,20736.92,0.0171,5030.85,0.01709,2456.63,0.01723,5867.58,0.01724,6271.28,0.01725,17795.55,0.01726,30747.46,0.01727,5000,0.01728,24326.69,0.01729,5034.76,0.0173,22400.1,0.01731,11959.22,0.01732,27411.06,0.017234,4670,0.017233,17058,0.017232,12,0.017230,2,0.017227,2000,0.017226,2330,0.017224,2000,0.017223,8560,0.017222,2286,0.017221,2000,0.017253,10,0.017271,12639,0.017272,28381,0.017273,28604,0.017289,2456,0.017291,2317,0.017299,2000,0.017300,2317,0.017301,2000,0.017302,19375
okx,bybit,VINEUSDT,0.01723,0.017235,0.029,1774109041000,0.01718,556.35,0.01717,13956.11,0.01716,17377.5,0.01715,898.92,0.01714,10037.41,0.01713,20011.52,0.01712,17154.97,0.01711,20736.92,0.0171,5030.85,0.01709,1998.81,0.01723,5867.58,0.01724,6271.28,0.01725,17795.55,0.01726,17366.14,0.01727,5000,0.01728,24326.69,0.01729,5034.76,0.0173,22400.1,0.01731,11959.22,0.01732,27411.06,0.017235,2678,0.017234,2000,0.017233,17058,0.017232,12,0.017230,2,0.017229,1859,0.017227,2000,0.017224,2000,0.017223,5745,0.017222,2286,0.017253,10,0.017286,3773,0.017287,19363,0.017289,2456,0.017291,2317,0.017299,2000,0.017300,2317,0.017301,2000,0.017302,19375,0.017307,2330
okx,bybit,VINEUSDT,0.01722,0.017235,0.0871,1774109043000,0.01718,556.35,0.01717,7250.24,0.01716,24083.37,0.01715,898.92,0.01714,6902.5,0.01713,8175.22,0.01712,14319.83,0.01711,6924.06,0.0171,5030.85,0.01709,1998.81,0.01723,5867.58,0.01724,6271.28,0.01725,17795.55,0.01726,17366.14,0.01727,5000,0.01728,29326.69,0.01729,5034.76,0.0173,22400.1,0.01731,11959.22,0.01732,27411.06,0.017235,2678,0.017232,12,0.017230,2,0.017229,1859,0.017226,2000,0.017225,17058,0.017224,2000,0.017223,5745,0.017222,2286,0.017221,2000,0.017275,31147,0.017276,12743,0.017277,56778,0.017279,30250,0.017284,2305,0.017287,19363,0.017291,2317,0.017299,2434,0.017300,2317,0.017302,19375
okx,bybit,VINEUSDT,0.01721,0.017232,0.1278,1774109049000,0.01718,556.35,0.01717,7250.24,0.01716,17377.5,0.01715,23.69,0.01714,14484.11,0.01713,11386.46,0.01712,22798.14,0.01711,15276.03,0.0171,8300.94,0.01709,4884.27,0.01721,5879.63,0.01722,12848.3,0.01723,7596.68,0.01724,10571.7,0.01725,16771.36,0.01726,17366.14,0.01727,5000,0.01728,29326.69,0.01729,5034.76,0.0173,22400.1,0.017232,12,0.017230,2,0.017229,1859,0.017225,17058,0.017223,3745,0.017214,19373,0.017212,2845,0.017207,2000,0.017206,4404,0.017205,120,0.017264,53401,0.017265,101564,0.017266,29840,0.017274,2305,0.017275,17058,0.017277,2305,0.017278,12229,0.017279,3162,0.017284,2305,0.017287,19363
okx,bybit,VINEUSDT,0.01721,0.017232,0.1278,1774109051000,0.01718,556.35,0.01717,6993.42,0.01716,17395.19,0.01715,23.69,0.01714,14484.11,0.01713,18958.86,0.01712,14316.22,0.01711,14357.39,0.0171,8300.94,0.01709,4884.27,0.01721,5879.63,0.01722,12848.3,0.01723,7641.33,0.01724,10527.1,0.01725,11962.57,0.01726,17366.14,0.01727,5000,0.01728,29326.69,0.01729,5034.76,0.0173,22400.1,0.017244,83,0.017232,12,0.017230,2,0.017229,1859,0.017225,17058,0.017223,3745,0.017214,17058,0.017206,4404,0.017205,120,0.017204,3122,0.017253,28609,0.017254,61555,0.017255,60628,0.017257,5874,0.017258,14374,0.017274,2305,0.017275,17058,0.017277,2305,0.017284,2305,0.017287,19363
okx,bybit,VINEUSDT,0.01721,0.017232,0.1278,1774109052000,0.01717,590.05,0.01716,17395.19,0.01715,12.66,0.01714,14484.11,0.01713,18958.86,0.01712,14316.22,0.01711,14357.39,0.0171,8300.94,0.01709,3247.73,0.01708,2819.24,0.01721,5879.63,0.01722,12848.3,0.01723,7641.33,0.01724,10527.1,0.01725,11962.57,0.01726,17366.14,0.01727,5000,0.01728,29326.69,0.01729,5034.76,0.0173,22400.1,0.017232,12,0.017230,2,0.017229,1859,0.017225,17058,0.017223,3745,0.017214,17058,0.017206,4404,0.017205,120,0.017204,5355,0.017203,17150,0.017253,28609,0.017257,5874,0.017274,2305,0.017277,2305,0.017279,3128,0.017284,2305,0.017286,2000,0.017287,19363,0.017291,326,0.017300,2317
okx,bybit,VINEUSDT,0.01721,0.017242,0.1859,1774109053000,0.01719,558.56,0.01718,62345.81,0.01717,112.64,0.01716,17377.5,0.01715,887.89,0.01714,13608.37,0.01713,13958.86,0.01712,9316.22,0.01711,14357.39,0.0171,9684.27,0.01721,5879.63,0.01722,12848.3,0.01723,7641.33,0.01724,10527.1,0.01725,11962.57,0.01726,17366.14,0.01727,5000,0.01728,29326.69,0.01729,5034.76,0.0173,22400.1,0.017232,12,0.017230,2,0.017229,1859,0.017225,17058,0.017223,3745,0.017214,17058,0.017206,4404,0.017205,2120,0.017204,7355,0.017203,17150,0.017253,40739,0.017257,5874,0.017277,2305,0.017279,3128,0.017283,2000,0.017284,2305,0.017286,2000,0.017287,19363,0.017300,2317,0.017301,17135
okx,bybit,VINEUSDT,0.01721,0.017242,0.1859,1774109055000,0.01719,570.6,0.01718,62345.81,0.01717,112.64,0.01716,17377.5,0.01715,887.89,0.01714,13608.37,0.01713,13943.35,0.01712,10661.81,0.01711,15294.87,0.0171,9961.69,0.01721,5879.63,0.01722,12848.3,0.01723,7641.33,0.01724,10527.1,0.01725,11962.57,0.01726,17366.14,0.01727,5000,0.01728,29326.69,0.01729,5034.76,0.0173,22400.1,0.017242,74,0.017232,12,0.017230,2,0.017229,1859,0.017225,17058,0.017223,3745,0.017214,17058,0.017206,4404,0.017205,2120,0.017204,7355,0.017253,28609,0.017257,5874,0.017277,2305,0.017278,2000,0.017283,2000,0.017284,2305,0.017286,2000,0.017287,19363,0.017300,2317,0.017301,17135
okx,bybit,VINEUSDT,0.01722,0.017234,0.0813,1774109065000,0.01718,62345.81,0.01717,7007.59,0.01716,18252.22,0.01715,12.66,0.01714,6902.5,0.01713,6386.46,0.01712,10661.81,0.01711,10024.2,0.0171,6453.36,0.01709,16075.94,0.01722,5873.59,0.01723,5972.03,0.01724,11283.32,0.01725,11962.57,0.01726,17366.14,0.01727,10988.4,0.01728,29326.69,0.01729,33503.3,0.0173,22400.1,0.01731,11959.22,0.017234,83,0.017232,12,0.017230,2,0.017229,1859,0.017223,3745,0.017215,2000,0.017214,17058,0.017207,2000,0.017206,4404,0.017205,2120,0.017237,326,0.017270,12229,0.017271,2336,0.017273,17058,0.017275,2336,0.017277,2305,0.017280,3415,0.017283,2000,0.017284,2305,0.017286,2000
okx,bybit,VINEUSDT,0.01722,0.017225,0.029,1774109079000,0.01719,5222.73,0.01718,62345.81,0.01717,7007.59,0.01716,17377.5,0.01715,887.89,0.01714,6902.5,0.01713,12774.87,0.01712,19534.86,0.01711,9864.91,0.0171,19505.84,0.01722,5873.59,0.01723,7653.37,0.01724,34658.12,0.01725,6962.57,0.01726,17366.14,0.01727,10984.92,0.01728,29326.69,0.01729,33503.3,0.0173,22400.1,0.01731,17004.14,0.017225,19732,0.017215,2000,0.017214,17058,0.017213,2493,0.017207,2000,0.017206,2087,0.017205,2120,0.017204,2205,0.017203,17150,0.017195,2000,0.017263,28627,0.017265,2238,0.017269,2253,0.017270,12229,0.017271,2336,0.017273,17070,0.017277,2305,0.017283,2000,0.017284,2305,0.017286,2000
okx,bybit,VINEUSDT,0.01722,0.017226,0.0348,1774109087000,0.01719,5168.77,0.01718,62345.81,0.01717,7007.59,0.01716,17377.5,0.01715,887.89,0.01714,6902.5,0.01713,15723.34,0.01712,12684.99,0.01711,10027.47,0.0171,19505.84,0.01722,5873.59,0.01723,7675.61,0.01724,28351.06,0.01725,24235.73,0.01726,17366.14,0.01727,5000,0.01728,29326.69,0.01729,33503.3,0.0173,22400.1,0.01731,17004.14,0.017226,2000,0.017225,17058,0.017215,2000,0.017214,17058,0.017207,2000,0.017206,2087,0.017205,2120,0.017204,2205,0.017203,19552,0.017200,2238,0.017263,31526,0.017269,2253,0.017270,12229,0.017271,2336,0.017273,17070,0.017277,2305,0.017278,2410,0.017283,2000,0.017284,2305,0.017286,2000
okx,bybit,VINEUSDT,0.01722,0.017244,0.1394,1774109100000,0.01719,5164.47,0.01718,62345.81,0.01717,7007.59,0.01716,17377.5,0.01715,887.89,0.01714,6902.5,0.01713,21029.75,0.01712,12684.99,0.01711,10027.47,0.0171,19505.84,0.01722,5873.59,0.01723,7675.61,0.01724,10984.92,0.01725,24235.73,0.01726,17366.14,0.01727,5000,0.01728,29326.69,0.01729,33503.3,0.0173,22400.1,0.01731,17004.14,0.017244,100,0.017226,2000,0.017225,17058,0.017215,2000,0.017214,17058,0.017207,2000,0.017206,2087,0.017205,2120,0.017204,4505,0.017203,17150,0.017263,2898,0.017266,28644,0.017269,2253,0.017270,12229,0.017271,2336,0.017273,12,0.017277,2305,0.017283,2000,0.017284,2305,0.017286,2000
okx,bybit,VINEUSDT,0.01723,0.017244,0.0813,1774109101000,0.01719,5164.47,0.01718,62375.25,0.01717,7007.59,0.01716,17377.5,0.01715,887.89,0.01714,6902.5,0.01713,19231.85,0.01712,19442.49,0.01711,6924.06,0.0171,22778.15,0.01723,5885.02,0.01724,6741.14,0.01725,17947.49,0.01726,29639.3,0.01727,5000,0.01728,29326.69,0.01729,33503.3,0.0173,22400.1,0.01731,17004.14,0.01732,22366.14,0.017244,100,0.017226,2000,0.017225,17058,0.017217,3248,0.017215,2000,0.017214,17058,0.017207,2000,0.017206,2087,0.017205,2120,0.017204,4505,0.017265,15127,0.017267,28644,0.017269,2253,0.017271,2336,0.017273,12,0.017277,2305,0.017283,2000,0.017284,2305,0.017286,2000,0.017287,19363
okx,bybit,VINEUSDT,0.01722,0.017207,-0.0755,1774109102000,0.01719,5164.47,0.01718,62345.81,0.01717,7007.59,0.01716,11.36,0.01715,12.66,0.01714,6902.5,0.01713,911.04,0.01712,17366.14,0.01711,6924.06,0.0171,19636.85,0.01722,22401.3,0.01723,1785.79,0.01724,22366.14,0.01725,24235.73,0.01726,17366.14,0.01727,10983.18,0.01728,29326.69,0.01729,33503.3,0.0173,22400.1,0.01731,17004.14,0.017244,100,0.017226,2000,0.017225,17058,0.017215,2000,0.017214,17058,0.017207,2000,0.017206,2087,0.017205,2120,0.017204,4505,0.017203,17150,0.017264,12229,0.017265,2898,0.017269,2253,0.017271,2336,0.017273,12,0.017277,2305,0.017283,2000,0.017284,2305,0.017286,2000,0.017287,19363
okx,bybit,VINEUSDT,0.01722,0.017207,-0.0755,1774109105000,0.01719,5164.47,0.01718,62345.81,0.01717,7007.59,0.01716,11.36,0.01715,12.66,0.01714,6902.5,0.01713,911.04,0.01712,17366.14,0.01711,6924.06,0.0171,19636.85,0.01722,22401.3,0.01723,14023.43,0.01724,34639.3,0.01725,11962.57,0.01726,17366.14,0.01727,10984.92,0.01728,29326.69,0.01729,33503.3,0.0173,22400.1,0.01731,17004.14,0.017207,4680,0.017206,2087,0.017205,2120,0.017204,2205,0.017203,17150,0.017192,2000,0.017191,17070,0.017189,2000,0.017188,17162,0.017180,2303,0.017247,17431,0.017249,2300,0.017251,2300,0.017253,30944,0.017254,17058,0.017257,2300,0.017259,2300,0.017262,2300,0.017264,2300,0.017265,581
okx,bybit,VINEUSDT,0.01722,0.017206,-0.0813,1774109108000,0.01719,5164.47,0.01718,62345.81,0.01717,7007.59,0.01716,11.36,0.01715,12.66,0.01714,6902.5,0.01713,7283.12,0.01712,17366.14,0.01711,6924.06,0.0171,20906.32,0.01722,24142.44,0.01723,12282.29,0.01724,40624.22,0.01725,25644.22,0.01726,45834.68,0.01727,5000,0.01728,29326.69,0.01729,5034.76,0.0173,22400.1,0.01731,17004.14,0.017207,4680,0.017206,2087,0.017205,2120,0.017204,2205,0.017203,17150,0.017192,2000,0.017191,17070,0.017189,2000,0.017188,17162,0.017187,2790,0.017244,2903,0.017246,24482,0.017247,2300,0.017251,4914,0.017253,2300,0.017254,17058,0.017259,2300,0.017262,2300,0.017264,2300,0.017265,581
okx,bybit,VINEUSDT,0.01723,0.017215,-0.0871,1774109115000,0.01719,5164.47,0.01718,62345.81,0.01717,7007.59,0.01716,11.36,0.01715,12.66,0.01714,6902.5,0.01713,7283.12,0.01712,17366.14,0.01711,6924.06,0.0171,20906.32,0.01722,5035.16,0.01723,14170.26,0.01724,22366.14,0.01725,17947.49,0.01726,17366.14,0.01727,33468.54,0.01728,29326.69,0.01729,5034.76,0.0173,22400.1,0.01731,17004.14,0.017203,19566,0.017192,2000,0.017191,17070,0.017189,2000,0.017188,17162,0.017187,2790,0.017181,2000,0.017180,2303,0.017179,25220,0.017178,2330,0.017248,15132,0.017249,2225,0.017250,581,0.017251,2300,0.017253,2300,0.017254,17058,0.017264,2300,0.017269,2253,0.017270,17058,0.017271,2336
okx,bybit,VINEUSDT,0.01723,0.017239,0.0522,1774109116000,0.01719,5164.47,0.01718,71286.3,0.01717,7007.59,0.01716,28479.9,0.01715,12.66,0.01714,6902.5,0.01713,11406.87,0.01712,17366.14,0.01711,6924.06,0.0171,20906.32,0.01723,155.96,0.01724,5000,0.01725,13715.85,0.01727,10984.92,0.01728,29326.69,0.01729,5034.76,0.0173,50868.64,0.01731,11959.22,0.01732,27699.15,0.01733,5247.87,0.017239,17058,0.017229,2764,0.017228,19732,0.017223,8023,0.017215,17058,0.017206,2225,0.017204,4225,0.017203,16883,0.017193,2225,0.017192,2000,0.017271,2336,0.017273,12,0.017284,2305,0.017287,2305,0.017291,2253,0.017299,2000,0.017300,2317,0.017302,19375,0.017307,2330,0.017311,316
okx,bybit,VINEUSDT,0.01723,0.017215,-0.0871,1774109117000,0.01719,5162.05,0.01718,62345.81,0.01717,15074.38,0.01716,11.36,0.01715,887.89,0.01714,6902.5,0.01713,11406.87,0.01712,22366.14,0.01711,6924.06,0.0171,20906.32,0.01723,5155.96,0.01724,23220.76,0.01725,11974.71,0.01726,19107.28,0.01727,10981.45,0.01728,29326.69,0.01729,5034.76,0.0173,22400.1,0.01731,11959.22,0.01732,22366.14,0.017228,19726,0.017217,2225,0.017215,17058,0.017206,2225,0.017204,4225,0.017203,16883,0.017193,2225,0.017192,2000,0.017191,19295,0.017189,4225,0.017273,12,0.017280,10868,0.017284,2305,0.017287,2305,0.017290,17058,0.017291,2253,0.017293,5507,0.017299,2000,0.017300,2317,0.017302,19375
okx,bybit,VINEUSDT,0.01723,0.017223,-0.0406,1774109119000,0.01719,5162.05,0.01718,62419.19,0.01717,7007.59,0.01716,8078.15,0.01715,887.89,0.01714,6902.5,0.01713,5034.79,0.01712,28738.22,0.01711,8294.59,0.0171,20966.67,0.01723,11527.54,0.01724,23220.76,0.01725,17956.16,0.01726,28278.38,0.01727,5000,0.01728,29326.69,0.01729,5034.76,0.0173,22400.1,0.01731,11959.22,0.01732,22366.14,0.017216,2676,0.017215,17058,0.017206,2225,0.017204,4225,0.017203,16883,0.017198,2641,0.017194,2000,0.017193,2225,0.017192,2000,0.017191,19295,0.017265,13768,0.017266,28655,0.017270,2242,0.017271,17058,0.017273,12,0.017277,2242,0.017284,2305,0.017287,2305,0.017290,17058,0.017291,2253
okx,bybit,VINEUSDT,0.01723,0.01726,0.1741,1774109121000,0.01722,9153.57,0.01719,5167.38,0.01718,63219.51,0.01717,7007.59,0.01716,17377.5,0.01715,12.66,0.01714,11902.5,0.01713,5034.79,0.01712,11372.08,0.01711,21144.56,0.01723,44.65,0.01724,148.47,0.01725,20588.06,0.01726,17366.14,0.01727,5000,0.01728,24326.69,0.01729,5034.76,0.0173,22400.1,0.01731,11959.22,0.01732,22366.14,0.017248,17058,0.017237,2000,0.017236,17058,0.017228,2242,0.017217,4242,0.017216,2000,0.017215,17058,0.017211,2242,0.017207,2242,0.017204,4225,0.017273,12,0.017279,9782,0.017291,2253,0.017293,2242,0.017300,2317,0.017302,19375,0.017303,2591,0.017307,2330,0.017309,2225,0.017310,2000
okx,bybit,VINEUSDT,0.01723,0.01726,0.1741,1774109122000,0.01721,9153.57,0.01719,5167.38,0.01718,63219.51,0.01717,7007.59,0.01716,17377.5,0.01715,12.66,0.01714,11902.5,0.01713,5034.79,0.01712,11372.08,0.01711,18836.26,0.01723,44.65,0.01724,148.47,0.01725,20586.32,0.01726,17366.14,0.01727,5000,0.01728,24326.69,0.01729,5034.76,0.0173,22400.1,0.01731,11959.22,0.01732,22366.14,0.017260,39,0.017248,17058,0.017237,2000,0.017236,17058,0.017228,2242,0.017220,2242,0.017218,2000,0.017217,2242,0.017216,2000,0.017215,17058,0.017273,9794,0.017291,2253,0.017293,2242,0.017300,2317,0.017302,19375,0.017307,2330,0.017309,2225,0.017310,2000,0.017311,2225,0.017312,2000
okx,bybit,VINEUSDT,0.01723,0.01726,0.1741,1774109123000,0.0172,9153.57,0.01719,5167.1,0.01718,63219.51,0.01717,7007.59,0.01716,17377.5,0.01715,12.66,0.01714,11902.5,0.01713,5034.79,0.01712,11372.08,0.01711,8294.59,0.01723,44.65,0.01724,148.47,0.01725,20586.32,0.01726,17366.14,0.01727,5000,0.01728,29326.69,0.01729,5034.76,0.0173,22400.1,0.01731,11959.22,0.01732,22366.14,0.017260,39,0.017248,17058,0.017237,2000,0.017236,17058,0.017228,2242,0.017221,2000,0.017220,2242,0.017218,2000,0.017217,2242,0.017216,2000,0.017273,12,0.017274,9782,0.017293,2242,0.017300,2317,0.017301,2000,0.017302,19375,0.017307,2330,0.017308,2000,0.017309,2225,0.017310,2000
okx,bybit,VINEUSDT,0.01723,0.01726,0.1741,1774109124000,0.0172,373.98,0.01719,13946.47,0.01718,63219.51,0.01717,7007.59,0.01716,17377.5,0.01715,12.66,0.01714,11902.5,0.01713,7865.68,0.01712,11372.08,0.01711,8298.87,0.01723,44.65,0.01724,148.47,0.01725,20589.79,0.01726,17366.14,0.01727,5000,0.01728,29326.69,0.01729,5034.76,0.0173,22400.1,0.01731,11959.22,0.01732,22366.14,0.017260,39,0.017237,2000,0.017236,17058,0.017228,2242,0.017221,2000,0.017220,2242,0.017218,2000,0.017217,2242,0.017216,2000,0.017215,19300,0.017273,12,0.017293,2242,0.017299,2000,0.017300,2317,0.017301,2000,0.017302,19375,0.017307,2330,0.017308,2000,0.017309,2225,0.017310,2000
okx,bybit,VINEUSDT,0.01723,0.01726,0.1741,1774109125000,0.0172,9153.57,0.01719,5166.76,0.01718,63219.51,0.01717,7007.59,0.01716,17377.5,0.01715,12.66,0.01714,11902.5,0.01713,7687.55,0.01712,11372.08,0.01711,8303.15,0.01723,44.65,0.01724,148.47,0.01725,20589.79,0.01726,17366.14,0.01727,5000,0.01728,29326.69,0.01729,5034.76,0.0173,22400.1,0.01731,11959.22,0.01732,27699.15,0.017260,39,0.017237,2000,0.017236,17058,0.017229,2000,0.017228,2242,0.017227,2529,0.017221,2000,0.017220,2242,0.017218,2000,0.017217,2242,0.017272,9782,0.017273,12,0.017293,2242,0.017299,2000,0.017300,2317,0.017301,2000,0.017302,19375,0.017307,2330,0.017308,2000,0.017309,2225
okx,bybit,VINEUSDT,0.01723,0.017237,0.0406,1774109142000,0.0172,374.21,0.01719,13946.47,0.01717,7007.59,0.01716,18252.22,0.01715,7845.89,0.01714,11902.5,0.01713,5034.79,0.01712,11372.08,0.01711,8303.15,0.0171,10675.41,0.01723,44.65,0.01724,5148.47,0.01725,19606.61,0.01726,17366.14,0.01727,10981.45,0.01728,29326.69,0.01729,5034.76,0.0173,22400.1,0.01731,11959.22,0.01732,27699.15,0.017237,2000,0.017236,17058,0.017228,2000,0.017227,2529,0.017221,2000,0.017220,2242,0.017218,2000,0.017217,2242,0.017216,2000,0.017215,19300,0.017268,34817,0.017269,63823,0.017270,81927,0.017273,12,0.017292,2257,0.017295,5360,0.017299,2000,0.017300,2317,0.017302,19375,0.017307,19807
okx,bybit,VINEUSDT,0.01722,0.017238,0.1045,1774109146000,0.0172,374.21,0.01719,4792.9,0.01717,16161.16,0.01716,18252.22,0.01715,5012.66,0.01714,11902.5,0.01713,5034.79,0.01712,11372.08,0.01711,6924.06,0.0171,10675.41,0.01723,44.65,0.01724,28405.48,0.01725,12954.14,0.01726,24107.28,0.01727,5000,0.01728,29326.69,0.01729,5034.76,0.0173,22400.1,0.01731,11959.22,0.01732,27699.15,0.017238,3017,0.017237,3329,0.017228,2000,0.017221,2000,0.017220,2242,0.017218,2000,0.017217,2242,0.017216,2000,0.017215,19300,0.017208,2000,0.017266,14953,0.017267,65310,0.017268,83478,0.017270,28673,0.017273,12,0.017292,2257,0.017295,5360,0.017299,2000,0.017302,2317,0.017306,17058
okx,bybit,VINEUSDT,0.01723,0.017238,0.0464,1774109147000,0.01719,4792.9,0.01718,374.65,0.01717,16155.08,0.01716,17377.5,0.01715,5012.66,0.01714,12778.24,0.01713,7809.41,0.01712,11372.08,0.01711,8294.59,0.0171,10675.41,0.01723,5044.65,0.01724,30302.59,0.01725,12954.14,0.01726,27191.6,0.01727,5000,0.01728,29326.69,0.01729,5034.76,0.0173,22400.1,0.01731,11959.22,0.01732,27699.15,0.017238,1017,0.017237,1329,0.017216,2000,0.017215,17058,0.017210,2000,0.017209,3137,0.017208,2000,0.017207,2242,0.017205,2000,0.017204,4225,0.017264,14851,0.017265,62472,0.017270,9782,0.017273,12,0.017292,2257,0.017293,3420,0.017294,17058,0.017295,2288,0.017302,2317,0.017306,17058
okx,bybit,VINEUSDT,0.01723,0.017238,0.0464,1774109148000,0.01719,4792.9,0.01718,374.65,0.01717,16155.08,0.01716,17377.5,0.01715,5012.66,0.01714,12778.24,0.01713,7809.41,0.01712,11372.08,0.01711,8294.59,0.0171,10675.41,0.01723,6785.79,0.01724,28561.45,0.01725,12954.14,0.01726,27191.6,0.01727,5000,0.01728,29326.69,0.01729,5034.76,0.0173,22400.1,0.01731,11959.22,0.01732,27699.15,0.017238,1017,0.017237,1329,0.017216,2000,0.017215,17058,0.017210,2000,0.017209,3137,0.017208,2000,0.017207,2242,0.017205,2000,0.017204,4225,0.017264,14851,0.017265,62472,0.017267,28673,0.017273,12,0.017292,19887,0.017293,3420,0.017294,17058,0.017295,2288,0.017302,2317,0.017306,17058
okx,bybit,VINEUSDT,0.01723,0.017244,0.0813,1774109149000,0.0172,374.53,0.01719,13946.47,0.01717,7001.51,0.01716,18252.22,0.01715,5012.66,0.01714,11902.5,0.01713,7809.41,0.01712,11372.08,0.01711,8294.59,0.0171,10675.41,0.01723,44.65,0.01724,5032.02,0.01725,14623.12,0.01726,17366.14,0.01727,5983.18,0.01728,24326.69,0.01729,5034.76,0.0173,22400.1,0.01731,11959.22,0.01732,22366.14,0.017244,17058,0.017238,1017,0.017237,1329,0.017229,3215,0.017220,2249,0.017216,4249,0.017215,17058,0.017214,2249,0.017211,2000,0.017210,2249,0.017264,11655,0.017265,39045,0.017273,12,0.017292,2257,0.017293,2352,0.017295,2288,0.017302,19771,0.017306,17058,0.017307,2330,0.017311,2225
okx,bybit,VINEUSDT,0.01723,0.017244,0.0813,1774109150000,0.01719,5167.33,0.01718,9153.57,0.01717,7001.51,0.01716,18252.22,0.01715,5012.66,0.01714,14509.88,0.01713,5034.79,0.01712,14521.75,0.01711,6924.06,0.0171,10675.41,0.01723,44.65,0.01724,6105.06,0.01725,14695.28,0.01726,17366.14,0.01727,5000,0.01728,24326.69,0.01729,5034.76,0.0173,22400.1,0.01731,11959.22,0.01732,22366.14,0.017244,1160,0.017238,1017,0.017237,1329,0.017229,3383,0.017220,2249,0.017217,2000,0.017216,4249,0.017215,19058,0.017214,2249,0.017211,2000,0.017271,13215,0.017272,49933,0.017273,68990,0.017292,2257,0.017295,2288,0.017302,19771,0.017304,2249,0.017306,19307,0.017311,2225,0.017313,2242
okx,bybit,VINEUSDT,0.01723,0.017244,0.0813,1774109151000,0.01719,5167.33,0.01718,9153.57,0.01717,7001.51,0.01716,18252.22,0.01715,5012.66,0.01714,14509.88,0.01713,5034.79,0.01712,14521.75,0.01711,6924.06,0.0171,10675.41,0.01723,5044.65,0.01724,5922.65,0.01725,13713.83,0.01726,17366.14,0.01727,10981.45,0.01728,29326.69,0.01729,5034.76,0.0173,22400.1,0.01731,11959.22,0.01732,22366.14,0.017244,1160,0.017238,1017,0.017237,1329,0.017229,3383,0.017221,2000,0.017220,2249,0.017217,2000,0.017216,4249,0.017215,19058,0.017214,2249,0.017271,47617,0.017272,49933,0.017273,68990,0.017292,2257,0.017295,2288,0.017302,19771,0.017304,2249,0.017306,19307,0.017311,2225,0.017313,2242
okx,bybit,VINEUSDT,0.01723,0.017244,0.0813,1774109152000,0.0172,374.53,0.01719,14067.24,0.01717,7001.51,0.01716,18252.22,0.01715,5012.66,0.01714,14509.88,0.01713,5034.79,0.01712,14521.75,0.01711,6924.06,0.0171,10675.41,0.01723,5044.65,0.01724,5909.29,0.01725,13713.83,0.01726,17366.14,0.01727,10983.18,0.01728,29326.69,0.01729,5034.76,0.0173,22400.1,0.01731,11959.22,0.01732,22366.14,0.017244,1160,0.017238,1017,0.017237,1329,0.017229,3383,0.017221,2000,0.017220,2249,0.017217,2000,0.017216,4249,0.017215,19058,0.017214,2249,0.017270,16343,0.017271,58259,0.017272,49933,0.017273,68990,0.017292,2257,0.017293,2812,0.017295,2288,0.017302,19771,0.017304,2249,0.017306,19307
okx,bybit,VINEUSDT,0.01723,0.017238,0.0464,1774109153000,0.0172,9153.57,0.01719,4792.9,0.01718,374.65,0.01717,7001.51,0.01716,18252.22,0.01715,5012.66,0.01714,11902.5,0.01713,5034.79,0.01712,14205.31,0.01711,6924.06,0.01723,5044.65,0.01724,5995.74,0.01725,13713.83,0.01726,17366.14,0.01727,10981.45,0.01728,29326.69,0.01729,5034.76,0.0173,22400.1,0.01731,11959.22,0.01732,22366.14,0.017244,1160,0.017238,1017,0.017237,1329,0.017229,3383,0.017221,2000,0.017220,2249,0.017217,2000,0.017216,4249,0.017215,19058,0.017214,2249,0.017269,52351,0.017270,80564,0.017271,45044,0.017273,12,0.017292,2257,0.017293,2812,0.017295,2288,0.017302,19771,0.017304,2249,0.017306,19307
okx,bybit,VINEUSDT,0.01723,0.017238,0.0464,1774109154000,0.01719,5167.33,0.01718,9153.57,0.01717,7001.51,0.01716,18252.22,0.01715,5012.66,0.01714,11902.5,0.01713,5034.79,0.01712,14205.31,0.01711,6924.06,0.0171,14558.48,0.01723,5044.65,0.01724,11917.59,0.01725,13713.83,0.01726,17366.14,0.01727,14825.46,0.01728,29326.69,0.01729,5034.76,0.0173,22400.1,0.01731,11959.22,0.01732,22366.14,0.017238,1017,0.017237,1329,0.017221,2000,0.017220,2249,0.017217,2000,0.017216,4249,0.017215,19058,0.017214,2249,0.017211,2000,0.017210,2249,0.017268,9782,0.017269,52351,0.017270,80564,0.017271,45044,0.017273,12,0.017292,2257,0.017293,2812,0.017295,2288,0.017302,19771,0.017304,2249
okx,bybit,VINEUSDT,0.01723,0.017252,0.1277,1774109157000,0.0172,4775.58,0.01719,5167.33,0.01718,9153.57,0.01717,7001.51,0.01716,18252.22,0.01715,5012.66,0.01714,11902.5,0.01713,5034.79,0.01712,14205.31,0.01711,6924.06,0.01723,5044.65,0.01724,7677.28,0.01725,17954.14,0.01726,17366.14,0.01727,5000,0.01728,29326.69,0.01729,5034.76,0.0173,22400.1,0.01731,11959.22,0.01732,22366.14,0.017252,1343,0.017238,1017,0.017221,2000,0.017220,2249,0.017217,2000,0.017216,4249,0.017215,19058,0.017214,2249,0.017211,2000,0.017210,4249,0.017267,48987,0.017268,34808,0.017273,12,0.017283,2249,0.017284,2955,0.017295,2288,0.017302,19771,0.017304,2249,0.017306,19307,0.017313,2242
okx,bybit,VINEUSDT,0.01723,0.017252,0.1277,1774109158000,0.0172,4775.58,0.01719,5167.33,0.01718,9153.57,0.01717,7001.51,0.01716,18252.22,0.01715,5012.66,0.01714,11902.5,0.01713,5034.79,0.01712,14205.31,0.01711,6924.06,0.01723,5044.65,0.01724,7677.28,0.01725,17954.14,0.01726,17366.14,0.01727,5000,0.01728,29326.69,0.01729,5034.76,0.0173,22400.1,0.01731,11959.22,0.01732,22366.14,0.017252,1343,0.017238,1017,0.017221,2000,0.017220,2249,0.017217,2000,0.017216,4249,0.017215,19058,0.017214,2249,0.017211,2000,0.017210,4249,0.017267,50661,0.017268,17404,0.017273,12,0.017283,2249,0.017284,2955,0.017295,2288,0.017302,19771,0.017304,2249,0.017306,19307,0.017313,2242
okx,bybit,VINEUSDT,0.01723,0.017239,0.0522,1774109160000,0.0172,4775.58,0.01719,4792.9,0.01718,374.64,0.01717,16155.08,0.01716,18252.22,0.01715,5012.66,0.01714,11902.5,0.01713,5034.79,0.01712,14205.31,0.01711,6924.06,0.01723,6785.79,0.01724,23302.28,0.01725,17954.14,0.01726,17366.14,0.01727,14825.46,0.01728,29326.69,0.01729,5034.76,0.0173,22400.1,0.01731,11959.22,0.01732,22366.14,0.017238,1017,0.017221,2000,0.017217,2000,0.017216,4249,0.017215,19058,0.017214,2249,0.017211,2000,0.017210,4249,0.017209,2578,0.017208,2000,0.017264,33008,0.017265,62731,0.017266,65639,0.017267,60377,0.017273,12,0.017283,2249,0.017295,2288,0.017302,19771,0.017304,2249,0.017306,19307
okx,bybit,VINEUSDT,0.01723,0.017238,0.0464,1774109161000,0.0172,4775.58,0.01719,4792.9,0.01718,374.64,0.01717,16155.08,0.01716,18601.27,0.01715,5012.66,0.01714,11902.5,0.01713,5034.79,0.01712,14205.31,0.01711,6924.06,0.01723,5044.65,0.01724,25043.42,0.01725,17954.14,0.01726,17366.14,0.01727,14825.46,0.01728,29326.69,0.01729,5034.76,0.0173,22400.1,0.01731,11959.22,0.01732,22366.14,0.017238,1017,0.017217,2000,0.017216,4249,0.017215,19058,0.017214,2249,0.017211,2000,0.017210,4249,0.017209,2578,0.017208,2000,0.017207,2242,0.017264,33008,0.017265,62731,0.017266,65639,0.017267,60377,0.017269,9782,0.017273,12,0.017282,2328,0.017295,2288,0.017302,19771,0.017304,2249
okx,bybit,VINEUSDT,0.01723,0.017238,0.0464,1774109162000,0.0172,4775.58,0.01719,4792.9,0.01718,374.64,0.01717,16155.08,0.01716,18601.27,0.01715,5012.66,0.01714,11902.5,0.01713,5034.79,0.01712,14205.31,0.01711,6924.06,0.01723,5044.65,0.01724,25043.42,0.01725,17954.14,0.01726,17366.14,0.01727,14825.46,0.01728,29326.69,0.01729,5034.76,0.0173,22400.1,0.01731,11959.22,0.01732,22366.14,0.017238,1017,0.017217,2000,0.017216,4249,0.017215,19058,0.017214,2249,0.017211,2000,0.017210,4249,0.017209,2578,0.017208,2000,0.017207,2242,0.017264,33008,0.017265,62731,0.017266,65639,0.017267,60377,0.017273,12,0.017282,2328,0.017295,5438,0.017302,19771,0.017304,2249,0.017306,19307
okx,bybit,VINEUSDT,0.01723,0.017236,0.0348,1774109168000,0.0172,4775.58,0.01719,4792.9,0.01718,374.64,0.01717,16155.08,0.01716,18601.27,0.01715,5012.66,0.01714,11902.5,0.01713,5034.79,0.01712,14205.31,0.01711,6924.06,0.01723,6785.79,0.01724,5936.14,0.01725,17954.14,0.01726,17366.14,0.01727,14825.46,0.01728,29326.69,0.01729,5034.76,0.0173,22400.1,0.01731,17292.23,0.01732,22366.14,0.017238,1017,0.017236,685,0.017216,2000,0.017215,17058,0.017211,4447,0.017210,2249,0.017208,2000,0.017207,2242,0.017205,2000,0.017204,4225,0.017260,17968,0.017261,76714,0.017262,92566,0.017273,12,0.017286,2328,0.017290,19386,0.017291,17204,0.017295,2288,0.017302,2317,0.017304,2249
okx,bybit,VINEUSDT,0.01723,0.017236,0.0348,1774109171000,0.0172,4775.58,0.01719,5167.37,0.01718,9153.57,0.01717,7001.51,0.01716,18601.27,0.01715,5012.66,0.01714,11902.5,0.01713,5034.79,0.01712,14205.31,0.01711,8346.57,0.01723,5044.65,0.01724,25043.42,0.01725,17954.14,0.01726,17366.14,0.01727,14825.46,0.01728,29326.69,0.01729,5034.76,0.0173,22400.1,0.01731,17292.23,0.01732,22366.14,0.017236,130,0.017216,2000,0.017215,17058,0.017211,5235,0.017210,2249,0.017208,2000,0.017207,2242,0.017205,2000,0.017204,4225,0.017203,16883,0.017259,18427,0.017260,15527,0.017273,12,0.017286,2328,0.017290,19386,0.017291,17204,0.017292,2299,0.017295,2288,0.017302,2317,0.017304,2249
okx,bybit,VINEUSDT,0.01723,0.017236,0.0348,1774109175000,0.0172,4775.58,0.01719,4792.9,0.01718,374.68,0.01717,16155.08,0.01716,18601.27,0.01715,5012.66,0.01714,11902.5,0.01713,5034.79,0.01712,14205.31,0.01711,8346.57,0.01723,1785.79,0.01724,5936.14,0.01725,12954.14,0.01726,17366.14,0.01727,5000,0.01728,29326.69,0.01729,5034.76,0.0173,22400.1,0.01731,14651.07,0.01732,22366.14,0.017236,130,0.017216,2000,0.017215,17058,0.017211,5235,0.017210,2249,0.017208,2000,0.017207,2242,0.017205,2000,0.017204,4225,0.017203,16883,0.017259,33975,0.017273,12,0.017277,2299,0.017284,3125,0.017286,2328,0.017290,19386,0.017291,17204,0.017295,2288,0.017302,2317,0.017304,2249
okx,bybit,VINEUSDT,0.01723,0.017236,0.0348,1774109176000,0.0172,4775.58,0.01719,4792.9,0.01718,374.68,0.01717,7001.51,0.01716,18601.27,0.01715,5012.66,0.01714,11902.5,0.01713,5034.79,0.01712,14205.31,0.01711,8346.57,0.01723,44.65,0.01724,5936.14,0.01725,19695.28,0.01726,27191.6,0.01727,5000,0.01728,29326.69,0.01729,5034.76,0.0173,22400.1,0.01731,14651.07,0.01732,22366.14,0.017236,130,0.017217,2019,0.017216,2000,0.017215,17058,0.017211,5235,0.017210,2249,0.017208,2000,0.017207,2242,0.017205,2000,0.017204,4225,0.017271,12445,0.017272,41691,0.017273,77824,0.017277,2299,0.017284,3125,0.017286,2328,0.017290,19386,0.017291,17204,0.017292,2299,0.017302,2317
okx,bybit,VINEUSDT,0.01723,0.017236,0.0348,1774109177000,0.0172,4775.58,0.01719,4792.9,0.01718,374.68,0.01717,16155.08,0.01716,18601.27,0.01715,5012.66,0.01714,11902.5,0.01713,5034.79,0.01712,14205.31,0.01711,8346.57,0.01723,6785.79,0.01724,23302.28,0.01725,17954.14,0.01726,27191.6,0.01727,5000,0.01728,29326.69,0.01729,5034.76,0.0173,22400.1,0.01731,17292.23,0.01732,22366.14,0.017236,130,0.017216,2000,0.017215,17058,0.017211,5235,0.017210,2249,0.017208,2000,0.017207,2242,0.017205,2000,0.017204,4225,0.017203,16883,0.017267,10817,0.017268,31672,0.017270,7917,0.017271,7917,0.017272,15563,0.017273,12,0.017277,2299,0.017286,2328,0.017290,19386,0.017291,17204
okx,bybit,VINEUSDT,0.01723,0.017237,0.0406,1774109178000,0.0172,4775.58,0.01719,4792.9,0.01718,374.68,0.01717,16155.08,0.01716,18601.27,0.01715,5012.66,0.01714,11902.5,0.01713,5034.79,0.01712,14205.31,0.01711,8346.57,0.01723,5044.65,0.01724,7677.28,0.01725,17954.14,0.01726,17366.14,0.01727,5000,0.01728,29326.69,0.01729,5034.76,0.0173,22400.1,0.01731,17292.23,0.01732,22366.14,0.017237,17058,0.017236,130,0.017216,2000,0.017215,17058,0.017212,2000,0.017211,5235,0.017210,2249,0.017208,2000,0.017207,2242,0.017205,2000,0.017266,14114,0.017272,9782,0.017273,12,0.017277,2299,0.017286,2328,0.017290,19386,0.017291,17204,0.017292,2299,0.017302,2317,0.017304,2249
okx,bybit,VINEUSDT,0.01723,0.017238,0.0464,1774109199000,0.0172,5149.83,0.01719,13946.47,0.01718,5000,0.01717,13224.57,0.01716,45846.04,0.01715,5012.66,0.01714,11902.5,0.01713,5034.79,0.01712,14205.31,0.01711,8346.57,0.01723,44.65,0.01724,26.85,0.01725,19695.28,0.01726,17366.14,0.01727,5000,0.01728,29326.69,0.01729,33503.3,0.0173,22400.1,0.01731,11959.22,0.01732,22366.14,0.017248,15601,0.017238,2000,0.017237,17058,0.017236,130,0.017233,2000,0.017232,9110,0.017218,2000,0.017217,2237,0.017216,2000,0.017215,17058,0.017273,22350,0.017290,2328,0.017292,2240,0.017301,2000,0.017302,19293,0.017303,2000,0.017304,2249,0.017305,2000,0.017306,19307,0.017313,4242
okx,bybit,VINEUSDT,0.01723,0.01724,0.058,1774109205000,0.0172,9153.57,0.01719,4792.9,0.01718,5374.75,0.01717,41693.11,0.01716,17377.5,0.01715,5012.66,0.01714,11902.5,0.01713,5034.79,0.01712,14205.31,0.01711,8346.57,0.01723,44.65,0.01724,26.85,0.01725,19695.28,0.01726,17366.14,0.01727,5000,0.01728,29326.69,0.01729,5034.76,0.0173,50868.64,0.01731,11959.22,0.01732,22366.14,0.017240,15,0.017239,4898,0.017238,554,0.017237,17058,0.017236,130,0.017233,2000,0.017232,9110,0.017218,2000,0.017217,2237,0.017216,2000,0.017273,27707,0.017292,2240,0.017299,2000,0.017300,5513,0.017301,2000,0.017302,19293,0.017303,2000,0.017304,2249,0.017305,2000,0.017306,19307
okx,bybit,VINEUSDT,0.01723,0.017249,0.1103,1774109223000,0.0172,5042.37,0.01719,4258.1,0.01718,10982.61,0.01717,41693.11,0.01716,17377.5,0.01715,5012.66,0.01714,11902.5,0.01713,5034.79,0.01712,14205.31,0.01711,8346.57,0.01723,44.65,0.01724,26.85,0.01725,19695.28,0.01726,17366.14,0.01727,5000,0.01728,29326.69,0.01729,5034.76,0.0173,50868.64,0.01731,11959.22,0.01732,22366.14,0.017242,2000,0.017241,1562,0.017238,554,0.017237,17058,0.017236,130,0.017233,7043,0.017232,9122,0.017218,2000,0.017217,2237,0.017216,2000,0.017284,28713,0.017300,2333,0.017302,2317,0.017304,2249,0.017306,36375,0.017308,2309,0.017312,2000,0.017313,4242,0.017314,12,0.017317,2264
okx,bybit,VINEUSDT,0.01723,0.01725,0.1161,1774109224000,0.0172,375.09,0.01719,8925.17,0.01718,10982.61,0.01717,41693.11,0.01716,17377.5,0.01715,5012.66,0.01714,11902.5,0.01713,5034.79,0.01712,14205.31,0.01711,6924.06,0.01723,44.65,0.01724,26.85,0.01725,19695.28,0.01726,17366.14,0.01727,5000,0.01728,29326.69,0.01729,5034.76,0.0173,50868.64,0.01731,11959.22,0.01732,22366.14,0.017250,2903,0.017249,17058,0.017242,2000,0.017241,1562,0.017238,554,0.017237,17058,0.017236,130,0.017233,7043,0.017232,12,0.017218,2000,0.017283,10010,0.017284,28713,0.017296,2264,0.017302,2317,0.017304,2249,0.017305,2000,0.017306,36375,0.017308,2309,0.017312,2000,0.017313,4242
okx,bybit,VINEUSDT,0.01724,0.017256,0.0928,1774109245000,0.0172,375.09,0.01719,9159.41,0.01718,10999.64,0.01717,41571.62,0.01716,17377.5,0.01715,5012.66,0.01714,11902.5,0.01713,6677.5,0.01712,14205.31,0.01711,6924.06,0.01724,5677.14,0.01725,12981.93,0.01726,30107.03,0.01727,16755.09,0.01728,39380.55,0.01729,5034.76,0.0173,50868.64,0.01731,11959.22,0.01732,22366.14,0.01733,7939.72,0.017256,10,0.017238,554,0.017237,17143,0.017236,130,0.017233,2000,0.017232,2565,0.017218,2000,0.017217,2237,0.017216,2000,0.017215,17058,0.017273,48690,0.017274,50346,0.017275,10010,0.017296,2264,0.017297,3183,0.017298,2266,0.017300,19320,0.017307,17050,0.017313,2242,0.017314,12
okx,bybit,VINEUSDT,0.01724,0.017256,0.0928,1774109247000,0.0172,375.09,0.01719,9159.41,0.01718,5000,0.01717,41571.62,0.01716,17377.5,0.01715,5012.66,0.01714,11902.5,0.01713,6677.5,0.01712,14205.31,0.01711,6924.06,0.01724,10677.14,0.01725,8743.36,0.01726,17366.14,0.01727,10979.71,0.01728,29326.69,0.01729,5034.76,0.0173,22400.1,0.01731,11959.22,0.01732,22366.14,0.01733,7939.72,0.017256,10,0.017238,554,0.017237,17143,0.017236,130,0.017233,2000,0.017232,2565,0.017218,2000,0.017217,2237,0.017216,2000,0.017215,17058,0.017271,28550,0.017272,50522,0.017273,16831,0.017275,10010,0.017296,2264,0.017297,3183,0.017298,2266,0.017300,19320,0.017307,17050,0.017313,2242
okx,bybit,VINEUSDT,0.01725,0.017261,0.0638,1774109249000,0.01723,9926.11,0.0172,6968.64,0.01719,374.95,0.01718,11001.07,0.01717,40470.05,0.01716,17377.5,0.01715,5012.66,0.01714,11902.5,0.01713,6677.5,0.01712,15843.95,0.01726,4878.85,0.01727,11032.94,0.01728,24326.69,0.01729,5034.76,0.0173,22400.1,0.01731,11959.22,0.01732,22366.14,0.01733,5247.87,0.01734,24288.55,0.01736,16567.47,0.017261,2000,0.017260,17058,0.017256,10,0.017252,2527,0.017242,2237,0.017238,554,0.017237,17143,0.017236,2367,0.017233,2000,0.017232,12,0.017296,50643,0.017298,2266,0.017300,2262,0.017313,2242,0.017314,12,0.017319,2305,0.017320,17058,0.017321,2237,0.017326,2851,0.017331,2242
okx,bybit,VINEUSDT,0.01727,0.017261,-0.0521,1774109250000,0.01723,112.5,0.01722,112.5,0.01721,373.22,0.0172,12966.54,0.01719,12098.19,0.01718,12735.01,0.01717,40470.05,0.01716,17377.5,0.01715,5012.66,0.01714,11902.5,0.01727,6026.66,0.01728,24556.75,0.01729,11007.53,0.0173,22400.1,0.01731,11959.22,0.01732,22366.14,0.01733,5247.87,0.01734,29288.55,0.01736,21900.48,0.01737,6947.2,0.017261,2000,0.017260,17058,0.017256,10,0.017243,2000,0.017242,2237,0.017238,554,0.017237,19143,0.017236,2367,0.017233,2000,0.017232,12,0.017295,27782,0.017298,2266,0.017300,2262,0.017313,2242,0.017314,12,0.017319,2305,0.017320,17058,0.017321,2237,0.017326,2851,0.017327,2237
okx,bybit,VINEUSDT,0.01727,0.017272,0.0116,1774109253000,0.01724,9374.66,0.01721,5373.22,0.0172,20801.29,0.01719,28468.54,0.01718,5000,0.01717,12001.51,0.01716,22377.5,0.01715,5012.66,0.01714,13538.36,0.01713,6677.5,0.01727,6026.66,0.01728,6995.35,0.01729,11007.53,0.0173,22400.1,0.01731,11959.22,0.01732,22366.14,0.01733,5247.87,0.01734,24288.55,0.01735,5000,0.01736,26900.48,0.017272,17058,0.017270,2604,0.017261,2000,0.017260,17058,0.017256,10,0.017255,2000,0.017254,2237,0.017243,2000,0.017242,2237,0.017238,554,0.017311,21659,0.017312,40447,0.017313,6364,0.017314,12,0.017321,2237,0.017327,2237,0.017331,2242,0.017332,17058,0.017333,2242,0.017334,17046
okx,bybit,VINEUSDT,0.01728,0.017272,-0.0463,1774109255000,0.01724,9374.66,0.01723,7358.02,0.01722,17366.14,0.01721,6099.01,0.0172,11968.64,0.01719,28468.54,0.01718,5000,0.01717,12001.51,0.01716,5011.36,0.01715,5012.66,0.01727,3687.66,0.01728,6988.48,0.01729,11007.53,0.0173,22400.1,0.01731,11959.22,0.01732,22366.14,0.01733,5247.87,0.01734,24288.55,0.01735,5000,0.01736,26900.48,0.017272,17058,0.017270,2604,0.017261,2000,0.017260,17058,0.017256,10,0.017255,2000,0.017254,2237,0.017243,2000,0.017242,2237,0.017238,554,0.017310,22701,0.017311,31024,0.017312,9561,0.017313,2242,0.017314,12,0.017327,2237,0.017331,2242,0.017332,17058,0.017333,2242,0.017335,2695
okx,bybit,VINEUSDT,0.01728,0.017283,0.0174,1774109256000,0.01725,371.37,0.01724,9579.27,0.01723,6954.5,0.01722,17366.14,0.01721,6099.01,0.0172,11968.64,0.01719,28468.54,0.01718,5000,0.01717,12001.51,0.01716,5011.36,0.01728,27.93,0.01729,11027.1,0.0173,22400.1,0.01731,17926.8,0.01732,22366.14,0.01733,5247.87,0.01734,24288.55,0.01735,5000,0.01736,26900.48,0.01737,11947.2,0.017283,17058,0.017272,17058,0.017261,4237,0.017260,17058,0.017256,10,0.017255,2000,0.017254,2237,0.017243,2000,0.017242,2237,0.017238,554,0.017310,2892,0.017313,2242,0.017314,12,0.017327,2237,0.017331,2242,0.017333,2242,0.017335,4932,0.017344,2330,0.017345,17058,0.017347,2315
okx,bybit,VINEUSDT,0.01728,0.017283,0.0174,1774109259000,0.01724,370.94,0.01723,16329.16,0.01722,20198.61,0.01721,5000,0.0172,11968.64,0.01719,28468.54,0.01718,5000,0.01717,12001.51,0.01716,6765.81,0.01715,5012.66,0.01728,27.93,0.01729,11058.58,0.0173,28367.68,0.01731,21563.58,0.01732,22366.14,0.01733,5247.87,0.01734,52757.09,0.01735,5000,0.01736,21567.47,0.01737,17280.21,,,,,,,,,,,,,,,,,,,,,,,,,,,,,,,,,,,,,,,,
okx,bybit,VINEUSDT,0.01728,0.017283,0.0174,1774109275000,0.01725,370.99,0.01724,9374.66,0.01723,8907.77,0.01722,45834.68,0.0172,6968.64,0.01719,1100.29,0.01718,5000,0.01717,12001.51,0.01716,5011.36,0.01715,5012.66,0.01728,11980.42,0.01729,34.76,0.0173,22400.1,0.01731,17919.89,0.01732,31970.5,0.01733,5247.87,0.01734,52757.09,0.01735,5000,0.01736,21567.47,0.01737,11947.2,0.017283,15604,0.017276,9331,0.017273,2000,0.017272,17058,0.017270,2316,0.017267,7660,0.017266,17085,0.017263,2237,0.017262,2000,0.017261,4237,0.017299,53,0.017314,12,0.017332,2000,0.017333,2242,0.017334,2000,0.017335,4875,0.017341,2000,0.017342,17147,0.017343,2000,0.017344,4330
okx,bybit,VINEUSDT,0.01728,0.017295,0.0868,1774109289000,0.01725,372.64,0.01724,9374.66,0.01723,8688.6,0.01722,45834.68,0.0172,6968.64,0.01719,1100.29,0.01718,5000,0.01717,12001.51,0.01716,7633.11,0.01715,5012.66,0.01728,27.93,0.01729,189.48,0.0173,22400.1,0.01731,17919.89,0.01732,22366.14,0.01733,5247.87,0.01734,52757.09,0.01735,5000,0.01736,21567.47,0.01737,17280.21,0.017295,1176,0.017284,2000,0.017283,15604,0.017275,2312,0.017274,2000,0.017273,4312,0.017272,17058,0.017271,2000,0.017270,2316,0.017268,2000,0.017305,11,0.017314,12,0.017332,2000,0.017333,2242,0.017334,2000,0.017335,4875,0.017341,2000,0.017342,17147,0.017343,2000,0.017344,4330
okx,bybit,VINEUSDT,0.01729,0.017296,0.0347,1774109292000,0.01726,9374.66,0.01724,506.67,0.01723,8688.6,0.01722,46933.05,0.0172,6968.64,0.01718,5000,0.01717,12001.51,0.01716,7633.11,0.01715,5012.66,0.01714,11902.5,0.01729,34.76,0.0173,11141.06,0.01731,11959.22,0.01732,22366.14,0.01733,20995.86,0.01734,52757.09,0.01735,5000,0.01736,21567.47,0.01737,14639.05,0.01738,21949.56,0.017296,17058,0.017295,1176,0.017291,9331,0.017284,2000,0.017283,15604,0.017279,2401,0.017275,2312,0.017274,2000,0.017273,4312,0.017272,17058,0.017314,12,0.017332,2000,0.017333,2242,0.017334,2000,0.017335,2237,0.017342,3315,0.017343,2000,0.017344,4330,0.017345,17058,0.017346,2000
okx,bybit,VINEUSDT,0.0173,0.017298,-0.0116,1774109294000,0.01726,9374.66,0.01724,5372.21,0.01723,14786.33,0.01722,45834.68,0.01721,34.79,0.0172,6968.64,0.01718,5000,0.01717,14394.94,0.01716,5011.36,0.01715,5012.66,0.0173,360.89,0.01731,17921.62,0.01732,22366.14,0.01733,5247.87,0.01734,24288.55,0.01735,5000,0.01736,50036.01,0.01737,14639.05,0.01738,16526.84,0.01739,5432.91,0.017298,11331,0.017296,17058,0.017295,1157,0.017288,3246,0.017285,2314,0.017284,2000,0.017283,15604,0.017276,2000,0.017275,2312,0.017274,2000,0.017332,25576,0.017335,2237,0.017343,2000,0.017344,2330,0.017346,2000,0.017347,2315,0.017354,2000,0.017355,2250,0.017358,2000,0.017359,19372
okx,bybit,VINEUSDT,0.0173,0.017308,0.0462,1774109298000,0.01725,9374.66,0.01724,5372.21,0.01723,14786.33,0.01722,45834.68,0.01721,34.79,0.0172,6968.64,0.01719,5000,0.01718,5000,0.01717,12001.51,0.01716,6604.75,0.0173,6318.11,0.01731,11959.22,0.01732,22366.14,0.01733,5247.87,0.01734,24288.55,0.01735,5000,0.01736,21567.47,0.01737,14639.05,0.01738,21526.84,0.01739,10432.91,0.017308,19,0.017297,2000,0.017296,17058,0.017295,1157,0.017290,2314,0.017287,3183,0.017286,2000,0.017285,2314,0.017284,2000,0.017283,15604,0.017335,16590,0.017342,9561,0.017343,2000,0.017344,2330,0.017346,2000,0.017347,2315,0.017354,2000,0.017355,2250,0.017358,2000,0.017359,19372
okx,bybit,VINEUSDT,0.0173,0.017308,0.0462,1774109301000,0.01726,9374.66,0.01724,5372.21,0.01723,14786.33,0.01722,45834.68,0.01721,34.79,0.0172,6968.64,0.01719,5000,0.01718,6585.76,0.01717,12001.51,0.01716,5011.36,0.0173,5360.89,0.01731,17916.44,0.01732,22366.14,0.01733,5247.87,0.01734,24288.55,0.01735,5000,0.01736,50036.01,0.01737,14639.05,0.01738,21526.84,0.01739,10432.91,0.017308,19,0.017297,2000,0.017296,17058,0.017290,2314,0.017287,3183,0.017286,2000,0.017285,2314,0.017284,2000,0.017283,32894,0.017276,2000,0.017334,16695,0.017335,2237,0.017342,9561,0.017347,2315,0.017352,2844,0.017354,2000,0.017355,2250,0.017358,2000,0.017359,19372,0.017361,2000
okx,bybit,VINEUSDT,0.0173,0.01731,0.0578,1774109302000,0.01726,9374.66,0.01724,5372.21,0.01723,14786.33,0.01722,45834.68,0.01721,34.79,0.0172,6968.64,0.01718,5000,0.01717,13552.9,0.01716,5011.36,0.01715,5012.66,0.0173,360.89,0.01731,12916.44,0.01732,17366.14,0.01733,5247.87,0.01734,24288.55,0.01735,5000,0.01736,21567.47,0.01737,14639.05,0.01738,21526.84,0.01739,10432.91,0.017310,17058,0.017308,19,0.017297,2000,0.017296,17058,0.017290,2314,0.017286,2000,0.017285,2314,0.017284,2000,0.017283,32894,0.017276,2000,0.017342,9561,0.017347,2315,0.017354,2000,0.017355,2250,0.017358,2000,0.017359,19372,0.017361,2000,0.017362,3235,0.017372,2000,0.017373,2315
okx,bybit,VINEUSDT,0.01731,0.01731,0.0,1774109303000,0.01727,370.94,0.01726,16319.1,0.01725,5933.08,0.01724,12030.18,0.01723,13688.6,0.01722,45834.68,0.01721,34.79,0.0172,6968.64,0.01718,6577.03,0.01717,12001.51,0.01731,30.82,0.01732,142.51,0.01733,11206.82,0.01734,24288.55,0.01735,5000,0.01736,21567.47,0.01737,40415.74,0.01738,21526.84,0.01739,5010.19,0.0174,19187.87,0.017310,17058,0.017307,2554,0.017303,9331,0.017297,2000,0.017296,17058,0.017291,2000,0.017290,2314,0.017286,2000,0.017285,2314,0.017284,2000,0.017342,113926,0.017347,2315,0.017355,2250,0.017359,2314,0.017372,5208,0.017373,2315,0.017374,17058,0.017375,2392,0.017379,2,0.017386,316
okx,bybit,VINEUSDT,0.01731,0.01731,0.0,1774109304000,0.01727,9374.66,0.01726,6944.44,0.01725,3198.29,0.01724,33499.39,0.01723,11954.5,0.01722,17366.14,0.01721,34.79,0.0172,6968.64,0.01719,5000,0.01718,6577.03,0.01732,107.92,0.01733,6888.52,0.01734,24288.55,0.01735,14604.36,0.01736,21567.47,0.01737,40415.74,0.01738,21526.84,0.01739,5010.19,0.0174,19187.87,0.01741,6910.45,0.017310,17058,0.017307,2554,0.017303,9331,0.017297,2000,0.017296,17058,0.017291,2000,0.017290,2314,0.017286,2000,0.017285,2314,0.017284,2000,0.017342,114246,0.017347,2315,0.017355,2250,0.017359,2314,0.017372,3208,0.017373,2315,0.017374,17058,0.017375,2392,0.017379,2,0.017386,316
okx,bybit,VINEUSDT,0.01732,0.017321,0.0058,1774109305000,0.01727,9651.96,0.01726,6944.44,0.01725,3198.29,0.01724,33499.39,0.01723,11954.5,0.01722,17366.14,0.01721,5034.79,0.0172,6968.64,0.01719,5000,0.01718,6577.03,0.01732,107.92,0.01733,11888.52,0.01734,24288.55,0.01735,5000,0.01736,33631.57,0.01737,40415.74,0.01738,21526.84,0.01739,5010.19,0.0174,19187.87,0.01741,6910.45,0.017321,17058,0.017310,17058,0.017306,3260,0.017304,2000,0.017303,9331,0.017298,2249,0.017297,2000,0.017296,17058,0.017291,2000,0.017290,2314,0.017347,2315,0.017354,9561,0.017355,2250,0.017359,2314,0.017372,3208,0.017373,2315,0.017375,2392,0.017377,17156,0.017379,2,0.017385,2000
okx,bybit,VINEUSDT,0.01732,0.01732,0.0,1774109308000,0.01728,369.77,0.01727,9374.66,0.01726,6944.44,0.01725,8760.64,0.01724,33499.39,0.01723,11954.5,0.01722,17366.14,0.01721,5034.79,0.0172,11968.64,0.01719,6851.23,0.01732,107.92,0.01733,11888.52,0.01734,24288.55,0.01735,5000,0.01736,33631.57,0.01737,40415.74,0.01738,21526.84,0.01739,5010.19,0.0174,19187.87,0.01741,6910.45,0.017321,17058,0.017320,19,0.017311,2000,0.017310,17058,0.017306,3260,0.017304,2000,0.017303,9331,0.017299,2000,0.017298,2249,0.017297,2000,0.017347,2315,0.017355,2250,0.017359,2314,0.017372,3208,0.017373,2315,0.017375,2392,0.017379,2,0.017385,2000,0.017386,316,0.017387,17279
okx,bybit,VINEUSDT,0.01733,0.017321,-0.0519,1774109312000,0.01727,9374.66,0.01726,6944.44,0.01725,2101.5,0.01724,34596.49,0.01723,11954.5,0.01722,17366.14,0.01721,5034.79,0.0172,6968.64,0.01719,5000,0.01718,7296.78,0.01732,5000,0.01733,11938.84,0.01734,24288.55,0.01735,5000,0.01736,21567.47,0.01737,11947.2,0.01738,21526.84,0.01739,5010.19,0.0174,19187.87,0.01741,6910.45,0.017320,19,0.017311,2000,0.017310,17058,0.017306,17450,0.017305,3171,0.017304,2000,0.017303,9331,0.017299,2000,0.017298,2249,0.017297,2000,0.017347,5200,0.017355,2250,0.017359,2314,0.017370,2000,0.017371,19392,0.017372,3208,0.017373,2315,0.017375,2392,0.017378,2000,0.017379,2
okx,bybit,VINEUSDT,0.01733,0.017321,-0.0519,1774109314000,0.01728,9374.66,0.01727,5983.4,0.01726,6944.44,0.01725,3197,0.01724,33499.39,0.01723,11954.5,0.01722,17366.14,0.01721,5034.79,0.0172,11968.64,0.01719,7376.45,0.01733,12820.44,0.01734,24288.55,0.01735,5000,0.01736,21567.47,0.01737,26870.82,0.01738,49995.38,0.01739,5010.19,0.0174,24187.87,0.01741,11910.45,0.01742,19362.14,0.017321,17058,0.017311,2000,0.017310,17058,0.017307,4334,0.017306,17450,0.017305,2334,0.017304,2000,0.017303,9331,0.017299,2000,0.017298,2249,0.017355,5134,0.017358,9561,0.017359,2314,0.017370,2000,0.017371,2334,0.017373,2315,0.017375,2392,0.017378,2000,0.017379,2,0.017380,3424
okx,bybit,VINEUSDT,0.01732,0.01731,-0.0577,1774109320000,0.01728,9374.66,0.01727,5967.14,0.01726,6944.44,0.01725,3197,0.01724,33499.39,0.01723,11954.5,0.01722,17366.14,0.01721,5034.79,0.0172,11968.64,0.01719,7376.45,0.01733,12820.44,0.01734,24288.55,0.01735,5000,0.01736,21567.47,0.01737,11947.2,0.01738,21526.84,0.01739,33478.73,0.0174,24187.87,0.01741,11910.45,0.01742,19362.14,0.017341,19,0.017321,17058,0.017315,11792,0.017311,2334,0.017310,17058,0.017307,2334,0.017306,17450,0.017305,2334,0.017298,2249,0.017296,17058,0.017348,33,0.017355,2250,0.017373,2315,0.017375,2392,0.017378,2000,0.017379,2,0.017380,3424,0.017381,2334,0.017382,2000,0.017383,4334
okx,bybit,VINEUSDT,0.01731,0.017298,-0.0693,1774109321000,0.01726,8853.84,0.01725,2100.85,0.01724,29596.49,0.01723,6954.5,0.01722,17366.14,0.01721,5034.79,0.0172,6968.64,0.01719,5000,0.01718,5033.99,0.01717,14364.43,0.01731,6934.41,0.01732,10047.62,0.01733,12677.81,0.01734,24288.55,0.01735,30060.93,0.01736,50036.01,0.01737,11947.2,0.01738,21526.84,0.01739,5010.19,0.0174,24187.87,0.017298,11496,0.017296,17058,0.017291,10810,0.017290,2314,0.017286,2000,0.017285,5358,0.017284,2000,0.017283,17853,0.017276,18054,0.017275,60483,0.017342,2318,0.017343,2887,0.017345,2318,0.017348,2351,0.017351,28753,0.017355,2250,0.017371,2318,0.017372,17058,0.017373,2315,0.017375,2392
okx,bybit,VINEUSDT,0.01731,0.017298,-0.0693,1774109322000,0.01725,918.64,0.01724,37203.54,0.01723,6954.5,0.01722,17366.14,0.01721,5034.79,0.0172,6968.64,0.01719,5000,0.01718,5033.99,0.01717,12001.51,0.01716,2324.5,0.01731,6934.41,0.01732,9861.16,0.01733,12677.81,0.01734,24288.55,0.01735,30060.93,0.01736,50036.01,0.01737,11947.2,0.01738,21526.84,0.01739,5010.19,0.0174,24187.87,0.017298,10636,0.017296,17058,0.017291,2000,0.017290,2314,0.017286,2000,0.017285,4819,0.017284,2000,0.017283,17853,0.017276,2000,0.017275,2312,0.017339,5205,0.017341,12399,0.017345,2318,0.017348,2351,0.017355,2250,0.017360,3386,0.017371,2318,0.017372,17058,0.017373,2315,0.017375,2392
okx,bybit,VINEUSDT,0.01729,0.017283,-0.0405,1774109323000,0.01724,30.85,0.01723,15424.85,0.01722,45834.68,0.01721,34.79,0.0172,6968.64,0.01719,5000,0.01718,6134.92,0.01717,12001.51,0.01716,5011.36,0.01715,12.66,0.01729,11898.1,0.0173,23447.23,0.01731,17507.06,0.01732,22366.14,0.01733,18270.25,0.01734,52757.09,0.01735,5000,0.01736,21567.47,0.01737,11947.2,0.01738,21526.84,0.017283,19694,0.017274,2000,0.017273,2012,0.017272,17058,0.017265,2347,0.017261,2237,0.017260,17058,0.017259,19377,0.017255,2318,0.017242,2237,0.017315,13419,0.017316,2318,0.017318,2318,0.017320,2318,0.017322,2318,0.017324,2318,0.017326,2318,0.017328,2318,0.017329,2686,0.017331,2318
okx,bybit,VINEUSDT,0.01728,0.017273,-0.0405,1774109324000,0.01722,36874.91,0.01721,34.79,0.0172,6968.64,0.01718,23501.06,0.01717,12001.51,0.01716,5011.36,0.01715,6940.49,0.01714,6902.5,0.01713,34.79,0.01712,11532.46,0.01728,19614.47,0.01729,6476.6,0.0173,17366.14,0.01731,17537.88,0.01732,22366.14,0.01733,791.16,0.01734,52757.09,0.01735,5000,0.01736,21567.47,0.01737,11947.2,0.017273,12,0.017261,2237,0.017260,17058,0.017259,2318,0.017255,2318,0.017245,3194,0.017242,2237,0.017237,17143,0.017236,2237,0.017235,58171,0.017314,28753,0.017315,5208,0.017318,2318,0.017319,10529,0.017320,2318,0.017322,2318,0.017324,2318,0.017326,2318,0.017328,2318,0.017330,3039
okx,bybit,VINEUSDT,0.01728,0.017273,-0.0405,1774109325000,0.01721,5981.12,0.0172,8068.29,0.01719,14352.7,0.01718,22400.13,0.01717,12001.51,0.01716,5011.36,0.01715,5012.66,0.01714,6902.5,0.01713,6958.66,0.01712,9205.31,0.01728,17883.37,0.01729,8207.7,0.0173,17366.14,0.01731,17537.88,0.01732,22366.14,0.01733,791.16,0.01734,52757.09,0.01735,5000,0.01736,21567.47,0.01737,11947.2,0.017273,6032,0.017261,2237,0.017260,17058,0.017259,2318,0.017255,2318,0.017247,2000,0.017245,3194,0.017242,2237,0.017238,2000,0.017237,17143,0.017312,5209,0.017314,28753,0.017315,2318,0.017317,17058,0.017318,2318,0.017320,12847,0.017322,2318,0.017324,2318,0.017326,2318,0.017328,2318
okx,bybit,VINEUSDT,0.01728,0.017274,-0.0347,1774109326000,0.01721,5981.12,0.0172,11872.49,0.01719,15337.17,0.01718,22400.13,0.01717,7001.51,0.01716,5011.36,0.01715,5012.66,0.01714,11902.5,0.01713,6958.66,0.01712,9205.31,0.01728,19614.47,0.01729,16682.22,0.0173,17366.14,0.01731,6965.23,0.01732,22366.14,0.01733,791.16,0.01734,52757.09,0.01735,5000,0.01736,21567.47,0.01737,11947.2,0.017273,6891,0.017261,2237,0.017260,17058,0.017259,2318,0.017255,2318,0.017247,2000,0.017245,3194,0.017242,2237,0.017238,2000,0.017237,17143,0.017312,5209,0.017314,28753,0.017315,2318,0.017317,17058,0.017318,2318,0.017320,12847,0.017322,2318,0.017324,2318,0.017326,2318,0.017328,2318
okx,bybit,VINEUSDT,0.01725,0.017276,0.1507,1774109331000,0.0172,5791.66,0.01719,984.47,0.01718,17400.13,0.01717,7001.51,0.01716,11.36,0.01715,5012.66,0.01714,11902.5,0.01713,6958.66,0.01712,14205.31,0.01711,1924.06,0.01725,6956.52,0.01726,5311.23,0.01727,22156.25,0.01728,13681.57,0.01729,462.07,0.0173,17366.14,0.01731,6965.23,0.01732,22366.14,0.01733,6760.47,0.01734,52757.09,0.017274,7550,0.017260,17058,0.017255,2318,0.017245,5512,0.017242,2237,0.017241,17180,0.017240,2312,0.017237,17143,0.017236,2237,0.017234,2318,0.017310,31645,0.017311,2318,0.017313,3063,0.017315,2318,0.017322,2318,0.017324,2318,0.017326,2318,0.017328,2318,0.017331,2318,0.017337,17058
okx,bybit,VINEUSDT,0.01725,0.017251,0.0058,1774109334000,0.01718,24541.79,0.01717,7001.51,0.01716,11.36,0.01715,5999.42,0.01714,11902.5,0.01713,6958.66,0.01712,14205.31,0.01711,6924.06,0.0171,14836.25,0.01709,3088.51,0.01725,11956.52,0.01726,7042.33,0.01727,22564.91,0.01728,11950.47,0.01729,6004.07,0.0173,17366.14,0.01731,11965.23,0.01732,50834.68,0.01733,5791.16,0.01734,24288.55,0.017251,2670,0.017250,2312,0.017249,17058,0.017242,2237,0.017240,2312,0.017237,17143,0.017236,2237,0.017234,2318,0.017232,12,0.017228,2970,0.017290,31648,0.017291,12657,0.017303,2312,0.017307,2312,0.017309,19370,0.017311,2318,0.017314,12,0.017322,2318,0.017324,2318,0.017326,2318
okx,bybit,VINEUSDT,0.01724,0.017262,0.1276,1774109336000,0.01719,321.28,0.01718,17400.13,0.01717,7125.27,0.01716,6289.46,0.01715,5999.42,0.01714,14723.19,0.01713,5034.79,0.01712,15241.84,0.01711,6924.06,0.0171,14836.25,0.01724,5934.51,0.01725,11956.52,0.01726,13023.78,0.01727,22156.25,0.01728,24651.39,0.01729,34.76,0.0173,17366.14,0.01731,11965.23,0.01732,50834.68,0.01733,5791.16,0.017262,63,0.017240,2312,0.017237,17143,0.017234,2318,0.017232,12,0.017226,17058,0.017220,2318,0.017218,2000,0.017217,5125,0.017216,19841,0.017284,15553,0.017285,17058,0.017287,31071,0.017307,2312,0.017309,19370,0.017311,2318,0.017314,12,0.017322,2318,0.017324,2318,0.017326,2318
okx,bybit,VINEUSDT,0.01724,0.017262,0.1276,1774109337000,0.01719,321.28,0.01718,17400.13,0.01717,7125.27,0.01716,6289.46,0.01715,5999.42,0.01714,14723.19,0.01713,5034.79,0.01712,15241.84,0.01711,6924.06,0.0171,17813.62,0.01724,5934.51,0.01725,13687.62,0.01726,11433.69,0.01727,22156.25,0.01728,11950.47,0.01729,34.76,0.0173,17366.14,0.01731,11965.23,0.01732,50834.68,0.01733,5791.16,0.017240,2312,0.017237,17143,0.017234,2318,0.017232,12,0.017226,17058,0.017220,2318,0.017218,2000,0.017217,7125,0.017216,19841,0.017215,19295,0.017279,12657,0.017281,28759,0.017287,2312,0.017296,3305,0.017307,2312,0.017309,19370,0.017311,2318,0.017314,12,0.017322,2318,0.017324,2318
okx,bybit,VINEUSDT,0.01724,0.017248,0.0464,1774109338000,0.01719,321.28,0.01718,17400.13,0.01717,7125.27,0.01716,11.36,0.01715,999.42,0.01714,14723.19,0.01713,5034.79,0.01712,15241.84,0.01711,6924.06,0.0171,17813.62,0.01724,10934.51,0.01725,13687.62,0.01726,11433.69,0.01727,22156.25,0.01728,11950.47,0.01729,34.76,0.0173,45834.68,0.01731,11965.23,0.01732,22366.14,0.01733,5791.16,0.017240,2312,0.017237,17143,0.017234,2318,0.017232,12,0.017226,17058,0.017220,2318,0.017218,2000,0.017217,7125,0.017216,19841,0.017215,19295,0.017275,19933,0.017276,66777,0.017277,28759,0.017279,14000,0.017287,2312,0.017298,17058,0.017307,2312,0.017309,19370,0.017311,2318,0.017314,12
okx,bybit,VINEUSDT,0.01724,0.017239,-0.0058,1774109340000,0.01718,355.46,0.01717,7125.27,0.01716,5945.87,0.01715,24643.66,0.01714,18687.92,0.01713,8354.27,0.01712,15241.84,0.01711,6924.06,0.0171,14836.25,0.01709,4460.62,0.01724,10934.51,0.01725,13687.62,0.01726,11433.69,0.01727,30067.06,0.01728,11950.47,0.01729,34.76,0.0173,45834.68,0.01731,11965.23,0.01732,22366.14,0.01733,5791.16,0.017239,19737,0.017237,85,0.017234,2318,0.017232,12,0.017226,17058,0.017220,2318,0.017218,2000,0.017217,5125,0.017216,2000,0.017215,19295,0.017274,15554,0.017277,28759,0.017278,2298,0.017287,2312,0.017298,17058,0.017307,2312,0.017309,19370,0.017311,2318,0.017314,12,0.017324,2318
okx,bybit,VINEUSDT,0.01724,0.017237,-0.0174,1774109341000,0.01718,355.72,0.01717,7062.23,0.01716,6936.61,0.01715,23656.9,0.01714,18687.92,0.01713,8354.27,0.01712,15241.84,0.01711,6924.06,0.0171,14836.25,0.01709,1288.97,0.01724,10934.51,0.01725,13687.62,0.01726,6122.46,0.01727,30067.06,0.01728,11950.47,0.01729,34.76,0.0173,45834.68,0.01731,11965.23,0.01732,22366.14,0.01733,5791.16,0.017239,19737,0.017237,85,0.017234,2318,0.017232,12,0.017226,17058,0.017220,2318,0.017218,2000,0.017217,5125,0.017216,2000,0.017215,19295,0.017274,35673,0.017277,28759,0.017278,2298,0.017287,2312,0.017297,2660,0.017298,17058,0.017307,2312,0.017309,19370,0.017311,2318,0.017314,12
okx,bybit,VINEUSDT,0.01725,0.01724,-0.058,1774109342000,0.01718,5967.76,0.01717,7062.23,0.01716,333.75,0.01715,23656.9,0.01714,11902.5,0.01713,15049.33,0.01712,15336.81,0.01711,6924.06,0.0171,18273.83,0.01709,1288.97,0.01724,5940.06,0.01725,11996.06,0.01726,7712.55,0.01727,17366.14,0.01728,11950.47,0.01729,17735.68,0.0173,45834.68,0.01731,11965.23,0.01732,22366.14,0.01733,5791.16,0.017240,17058,0.017237,85,0.017234,2318,0.017232,12,0.017226,17058,0.017220,2318,0.017218,4628,0.017217,2237,0.017216,2000,0.017215,19295,0.017272,15555,0.017274,15344,0.017278,2298,0.017287,2312,0.017298,17058,0.017307,5126,0.017309,19370,0.017311,2318,0.017314,12,0.017324,2318
okx,bybit,VINEUSDT,0.01724,0.01724,0.0,1774109348000,0.0172,321.07,0.01719,5973.35,0.01718,5967.76,0.01717,14563.39,0.01716,5949.69,0.01715,17378.8,0.01714,11902.5,0.01713,15049.33,0.01712,15336.81,0.01711,6924.06,0.01724,5762.69,0.01725,6996.06,0.01726,7712.55,0.01727,17366.14,0.01728,11950.47,0.01729,17735.68,0.0173,50834.68,0.01731,11965.23,0.01732,22366.14,0.01733,5791.16,,,,,,,,,,,,,,,,,,,,,,,,,,,,,,,,,,,,,,,,
