spot_exch,fut_exch,symbol,ask_spot,bid_futures,spread_pct,ts,bn_fr,bn_fr_next,bn_fr_time,bb_fr,bb_fr_next,bb_fr_time,ok_fr,ok_fr_next,ok_fr_time,gt_fr,gt_fr_next,gt_fr_time,s_b1,s_b2,s_b3,s_b4,s_b5,s_b6,s_b7,s_b8,s_b9,s_b10,s_bq1,s_bq2,s_bq3,s_bq4,s_bq5,s_bq6,s_bq7,s_bq8,s_bq9,s_bq10,s_a1,s_a2,s_a3,s_a4,s_a5,s_a6,s_a7,s_a8,s_a9,s_a10,s_aq1,s_aq2,s_aq3,s_aq4,s_aq5,s_aq6,s_aq7,s_aq8,s_aq9,s_aq10,f_b1,f_b2,f_b3,f_b4,f_b5,f_b6,f_b7,f_b8,f_b9,f_b10,f_bq1,f_bq2,f_bq3,f_bq4,f_bq5,f_bq6,f_bq7,f_bq8,f_bq9,f_bq10,f_a1,f_a2,f_a3,f_a4,f_a5,f_a6,f_a7,f_a8,f_a9,f_a10,f_aq1,f_aq2,f_aq3,f_aq4,f_aq5,f_aq6,f_aq7,f_aq8,f_aq9,f_aq10
binance,gate,FUNUSDT,0.00140200,0.03129,2131.8117,1774060304000,,,,,,,,,,,,,0.00139900,431672.00000000,0.00139800,205148.00000000,0.00139700,963490.00000000,0.00139600,50110.00000000,0.00139500,47985.00000000,0.00139400,576752.00000000,0.00139300,47901.00000000,0.00139200,726567.00000000,0.00139100,1177435.00000000,0.00139000,1267081.00000000,0.00140200,149407.00000000,0.00140300,1017179.00000000,0.00140400,50582.00000000,0.00140500,427029.00000000,0.00140600,14949804.00000000,0.00140700,1080894.00000000,0.00140800,13918.00000000,0.00140900,589260.00000000,0.00141000,1404892.00000000,0.00141100,199499.00000000,0.03129,14,0.03128,167,0.03126,15,0.03125,167,0.03123,14,0.03122,167,0.0312,14,0.03119,182,0.03117,15,0.03116,181,0.03134,14,0.03135,76,0.03136,74,0.03138,15,0.03139,167,0.03144,14,0.03145,167,0.03146,14,0.03151,182,0.03156,14
binance,gate,FUNUSDT,0.00140200,0.03129,2131.8117,1774060304641,,,,,,,,,,0.00005,0.00005,,0.00139900,431672.00000000,0.00139800,205148.00000000,0.00139700,963490.00000000,0.00139600,50110.00000000,0.00139500,47985.00000000,0.00139400,576752.00000000,0.00139300,47901.00000000,0.00139200,726567.00000000,0.00139100,1177435.00000000,0.00139000,1267081.00000000,0.00140200,149407.00000000,0.00140300,1017179.00000000,0.00140400,50582.00000000,0.00140500,427029.00000000,0.00140600,14949804.00000000,0.00140700,1080894.00000000,0.00140800,13918.00000000,0.00140900,589260.00000000,0.00141000,1404892.00000000,0.00141100,199499.00000000,0.03129,14,0.03128,167,0.03126,15,0.03125,167,0.03123,14,0.03122,167,0.0312,14,0.03119,182,0.03117,15,0.03116,181,0.03133,14,0.03134,14,0.03135,76,0.03136,74,0.03138,15,0.03139,167,0.03144,14,0.03145,167,0.03146,14,0.03151,182
binance,gate,FUNUSDT,0.00140200,0.03129,2131.8117,1774060304941,,,,,,,,,,0.00005,0.00005,,0.00139900,431672.00000000,0.00139800,205148.00000000,0.00139700,963490.00000000,0.00139600,50110.00000000,0.00139500,47985.00000000,0.00139400,576752.00000000,0.00139300,47901.00000000,0.00139200,726567.00000000,0.00139100,1177435.00000000,0.00139000,1267081.00000000,0.00140200,149407.00000000,0.00140300,1017179.00000000,0.00140400,50582.00000000,0.00140500,427029.00000000,0.00140600,14949804.00000000,0.00140700,1080894.00000000,0.00140800,13918.00000000,0.00140900,589260.00000000,0.00141000,1404892.00000000,0.00141100,199499.00000000,0.03129,14,0.03128,167,0.03126,15,0.03125,167,0.03123,14,0.03122,167,0.0312,14,0.03119,182,0.03117,15,0.03116,181,0.03133,14,0.03134,88,0.03135,76,0.03138,15,0.03139,167,0.03144,14,0.03145,167,0.03146,14,0.03151,182,0.03156,14
binance,gate,FUNUSDT,0.00140200,0.03129,2131.8117,1774060305248,,,,,,,,,,0.00005,0.00005,,0.00139900,431672.00000000,0.00139800,205148.00000000,0.00139700,963490.00000000,0.00139600,50110.00000000,0.00139500,47985.00000000,0.00139400,576752.00000000,0.00139300,47901.00000000,0.00139200,726567.00000000,0.00139100,1177435.00000000,0.00139000,1267081.00000000,0.00140200,149407.00000000,0.00140300,1017179.00000000,0.00140400,50582.00000000,0.00140500,427029.00000000,0.00140600,14949804.00000000,0.00140700,1080894.00000000,0.00140800,13918.00000000,0.00140900,589260.00000000,0.00141000,1404892.00000000,0.00141100,199499.00000000,0.03129,14,0.03128,167,0.03126,15,0.03125,167,0.03123,14,0.03122,167,0.0312,14,0.03119,182,0.03117,15,0.03116,181,0.03134,14,0.03135,76,0.03136,74,0.03138,15,0.03139,167,0.03144,14,0.03145,167,0.03146,14,0.03151,182,0.03156,14
binance,gate,FUNUSDT,0.00140200,0.03129,2131.8117,1774060305548,,,,,,,,,,0.00005,0.00005,,0.00139900,431672.00000000,0.00139800,205148.00000000,0.00139700,963490.00000000,0.00139600,50110.00000000,0.00139500,47985.00000000,0.00139400,576752.00000000,0.00139300,47901.00000000,0.00139200,726567.00000000,0.00139100,1177435.00000000,0.00139000,1267081.00000000,0.00140200,149407.00000000,0.00140300,1017179.00000000,0.00140400,50582.00000000,0.00140500,427029.00000000,0.00140600,14949804.00000000,0.00140700,1080894.00000000,0.00140800,13918.00000000,0.00140900,589260.00000000,0.00141000,1404892.00000000,0.00141100,199499.00000000,0.03129,14,0.03128,167,0.03126,15,0.03125,167,0.03123,66,0.03122,167,0.0312,14,0.03119,182,0.03117,15,0.03116,181,0.03134,14,0.03135,76,0.03136,74,0.03138,15,0.03139,167,0.03144,14,0.03145,167,0.03146,14,0.03151,182,0.03156,14
binance,gate,FUNUSDT,0.00140200,0.03129,2131.8117,1774060305848,,,,,,,,,,0.00005,0.00005,,0.00139900,431672.00000000,0.00139800,205148.00000000,0.00139700,963490.00000000,0.00139600,50110.00000000,0.00139500,47985.00000000,0.00139400,576752.00000000,0.00139300,47901.00000000,0.00139200,726567.00000000,0.00139100,1177435.00000000,0.00139000,1267081.00000000,0.00140200,149407.00000000,0.00140300,1017179.00000000,0.00140400,50582.00000000,0.00140500,427029.00000000,0.00140600,14949804.00000000,0.00140700,1080894.00000000,0.00140800,13918.00000000,0.00140900,589260.00000000,0.00141000,1404892.00000000,0.00141100,199499.00000000,0.03129,14,0.03128,167,0.03126,15,0.03125,167,0.03123,66,0.03122,167,0.0312,14,0.03119,182,0.03117,15,0.03116,181,0.03134,14,0.03135,76,0.03136,74,0.03138,15,0.03139,167,0.03144,14,0.03145,167,0.03146,14,0.03151,182,0.03156,14
binance,gate,FUNUSDT,0.00140200,0.03129,2131.8117,1774060306160,,,,,,,,,,0.00005,0.00005,,0.00139900,431672.00000000,0.00139800,205148.00000000,0.00139700,963490.00000000,0.00139600,50110.00000000,0.00139500,47985.00000000,0.00139400,576752.00000000,0.00139300,47901.00000000,0.00139200,726567.00000000,0.00139100,1177435.00000000,0.00139000,1267081.00000000,0.00140200,149407.00000000,0.00140300,1017179.00000000,0.00140400,50582.00000000,0.00140500,427029.00000000,0.00140600,14949804.00000000,0.00140700,1080894.00000000,0.00140800,13918.00000000,0.00140900,589260.00000000,0.00141000,1404892.00000000,0.00141100,199499.00000000,0.03129,14,0.03128,167,0.03126,15,0.03125,167,0.03123,66,0.03122,167,0.0312,14,0.03119,182,0.03117,15,0.03116,181,0.03134,14,0.03135,76,0.03138,89,0.03139,167,0.03144,14,0.03145,167,0.03146,14,0.03151,182,0.03156,14,0.03157,182
binance,gate,FUNUSDT,0.00140200,0.03129,2131.8117,1774060306460,,,,,,,,,,0.00005,0.00005,,0.00139900,431672.00000000,0.00139800,205148.00000000,0.00139700,963490.00000000,0.00139600,50110.00000000,0.00139500,47985.00000000,0.00139400,576752.00000000,0.00139300,47901.00000000,0.00139200,726567.00000000,0.00139100,1177435.00000000,0.00139000,1267081.00000000,0.00140200,149407.00000000,0.00140300,1017179.00000000,0.00140400,50582.00000000,0.00140500,427029.00000000,0.00140600,14949804.00000000,0.00140700,1080894.00000000,0.00140800,13918.00000000,0.00140900,589260.00000000,0.00141000,1404892.00000000,0.00141100,199499.00000000,0.03129,14,0.03128,167,0.03126,15,0.03125,167,0.03123,66,0.03122,167,0.0312,14,0.03119,182,0.03117,15,0.03116,181,0.03134,14,0.03135,76,0.03138,89,0.03139,167,0.03144,14,0.03145,167,0.03146,14,0.03151,182,0.03156,14,0.03157,182
binance,gate,FUNUSDT,0.00140200,0.03129,2131.8117,1774060306760,,,,,,,,,,0.00005,0.00005,,0.00139900,431672.00000000,0.00139800,205148.00000000,0.00139700,963490.00000000,0.00139600,50110.00000000,0.00139500,47985.00000000,0.00139400,576752.00000000,0.00139300,47901.00000000,0.00139200,726567.00000000,0.00139100,1177435.00000000,0.00139000,1267081.00000000,0.00140200,149407.00000000,0.00140300,1017179.00000000,0.00140400,50582.00000000,0.00140500,427029.00000000,0.00140600,14949804.00000000,0.00140700,1080894.00000000,0.00140800,13918.00000000,0.00140900,589260.00000000,0.00141000,1404892.00000000,0.00141100,199499.00000000,0.03129,14,0.03128,167,0.03126,15,0.03125,167,0.03123,66,0.03122,167,0.0312,14,0.03119,182,0.03117,15,0.03116,181,0.03134,14,0.03135,76,0.03138,89,0.03139,167,0.03144,14,0.03145,167,0.03146,14,0.03151,182,0.03156,14,0.03157,182
binance,gate,FUNUSDT,0.00140200,0.03129,2131.8117,1774060307061,,,,,,,,,,0.00005,0.00005,,0.00139900,431672.00000000,0.00139800,205148.00000000,0.00139700,963490.00000000,0.00139600,50110.00000000,0.00139500,47985.00000000,0.00139400,576752.00000000,0.00139300,47901.00000000,0.00139200,726567.00000000,0.00139100,1177435.00000000,0.00139000,1267081.00000000,0.00140200,149407.00000000,0.00140300,1017179.00000000,0.00140400,50582.00000000,0.00140500,427029.00000000,0.00140600,14949804.00000000,0.00140700,1080894.00000000,0.00140800,13918.00000000,0.00140900,589260.00000000,0.00141000,1404892.00000000,0.00141100,199499.00000000,0.03129,14,0.03128,167,0.03126,15,0.03125,167,0.03123,66,0.03122,167,0.0312,14,0.03119,182,0.03117,15,0.03116,181,0.03134,14,0.03135,76,0.03138,89,0.03139,167,0.03144,14,0.03145,167,0.03146,14,0.03151,182,0.03156,14,0.03157,182
binance,gate,FUNUSDT,0.00140200,0.03129,2131.8117,1774060307361,,,,,,,,,,0.00005,0.00005,,0.00139900,431672.00000000,0.00139800,205148.00000000,0.00139700,963490.00000000,0.00139600,50110.00000000,0.00139500,47985.00000000,0.00139400,576752.00000000,0.00139300,47901.00000000,0.00139200,726567.00000000,0.00139100,1177435.00000000,0.00139000,1267081.00000000,0.00140200,149407.00000000,0.00140300,1017179.00000000,0.00140400,50582.00000000,0.00140500,427029.00000000,0.00140600,14949804.00000000,0.00140700,1080894.00000000,0.00140800,13918.00000000,0.00140900,589260.00000000,0.00141000,1404892.00000000,0.00141100,199499.00000000,0.03129,14,0.03128,167,0.03126,15,0.03125,167,0.03123,66,0.03122,167,0.0312,14,0.03119,182,0.03117,15,0.03116,181,0.03134,14,0.03135,76,0.03138,89,0.03139,167,0.03144,14,0.03145,167,0.03146,14,0.03151,182,0.03156,14,0.03157,182
binance,gate,FUNUSDT,0.00140200,0.03129,2131.8117,1774060307661,,,,,,,,,,0.00005,0.00005,,0.00139900,431672.00000000,0.00139800,205148.00000000,0.00139700,963490.00000000,0.00139600,50110.00000000,0.00139500,47985.00000000,0.00139400,576752.00000000,0.00139300,47901.00000000,0.00139200,726567.00000000,0.00139100,1177435.00000000,0.00139000,1267081.00000000,0.00140200,149407.00000000,0.00140300,1017179.00000000,0.00140400,50582.00000000,0.00140500,427029.00000000,0.00140600,14949804.00000000,0.00140700,1080894.00000000,0.00140800,13918.00000000,0.00140900,589260.00000000,0.00141000,1404892.00000000,0.00141100,199499.00000000,0.03129,14,0.03128,167,0.03126,15,0.03125,167,0.03123,66,0.03122,167,0.0312,14,0.03119,182,0.03117,15,0.03116,181,0.03134,14,0.03135,76,0.03138,89,0.03139,167,0.03144,14,0.03145,167,0.03146,14,0.03151,182,0.03156,14,0.03157,182
binance,gate,FUNUSDT,0.00140200,0.03129,2131.8117,1774060307961,,,,,,,,,,0.00005,0.00005,,0.00139900,431672.00000000,0.00139800,205148.00000000,0.00139700,963490.00000000,0.00139600,50110.00000000,0.00139500,47985.00000000,0.00139400,576752.00000000,0.00139300,47901.00000000,0.00139200,726567.00000000,0.00139100,1177435.00000000,0.00139000,1267081.00000000,0.00140200,149407.00000000,0.00140300,1017179.00000000,0.00140400,50582.00000000,0.00140500,427029.00000000,0.00140600,14949804.00000000,0.00140700,1080894.00000000,0.00140800,13918.00000000,0.00140900,589260.00000000,0.00141000,1404892.00000000,0.00141100,199499.00000000,0.03129,14,0.03128,167,0.03126,15,0.03125,167,0.03123,66,0.03122,167,0.0312,14,0.03119,182,0.03117,15,0.03116,181,0.03134,14,0.03135,76,0.03138,89,0.03139,167,0.03144,14,0.03145,167,0.03146,14,0.03151,182,0.03156,14,0.03157,182
binance,gate,FUNUSDT,0.00140200,0.03129,2131.8117,1774060308261,,,,,,,,,,0.00005,0.00005,,0.00139900,431672.00000000,0.00139800,205148.00000000,0.00139700,963490.00000000,0.00139600,50110.00000000,0.00139500,47985.00000000,0.00139400,576752.00000000,0.00139300,47901.00000000,0.00139200,726567.00000000,0.00139100,1177435.00000000,0.00139000,1267081.00000000,0.00140200,149407.00000000,0.00140300,1017179.00000000,0.00140400,50582.00000000,0.00140500,427029.00000000,0.00140600,14949804.00000000,0.00140700,1080894.00000000,0.00140800,13918.00000000,0.00140900,589260.00000000,0.00141000,1404892.00000000,0.00141100,199499.00000000,0.03129,14,0.03128,167,0.03126,15,0.03125,167,0.03123,66,0.03122,167,0.0312,14,0.03119,182,0.03117,15,0.03116,181,0.03134,14,0.03135,76,0.03138,89,0.03139,167,0.03144,14,0.03145,167,0.03146,14,0.03151,182,0.03156,14,0.03157,182
binance,gate,FUNUSDT,0.00140200,0.03129,2131.8117,1774060308562,,,,,,,,,,0.00005,0.00005,,0.00139900,431672.00000000,0.00139800,205148.00000000,0.00139700,963490.00000000,0.00139600,50110.00000000,0.00139500,47985.00000000,0.00139400,576752.00000000,0.00139300,47901.00000000,0.00139200,726567.00000000,0.00139100,1177435.00000000,0.00139000,1267081.00000000,0.00140200,149407.00000000,0.00140300,1017179.00000000,0.00140400,50582.00000000,0.00140500,427029.00000000,0.00140600,14949804.00000000,0.00140700,1080894.00000000,0.00140800,13918.00000000,0.00140900,589260.00000000,0.00141000,1404892.00000000,0.00141100,199499.00000000,0.03129,14,0.03128,167,0.03126,15,0.03125,167,0.03123,66,0.03122,167,0.0312,14,0.03119,182,0.03117,15,0.03116,181,0.03134,14,0.03135,76,0.03138,89,0.03139,167,0.03144,14,0.03145,167,0.03146,14,0.03151,182,0.03156,14,0.03157,182
binance,gate,FUNUSDT,0.00140200,0.03129,2131.8117,1774060308862,,,,,,,,,,0.00005,0.00005,,0.00139900,431672.00000000,0.00139800,205148.00000000,0.00139700,963490.00000000,0.00139600,50110.00000000,0.00139500,47985.00000000,0.00139400,576752.00000000,0.00139300,47901.00000000,0.00139200,726567.00000000,0.00139100,1177435.00000000,0.00139000,1267081.00000000,0.00140200,149407.00000000,0.00140300,1017179.00000000,0.00140400,50582.00000000,0.00140500,427029.00000000,0.00140600,14949804.00000000,0.00140700,1080894.00000000,0.00140800,13918.00000000,0.00140900,589260.00000000,0.00141000,1404892.00000000,0.00141100,199499.00000000,0.03129,14,0.03128,167,0.03126,15,0.03125,167,0.03123,66,0.03122,167,0.0312,14,0.03119,182,0.03117,15,0.03116,181,0.03134,14,0.03135,76,0.03138,89,0.03139,167,0.03144,14,0.03145,167,0.03146,14,0.03151,182,0.03156,14,0.03157,182
binance,gate,FUNUSDT,0.00140200,0.03129,2131.8117,1774060309162,,,,,,,,,,0.00005,0.00005,,0.00139900,431672.00000000,0.00139800,205148.00000000,0.00139700,963490.00000000,0.00139600,50110.00000000,0.00139500,47985.00000000,0.00139400,576752.00000000,0.00139300,47901.00000000,0.00139200,726567.00000000,0.00139100,1177435.00000000,0.00139000,1267081.00000000,0.00140200,149407.00000000,0.00140300,1017179.00000000,0.00140400,50582.00000000,0.00140500,427029.00000000,0.00140600,14949804.00000000,0.00140700,1080894.00000000,0.00140800,13918.00000000,0.00140900,589260.00000000,0.00141000,1404892.00000000,0.00141100,199499.00000000,0.03129,14,0.03128,167,0.03126,15,0.03125,167,0.03123,66,0.03122,167,0.0312,14,0.03119,182,0.03117,15,0.03116,181,0.03134,14,0.03135,76,0.03138,89,0.03139,167,0.03144,14,0.03145,167,0.03146,14,0.03151,182,0.03156,14,0.03157,182
binance,gate,FUNUSDT,0.00140200,0.03129,2131.8117,1774060309464,,,,,,,,,,0.00005,0.00005,,0.00139900,431672.00000000,0.00139800,205148.00000000,0.00139700,963490.00000000,0.00139600,50110.00000000,0.00139500,47985.00000000,0.00139400,576752.00000000,0.00139300,47901.00000000,0.00139200,726567.00000000,0.00139100,1177435.00000000,0.00139000,1267081.00000000,0.00140200,149407.00000000,0.00140300,1017179.00000000,0.00140400,50582.00000000,0.00140500,427029.00000000,0.00140600,14949804.00000000,0.00140700,1080894.00000000,0.00140800,13918.00000000,0.00140900,589260.00000000,0.00141000,1404892.00000000,0.00141100,199499.00000000,0.03129,14,0.03128,167,0.03126,15,0.03125,167,0.03123,66,0.03122,167,0.0312,14,0.03119,182,0.03117,15,0.03116,181,0.03134,14,0.03135,76,0.03138,89,0.03139,167,0.03144,14,0.03145,167,0.03146,14,0.03151,182,0.03156,14,0.03157,182
binance,gate,FUNUSDT,0.00140200,0.03129,2131.8117,1774060309764,,,,,,,,,,0.00005,0.00005,,0.00139900,431672.00000000,0.00139800,205148.00000000,0.00139700,963490.00000000,0.00139600,50110.00000000,0.00139500,47985.00000000,0.00139400,576752.00000000,0.00139300,47901.00000000,0.00139200,726567.00000000,0.00139100,1177435.00000000,0.00139000,1267081.00000000,0.00140200,149407.00000000,0.00140300,1017179.00000000,0.00140400,50582.00000000,0.00140500,427029.00000000,0.00140600,14949804.00000000,0.00140700,1080894.00000000,0.00140800,13918.00000000,0.00140900,589260.00000000,0.00141000,1404892.00000000,0.00141100,199499.00000000,0.03129,14,0.03128,167,0.03126,15,0.03125,167,0.03123,66,0.03122,167,0.0312,14,0.03119,182,0.03117,15,0.03116,181,0.03134,14,0.03135,76,0.03138,89,0.03139,167,0.03144,14,0.03145,167,0.03146,14,0.03151,182,0.03156,14,0.03157,182
binance,gate,FUNUSDT,0.00140200,0.03129,2131.8117,1774060310064,,,,,,,,,,0.00005,0.00005,,0.00139900,431672.00000000,0.00139800,205148.00000000,0.00139700,963490.00000000,0.00139600,50110.00000000,0.00139500,47985.00000000,0.00139400,576752.00000000,0.00139300,47901.00000000,0.00139200,726567.00000000,0.00139100,1177435.00000000,0.00139000,1267081.00000000,0.00140200,149407.00000000,0.00140300,1017179.00000000,0.00140400,50582.00000000,0.00140500,427029.00000000,0.00140600,14949804.00000000,0.00140700,1080894.00000000,0.00140800,13918.00000000,0.00140900,589260.00000000,0.00141000,1404892.00000000,0.00141100,199499.00000000,0.03129,14,0.03128,167,0.03126,15,0.03125,167,0.03123,66,0.03122,167,0.0312,14,0.03119,182,0.03117,15,0.03116,181,0.03134,14,0.03135,76,0.03138,89,0.03139,167,0.03144,14,0.03145,167,0.03146,14,0.03151,182,0.03156,14,0.03157,182
binance,gate,FUNUSDT,0.00140200,0.03129,2131.8117,1774060310364,,,,,,,,,,0.00005,0.00005,,0.00139900,431672.00000000,0.00139800,205148.00000000,0.00139700,963490.00000000,0.00139600,50110.00000000,0.00139500,47985.00000000,0.00139400,576752.00000000,0.00139300,47901.00000000,0.00139200,726567.00000000,0.00139100,1177435.00000000,0.00139000,1267081.00000000,0.00140200,149407.00000000,0.00140300,1017179.00000000,0.00140400,50582.00000000,0.00140500,427029.00000000,0.00140600,14949804.00000000,0.00140700,1080894.00000000,0.00140800,13918.00000000,0.00140900,589260.00000000,0.00141000,1404892.00000000,0.00141100,199499.00000000,0.03129,14,0.03128,167,0.03126,15,0.03125,167,0.03123,14,0.03122,167,0.03121,52,0.0312,14,0.03119,182,0.03117,15,0.03134,14,0.03135,76,0.03136,74,0.03138,15,0.03139,167,0.03144,14,0.03145,167,0.03146,14,0.03151,182,0.03156,14
binance,gate,FUNUSDT,0.00140200,0.03129,2131.8117,1774060310665,,,,,,,,,,0.00005,0.00005,,0.00139900,431672.00000000,0.00139800,205148.00000000,0.00139700,963490.00000000,0.00139600,50110.00000000,0.00139500,47985.00000000,0.00139400,576752.00000000,0.00139300,47901.00000000,0.00139200,726567.00000000,0.00139100,1177435.00000000,0.00139000,1267081.00000000,0.00140200,149407.00000000,0.00140300,1017179.00000000,0.00140400,50582.00000000,0.00140500,427029.00000000,0.00140600,14949804.00000000,0.00140700,1080894.00000000,0.00140800,13918.00000000,0.00140900,589260.00000000,0.00141000,1404892.00000000,0.00141100,199499.00000000,0.03129,14,0.03128,167,0.03126,15,0.03125,167,0.03123,14,0.03122,167,0.03121,52,0.0312,14,0.03119,182,0.03117,15,0.03134,14,0.03135,76,0.03136,74,0.03138,15,0.03139,167,0.03144,14,0.03145,167,0.03146,14,0.03151,182,0.03156,14
binance,gate,FUNUSDT,0.00140200,0.03129,2131.8117,1774060310965,,,,,,,,,,0.00005,0.00005,,0.00139900,383731.00000000,0.00139800,205148.00000000,0.00139700,963490.00000000,0.00139600,50110.00000000,0.00139500,47985.00000000,0.00139400,576752.00000000,0.00139300,47901.00000000,0.00139200,726567.00000000,0.00139100,1177435.00000000,0.00139000,1267081.00000000,0.00140200,197348.00000000,0.00140300,933011.00000000,0.00140400,50582.00000000,0.00140500,427029.00000000,0.00140600,14949804.00000000,0.00140700,1080894.00000000,0.00140800,13918.00000000,0.00140900,589260.00000000,0.00141000,1404892.00000000,0.00141100,199499.00000000,0.03129,14,0.03128,167,0.03126,15,0.03125,167,0.03123,14,0.03122,167,0.03121,52,0.0312,14,0.03119,182,0.03117,15,0.03134,14,0.03135,76,0.03136,74,0.03138,15,0.03139,167,0.03144,14,0.03145,167,0.03146,14,0.03151,182,0.03156,14
binance,gate,FUNUSDT,0.00140200,0.03129,2131.8117,1774060311265,,,,,,,,,,0.00005,0.00005,,0.00139900,383731.00000000,0.00139800,205148.00000000,0.00139700,963490.00000000,0.00139600,50110.00000000,0.00139500,47985.00000000,0.00139400,576752.00000000,0.00139300,47901.00000000,0.00139200,726567.00000000,0.00139100,1177435.00000000,0.00139000,1267081.00000000,0.00140200,197348.00000000,0.00140300,933011.00000000,0.00140400,50582.00000000,0.00140500,427029.00000000,0.00140600,14949804.00000000,0.00140700,1080894.00000000,0.00140800,13918.00000000,0.00140900,589260.00000000,0.00141000,1404892.00000000,0.00141100,199499.00000000,0.03129,14,0.03128,167,0.03126,15,0.03125,167,0.03123,14,0.03122,167,0.03121,52,0.0312,14,0.03119,182,0.03117,15,0.03134,14,0.03135,76,0.03136,74,0.03138,15,0.03139,167,0.03144,14,0.03145,167,0.03146,14,0.03151,182,0.03156,14
binance,gate,FUNUSDT,0.00140200,0.03129,2131.8117,1774060311565,,,,,,,,,,0.00005,0.00005,,0.00139900,383731.00000000,0.00139800,205148.00000000,0.00139700,963490.00000000,0.00139600,50110.00000000,0.00139500,47985.00000000,0.00139400,576752.00000000,0.00139300,47901.00000000,0.00139200,726567.00000000,0.00139100,1177435.00000000,0.00139000,1267081.00000000,0.00140200,197348.00000000,0.00140300,933011.00000000,0.00140400,50582.00000000,0.00140500,427029.00000000,0.00140600,14949804.00000000,0.00140700,1080894.00000000,0.00140800,13918.00000000,0.00140900,589260.00000000,0.00141000,1404892.00000000,0.00141100,199499.00000000,0.03129,14,0.03128,167,0.03126,15,0.03125,167,0.03123,14,0.03122,167,0.03121,52,0.0312,14,0.03119,182,0.03117,15,0.03134,14,0.03135,76,0.03136,74,0.03138,15,0.03139,167,0.03144,14,0.03145,167,0.03146,14,0.03151,182,0.03156,14
binance,gate,FUNUSDT,0.00140200,0.03129,2131.8117,1774060311865,,,,,,,,,,0.00005,0.00005,,0.00139900,383731.00000000,0.00139800,205148.00000000,0.00139700,963490.00000000,0.00139600,50110.00000000,0.00139500,47985.00000000,0.00139400,576752.00000000,0.00139300,47901.00000000,0.00139200,726567.00000000,0.00139100,1177435.00000000,0.00139000,1267081.00000000,0.00140200,197348.00000000,0.00140300,933011.00000000,0.00140400,50582.00000000,0.00140500,427029.00000000,0.00140600,14949804.00000000,0.00140700,1080894.00000000,0.00140800,13918.00000000,0.00140900,589260.00000000,0.00141000,1404892.00000000,0.00141100,199499.00000000,0.03129,14,0.03128,167,0.03126,15,0.03125,167,0.03123,14,0.03122,167,0.03121,52,0.0312,14,0.03119,182,0.03117,15,0.03134,14,0.03135,76,0.03136,74,0.03138,15,0.03139,167,0.03144,14,0.03145,167,0.03146,14,0.03151,182,0.03156,14
binance,gate,FUNUSDT,0.00140200,0.03129,2131.8117,1774060312165,,,,,,,,,,0.00005,0.00005,,0.00139900,383731.00000000,0.00139800,205148.00000000,0.00139700,963490.00000000,0.00139600,50110.00000000,0.00139500,47985.00000000,0.00139400,576752.00000000,0.00139300,47901.00000000,0.00139200,726567.00000000,0.00139100,1177435.00000000,0.00139000,1267081.00000000,0.00140200,197348.00000000,0.00140300,933011.00000000,0.00140400,50582.00000000,0.00140500,427029.00000000,0.00140600,14949804.00000000,0.00140700,1080894.00000000,0.00140800,13918.00000000,0.00140900,589260.00000000,0.00141000,1404892.00000000,0.00141100,199499.00000000,0.03129,14,0.03128,167,0.03126,15,0.03125,167,0.03123,14,0.03122,167,0.03121,52,0.0312,14,0.03119,182,0.03117,15,0.03134,14,0.03135,76,0.03136,74,0.03138,15,0.03139,167,0.03144,14,0.03145,167,0.03146,14,0.03151,182,0.03156,14
binance,gate,FUNUSDT,0.00140200,0.03129,2131.8117,1774060312465,,,,,,,,,,0.00005,0.00005,,0.00139900,383731.00000000,0.00139800,205148.00000000,0.00139700,963490.00000000,0.00139600,50110.00000000,0.00139500,47985.00000000,0.00139400,576752.00000000,0.00139300,47901.00000000,0.00139200,726567.00000000,0.00139100,1177435.00000000,0.00139000,1267081.00000000,0.00140200,197348.00000000,0.00140300,933011.00000000,0.00140400,50582.00000000,0.00140500,427029.00000000,0.00140600,14949804.00000000,0.00140700,1080894.00000000,0.00140800,13918.00000000,0.00140900,589260.00000000,0.00141000,1404892.00000000,0.00141100,199499.00000000,0.03129,14,0.03128,167,0.03126,15,0.03125,167,0.03123,14,0.03122,167,0.03121,52,0.0312,14,0.03119,182,0.03117,15,0.03134,14,0.03135,76,0.03136,74,0.03138,15,0.03139,167,0.03144,14,0.03145,167,0.03146,14,0.03151,182,0.03156,14
binance,gate,FUNUSDT,0.00140200,0.03129,2131.8117,1774060312766,,,,,,,,,,0.00005,0.00005,,0.00139900,383731.00000000,0.00139800,205148.00000000,0.00139700,963490.00000000,0.00139600,50110.00000000,0.00139500,47985.00000000,0.00139400,576752.00000000,0.00139300,47901.00000000,0.00139200,726567.00000000,0.00139100,1177435.00000000,0.00139000,1267081.00000000,0.00140200,197348.00000000,0.00140300,933011.00000000,0.00140400,50582.00000000,0.00140500,427029.00000000,0.00140600,14949804.00000000,0.00140700,1080894.00000000,0.00140800,13918.00000000,0.00140900,589260.00000000,0.00141000,1404892.00000000,0.00141100,199499.00000000,0.03129,14,0.03128,167,0.03126,15,0.03125,167,0.03123,14,0.03122,167,0.03121,52,0.0312,14,0.03119,182,0.03117,15,0.03134,14,0.03135,76,0.03136,74,0.03138,15,0.03139,167,0.03144,14,0.03145,167,0.03146,14,0.03151,182,0.03156,14
binance,gate,FUNUSDT,0.00140200,0.03129,2131.8117,1774060313066,,,,,,,,,,0.00005,0.00005,,0.00139900,383731.00000000,0.00139800,205148.00000000,0.00139700,963490.00000000,0.00139600,50110.00000000,0.00139500,47985.00000000,0.00139400,576752.00000000,0.00139300,47901.00000000,0.00139200,726567.00000000,0.00139100,1177435.00000000,0.00139000,1267081.00000000,0.00140200,197348.00000000,0.00140300,933011.00000000,0.00140400,50582.00000000,0.00140500,427029.00000000,0.00140600,14949804.00000000,0.00140700,1080894.00000000,0.00140800,13918.00000000,0.00140900,589260.00000000,0.00141000,1404892.00000000,0.00141100,199499.00000000,0.03129,14,0.03128,167,0.03126,15,0.03125,167,0.03123,14,0.03122,167,0.03121,52,0.0312,14,0.03119,182,0.03117,15,0.03134,14,0.03135,76,0.03136,74,0.03138,15,0.03139,167,0.03144,14,0.03145,167,0.03146,14,0.03151,182,0.03156,14
binance,gate,FUNUSDT,0.00140200,0.03129,2131.8117,1774060313366,,,,,,,,,,0.00005,0.00005,,0.00139900,383731.00000000,0.00139800,205148.00000000,0.00139700,963490.00000000,0.00139600,50110.00000000,0.00139500,47985.00000000,0.00139400,576752.00000000,0.00139300,47901.00000000,0.00139200,726567.00000000,0.00139100,1177435.00000000,0.00139000,1267081.00000000,0.00140200,197348.00000000,0.00140300,933011.00000000,0.00140400,50582.00000000,0.00140500,427029.00000000,0.00140600,14949804.00000000,0.00140700,1080894.00000000,0.00140800,13918.00000000,0.00140900,589260.00000000,0.00141000,1404892.00000000,0.00141100,199499.00000000,0.03129,14,0.03128,167,0.03126,15,0.03125,167,0.03123,14,0.03122,167,0.03121,52,0.0312,14,0.03119,182,0.03117,15,0.03134,14,0.03135,76,0.03136,74,0.03138,15,0.03139,167,0.03144,14,0.03145,167,0.03146,14,0.03151,182,0.03156,14
binance,gate,FUNUSDT,0.00140200,0.03129,2131.8117,1774060313666,,,,,,,,,,0.00005,0.00005,,0.00139900,383731.00000000,0.00139800,205148.00000000,0.00139700,963490.00000000,0.00139600,50110.00000000,0.00139500,47985.00000000,0.00139400,576752.00000000,0.00139300,47901.00000000,0.00139200,726567.00000000,0.00139100,1177435.00000000,0.00139000,1267081.00000000,0.00140200,197348.00000000,0.00140300,933011.00000000,0.00140400,50582.00000000,0.00140500,427029.00000000,0.00140600,14949804.00000000,0.00140700,1080894.00000000,0.00140800,13918.00000000,0.00140900,589260.00000000,0.00141000,1404892.00000000,0.00141100,199499.00000000,0.03129,14,0.03128,167,0.03126,15,0.03125,167,0.03123,14,0.03122,167,0.03121,52,0.0312,14,0.03119,182,0.03117,15,0.03134,14,0.03135,76,0.03136,74,0.03138,15,0.03139,167,0.03144,14,0.03145,167,0.03146,14,0.03151,182,0.03156,14
binance,gate,FUNUSDT,0.00140200,0.03129,2131.8117,1774060313967,,,,,,,,,,0.00005,0.00005,,0.00139900,383731.00000000,0.00139800,205148.00000000,0.00139700,963490.00000000,0.00139600,50110.00000000,0.00139500,47985.00000000,0.00139400,576752.00000000,0.00139300,47901.00000000,0.00139200,726567.00000000,0.00139100,1177435.00000000,0.00139000,1267081.00000000,0.00140200,197348.00000000,0.00140300,933011.00000000,0.00140400,50582.00000000,0.00140500,427029.00000000,0.00140600,14949804.00000000,0.00140700,1080894.00000000,0.00140800,13918.00000000,0.00140900,589260.00000000,0.00141000,1404892.00000000,0.00141100,199499.00000000,0.03129,14,0.03128,167,0.03126,15,0.03125,167,0.03123,14,0.03122,167,0.03121,52,0.0312,14,0.03119,182,0.03117,15,0.03134,14,0.03135,76,0.03136,74,0.03138,15,0.03139,167,0.03144,14,0.03145,167,0.03146,14,0.03151,182,0.03156,14
binance,gate,FUNUSDT,0.00140200,0.03129,2131.8117,1774060314267,,,,,,,,,,0.00005,0.00005,,0.00139900,383731.00000000,0.00139800,205148.00000000,0.00139700,963490.00000000,0.00139600,50110.00000000,0.00139500,47985.00000000,0.00139400,576752.00000000,0.00139300,47901.00000000,0.00139200,726567.00000000,0.00139100,1177435.00000000,0.00139000,1267081.00000000,0.00140200,197348.00000000,0.00140300,933011.00000000,0.00140400,50582.00000000,0.00140500,427029.00000000,0.00140600,14949804.00000000,0.00140700,1080894.00000000,0.00140800,13918.00000000,0.00140900,589260.00000000,0.00141000,1404892.00000000,0.00141100,199499.00000000,0.03129,14,0.03128,167,0.03126,15,0.03125,167,0.03123,14,0.03122,167,0.03121,52,0.0312,14,0.03119,182,0.03117,15,0.03134,14,0.03135,76,0.03136,74,0.03138,15,0.03139,167,0.03144,14,0.03145,167,0.03146,14,0.03151,182,0.03156,14
binance,gate,FUNUSDT,0.00140200,0.03129,2131.8117,1774060314567,,,,,,,,,,0.00005,0.00005,,0.00139900,383731.00000000,0.00139800,205148.00000000,0.00139700,963490.00000000,0.00139600,50110.00000000,0.00139500,47985.00000000,0.00139400,576752.00000000,0.00139300,47901.00000000,0.00139200,726567.00000000,0.00139100,1177435.00000000,0.00139000,1267081.00000000,0.00140200,197348.00000000,0.00140300,933011.00000000,0.00140400,50582.00000000,0.00140500,427029.00000000,0.00140600,14949804.00000000,0.00140700,1080894.00000000,0.00140800,13918.00000000,0.00140900,589260.00000000,0.00141000,1404892.00000000,0.00141100,199499.00000000,0.03129,14,0.03128,167,0.03126,15,0.03125,167,0.03123,14,0.03122,167,0.03121,52,0.0312,14,0.03119,182,0.03117,15,0.03134,14,0.03135,76,0.03136,74,0.03138,15,0.03139,167,0.03144,14,0.03145,167,0.03146,14,0.03151,182,0.03156,14
binance,gate,FUNUSDT,0.00140200,0.03129,2131.8117,1774060314867,,,,,,,,,,0.00005,0.00005,,0.00139900,383731.00000000,0.00139800,205148.00000000,0.00139700,963490.00000000,0.00139600,50110.00000000,0.00139500,47985.00000000,0.00139400,576752.00000000,0.00139300,47901.00000000,0.00139200,726567.00000000,0.00139100,1177435.00000000,0.00139000,1267081.00000000,0.00140200,197348.00000000,0.00140300,933011.00000000,0.00140400,50582.00000000,0.00140500,427029.00000000,0.00140600,14949804.00000000,0.00140700,1080894.00000000,0.00140800,13918.00000000,0.00140900,589260.00000000,0.00141000,1404892.00000000,0.00141100,199499.00000000,0.03129,14,0.03128,167,0.03126,15,0.03125,167,0.03123,14,0.03122,167,0.03121,52,0.0312,14,0.03119,182,0.03117,15,0.03134,14,0.03135,76,0.03136,74,0.03138,15,0.03139,167,0.03144,14,0.03145,167,0.03146,14,0.03151,182,0.03156,14
binance,gate,FUNUSDT,0.00140200,0.03129,2131.8117,1774060315167,,,,,,,,,,0.00005,0.00005,,0.00139900,383731.00000000,0.00139800,205148.00000000,0.00139700,963490.00000000,0.00139600,50110.00000000,0.00139500,47985.00000000,0.00139400,576752.00000000,0.00139300,47901.00000000,0.00139200,726567.00000000,0.00139100,1177435.00000000,0.00139000,1267081.00000000,0.00140200,197348.00000000,0.00140300,933011.00000000,0.00140400,50582.00000000,0.00140500,427029.00000000,0.00140600,14949804.00000000,0.00140700,1080894.00000000,0.00140800,13918.00000000,0.00140900,589260.00000000,0.00141000,1404892.00000000,0.00141100,199499.00000000,0.03129,14,0.03128,167,0.03126,15,0.03125,167,0.03123,14,0.03122,167,0.03121,52,0.0312,14,0.03119,182,0.03117,15,0.03134,14,0.03135,76,0.03136,74,0.03138,15,0.03139,167,0.03144,14,0.03145,167,0.03146,14,0.03151,182,0.03156,14
binance,gate,FUNUSDT,0.00140200,0.03129,2131.8117,1774060315468,,,,,,,,,,0.00005,0.00005,,0.00139900,383731.00000000,0.00139800,205148.00000000,0.00139700,963490.00000000,0.00139600,50110.00000000,0.00139500,47985.00000000,0.00139400,576752.00000000,0.00139300,47901.00000000,0.00139200,726567.00000000,0.00139100,1177435.00000000,0.00139000,1267081.00000000,0.00140200,197348.00000000,0.00140300,933011.00000000,0.00140400,50582.00000000,0.00140500,427029.00000000,0.00140600,14949804.00000000,0.00140700,1080894.00000000,0.00140800,13918.00000000,0.00140900,589260.00000000,0.00141000,1404892.00000000,0.00141100,199499.00000000,0.03129,14,0.03128,167,0.03126,15,0.03125,167,0.03123,14,0.03122,167,0.03121,52,0.0312,14,0.03119,182,0.03117,15,0.03134,14,0.03135,76,0.03136,74,0.03138,15,0.03139,167,0.03144,14,0.03145,167,0.03146,14,0.03151,182,0.03156,14
binance,gate,FUNUSDT,0.00140200,0.03129,2131.8117,1774060315768,,,,,,,,,,0.00005,0.00005,,0.00139900,383731.00000000,0.00139800,205148.00000000,0.00139700,963490.00000000,0.00139600,50110.00000000,0.00139500,47985.00000000,0.00139400,576752.00000000,0.00139300,47901.00000000,0.00139200,726567.00000000,0.00139100,1177435.00000000,0.00139000,1267081.00000000,0.00140200,197348.00000000,0.00140300,933011.00000000,0.00140400,50582.00000000,0.00140500,427029.00000000,0.00140600,14949804.00000000,0.00140700,1080894.00000000,0.00140800,13918.00000000,0.00140900,589260.00000000,0.00141000,1404892.00000000,0.00141100,199499.00000000,0.03129,14,0.03128,167,0.03126,15,0.03125,167,0.03123,14,0.03122,167,0.03121,52,0.0312,14,0.03119,182,0.03117,15,0.03134,14,0.03135,76,0.03136,74,0.03138,15,0.03139,167,0.03144,14,0.03145,167,0.03146,14,0.03151,182,0.03156,14
binance,gate,FUNUSDT,0.00140200,0.03129,2131.8117,1774060316068,,,,,,,,,,0.00005,0.00005,,0.00139900,383731.00000000,0.00139800,205148.00000000,0.00139700,963490.00000000,0.00139600,50110.00000000,0.00139500,47985.00000000,0.00139400,576752.00000000,0.00139300,47901.00000000,0.00139200,726567.00000000,0.00139100,1177435.00000000,0.00139000,1267081.00000000,0.00140200,197348.00000000,0.00140300,933011.00000000,0.00140400,50582.00000000,0.00140500,427029.00000000,0.00140600,14949804.00000000,0.00140700,1080894.00000000,0.00140800,13918.00000000,0.00140900,589260.00000000,0.00141000,1404892.00000000,0.00141100,199499.00000000,0.03129,14,0.03128,167,0.03126,15,0.03125,167,0.03123,14,0.03122,167,0.03121,52,0.0312,14,0.03119,182,0.03117,15,0.03134,14,0.03135,76,0.03136,74,0.03138,15,0.03139,167,0.03144,14,0.03145,167,0.03146,14,0.03151,182,0.03156,14
binance,gate,FUNUSDT,0.00140200,0.03129,2131.8117,1774060316368,,,,,,,,,,0.00005,0.00005,,0.00139900,383731.00000000,0.00139800,205148.00000000,0.00139700,963490.00000000,0.00139600,50110.00000000,0.00139500,47985.00000000,0.00139400,576752.00000000,0.00139300,47901.00000000,0.00139200,726567.00000000,0.00139100,1177435.00000000,0.00139000,1267081.00000000,0.00140200,197348.00000000,0.00140300,933011.00000000,0.00140400,50582.00000000,0.00140500,427029.00000000,0.00140600,14949804.00000000,0.00140700,1080894.00000000,0.00140800,13918.00000000,0.00140900,589260.00000000,0.00141000,1404892.00000000,0.00141100,199499.00000000,0.03129,14,0.03128,167,0.03126,15,0.03125,167,0.03123,14,0.03122,167,0.03121,52,0.0312,14,0.03119,182,0.03117,15,0.03134,14,0.03135,76,0.03136,74,0.03138,15,0.03139,167,0.03144,14,0.03145,167,0.03146,14,0.03151,182,0.03156,14
binance,gate,FUNUSDT,0.00140200,0.03129,2131.8117,1774060316668,,,,,,,,,,0.00005,0.00005,,0.00139900,383731.00000000,0.00139800,205148.00000000,0.00139700,963490.00000000,0.00139600,50110.00000000,0.00139500,47985.00000000,0.00139400,576752.00000000,0.00139300,47901.00000000,0.00139200,726567.00000000,0.00139100,1177435.00000000,0.00139000,1267081.00000000,0.00140200,197348.00000000,0.00140300,933011.00000000,0.00140400,50582.00000000,0.00140500,427029.00000000,0.00140600,14949804.00000000,0.00140700,1080894.00000000,0.00140800,13918.00000000,0.00140900,589260.00000000,0.00141000,1404892.00000000,0.00141100,199499.00000000,0.03129,14,0.03128,167,0.03126,15,0.03125,167,0.03123,14,0.03122,167,0.03121,52,0.0312,14,0.03119,182,0.03117,15,0.03134,14,0.03135,76,0.03136,74,0.03138,15,0.03139,167,0.03144,14,0.03145,167,0.03146,14,0.03151,182,0.03156,14
binance,gate,FUNUSDT,0.00140200,0.03129,2131.8117,1774060316969,,,,,,,,,,0.00005,0.00005,,0.00139900,383731.00000000,0.00139800,205148.00000000,0.00139700,963490.00000000,0.00139600,50110.00000000,0.00139500,47985.00000000,0.00139400,576752.00000000,0.00139300,47901.00000000,0.00139200,726567.00000000,0.00139100,1177435.00000000,0.00139000,1267081.00000000,0.00140200,197348.00000000,0.00140300,933011.00000000,0.00140400,50582.00000000,0.00140500,427029.00000000,0.00140600,14949804.00000000,0.00140700,1080894.00000000,0.00140800,13918.00000000,0.00140900,589260.00000000,0.00141000,1404892.00000000,0.00141100,199499.00000000,0.03129,14,0.03128,167,0.03126,15,0.03125,167,0.03123,14,0.03122,167,0.03121,52,0.0312,14,0.03119,182,0.03117,15,0.03134,14,0.03135,76,0.03136,74,0.03138,15,0.03139,167,0.03144,14,0.03145,167,0.03146,14,0.03151,182,0.03156,14
binance,gate,FUNUSDT,0.00140200,0.03129,2131.8117,1774060317269,,,,,,,,,,0.00005,0.00005,,0.00139900,383731.00000000,0.00139800,205148.00000000,0.00139700,963490.00000000,0.00139600,50110.00000000,0.00139500,47985.00000000,0.00139400,576752.00000000,0.00139300,47901.00000000,0.00139200,726567.00000000,0.00139100,1177435.00000000,0.00139000,1267081.00000000,0.00140200,197348.00000000,0.00140300,933011.00000000,0.00140400,50582.00000000,0.00140500,427029.00000000,0.00140600,14949804.00000000,0.00140700,1080894.00000000,0.00140800,13918.00000000,0.00140900,589260.00000000,0.00141000,1404892.00000000,0.00141100,199499.00000000,0.03129,14,0.03128,167,0.03126,15,0.03125,167,0.03123,14,0.03122,167,0.03121,52,0.0312,14,0.03119,182,0.03117,15,0.03134,14,0.03135,76,0.03136,74,0.03138,15,0.03139,167,0.03144,14,0.03145,167,0.03146,14,0.03151,182,0.03156,14
binance,gate,FUNUSDT,0.00140200,0.03129,2131.8117,1774060317569,,,,,,,,,,0.00005,0.00005,,0.00139900,383731.00000000,0.00139800,205148.00000000,0.00139700,963490.00000000,0.00139600,50110.00000000,0.00139500,47985.00000000,0.00139400,576752.00000000,0.00139300,47901.00000000,0.00139200,726567.00000000,0.00139100,1177435.00000000,0.00139000,1267081.00000000,0.00140200,197348.00000000,0.00140300,933011.00000000,0.00140400,50582.00000000,0.00140500,427029.00000000,0.00140600,14949804.00000000,0.00140700,1080894.00000000,0.00140800,13918.00000000,0.00140900,589260.00000000,0.00141000,1404892.00000000,0.00141100,199499.00000000,0.03129,14,0.03128,167,0.03126,15,0.03125,167,0.03123,14,0.03122,167,0.03121,52,0.0312,14,0.03119,182,0.03117,15,0.03134,14,0.03135,76,0.03136,74,0.03138,15,0.03139,167,0.03144,14,0.03145,167,0.03146,14,0.03151,182,0.03156,14
binance,gate,FUNUSDT,0.00140200,0.03129,2131.8117,1774060317869,,,,,,,,,,0.00005,0.00005,,0.00139900,383731.00000000,0.00139800,205148.00000000,0.00139700,963490.00000000,0.00139600,50110.00000000,0.00139500,47985.00000000,0.00139400,576752.00000000,0.00139300,47901.00000000,0.00139200,726567.00000000,0.00139100,1177435.00000000,0.00139000,1267081.00000000,0.00140200,197348.00000000,0.00140300,933011.00000000,0.00140400,50582.00000000,0.00140500,427029.00000000,0.00140600,14949804.00000000,0.00140700,1080894.00000000,0.00140800,13918.00000000,0.00140900,589260.00000000,0.00141000,1404892.00000000,0.00141100,199499.00000000,0.03129,14,0.03128,167,0.03126,15,0.03125,167,0.03123,14,0.03122,167,0.03121,46,0.0312,14,0.03119,182,0.03117,15,0.03134,14,0.03135,76,0.03136,79,0.03138,15,0.03139,167,0.03144,14,0.03145,167,0.03146,14,0.03151,182,0.03156,14
binance,gate,FUNUSDT,0.00140200,0.03129,2131.8117,1774060318169,,,,,,,,,,0.00005,0.00005,,0.00139900,383731.00000000,0.00139800,205148.00000000,0.00139700,963490.00000000,0.00139600,50110.00000000,0.00139500,47985.00000000,0.00139400,576752.00000000,0.00139300,47901.00000000,0.00139200,726567.00000000,0.00139100,1177435.00000000,0.00139000,1267081.00000000,0.00140200,197348.00000000,0.00140300,933011.00000000,0.00140400,50582.00000000,0.00140500,427029.00000000,0.00140600,14949804.00000000,0.00140700,1080894.00000000,0.00140800,13918.00000000,0.00140900,589260.00000000,0.00141000,1404892.00000000,0.00141100,199499.00000000,0.03129,14,0.03128,167,0.03126,15,0.03125,167,0.03123,14,0.03122,167,0.03121,46,0.0312,14,0.03119,182,0.03117,15,0.03134,14,0.03135,76,0.03136,79,0.03138,15,0.03139,167,0.03144,14,0.03145,167,0.03146,14,0.03151,182,0.03156,14
binance,gate,FUNUSDT,0.00140200,0.03129,2131.8117,1774060318469,,,,,,,,,,0.00005,0.00005,,0.00139900,383731.00000000,0.00139800,205148.00000000,0.00139700,963490.00000000,0.00139600,50110.00000000,0.00139500,47985.00000000,0.00139400,576752.00000000,0.00139300,47901.00000000,0.00139200,726567.00000000,0.00139100,1177435.00000000,0.00139000,1267081.00000000,0.00140200,197348.00000000,0.00140300,933011.00000000,0.00140400,50582.00000000,0.00140500,427029.00000000,0.00140600,14949804.00000000,0.00140700,1080894.00000000,0.00140800,13918.00000000,0.00140900,589260.00000000,0.00141000,1404892.00000000,0.00141100,199499.00000000,0.03129,14,0.03128,167,0.03126,15,0.03125,167,0.03123,14,0.03122,167,0.03121,46,0.0312,14,0.03119,182,0.03117,15,0.03134,14,0.03135,76,0.03136,79,0.03138,15,0.03139,167,0.03144,14,0.03145,167,0.03146,14,0.03151,182,0.03156,14
binance,gate,FUNUSDT,0.00140200,0.03129,2131.8117,1774060318770,,,,,,,,,,0.00005,0.00005,,0.00139900,383731.00000000,0.00139800,205148.00000000,0.00139700,963490.00000000,0.00139600,50110.00000000,0.00139500,47985.00000000,0.00139400,576752.00000000,0.00139300,47901.00000000,0.00139200,726567.00000000,0.00139100,1177435.00000000,0.00139000,1267081.00000000,0.00140200,197348.00000000,0.00140300,933011.00000000,0.00140400,50582.00000000,0.00140500,427029.00000000,0.00140600,14949804.00000000,0.00140700,1080894.00000000,0.00140800,13918.00000000,0.00140900,589260.00000000,0.00141000,1404892.00000000,0.00141100,199499.00000000,0.03129,14,0.03128,167,0.03126,15,0.03125,167,0.03123,14,0.03122,167,0.03121,46,0.0312,14,0.03119,182,0.03117,15,0.03134,14,0.03135,76,0.03136,79,0.03138,15,0.03139,167,0.03144,14,0.03145,167,0.03146,14,0.03151,182,0.03156,14
binance,gate,FUNUSDT,0.00140200,0.03129,2131.8117,1774060319070,,,,,,,,,,0.00005,0.00005,,0.00139900,383731.00000000,0.00139800,205148.00000000,0.00139700,963490.00000000,0.00139600,50110.00000000,0.00139500,47985.00000000,0.00139400,576752.00000000,0.00139300,47901.00000000,0.00139200,726567.00000000,0.00139100,1177435.00000000,0.00139000,1267081.00000000,0.00140200,197348.00000000,0.00140300,933011.00000000,0.00140400,50582.00000000,0.00140500,427029.00000000,0.00140600,14949804.00000000,0.00140700,1080894.00000000,0.00140800,13918.00000000,0.00140900,589260.00000000,0.00141000,1404892.00000000,0.00141100,199499.00000000,0.03129,14,0.03128,167,0.03126,15,0.03125,167,0.03123,14,0.03122,167,0.03121,46,0.0312,14,0.03119,182,0.03117,15,0.03134,14,0.03135,76,0.03136,79,0.03138,15,0.03139,167,0.03144,14,0.03145,167,0.03146,14,0.03151,182,0.03156,14
binance,gate,FUNUSDT,0.00140200,0.03129,2131.8117,1774060319370,,,,,,,,,,0.00005,0.00005,,0.00139900,383731.00000000,0.00139800,205148.00000000,0.00139700,963490.00000000,0.00139600,50110.00000000,0.00139500,47985.00000000,0.00139400,576752.00000000,0.00139300,47901.00000000,0.00139200,726567.00000000,0.00139100,1177435.00000000,0.00139000,1267081.00000000,0.00140200,197348.00000000,0.00140300,933011.00000000,0.00140400,50582.00000000,0.00140500,427029.00000000,0.00140600,14949804.00000000,0.00140700,1080894.00000000,0.00140800,13918.00000000,0.00140900,589260.00000000,0.00141000,1404892.00000000,0.00141100,199499.00000000,0.03129,14,0.03128,167,0.03126,15,0.03125,167,0.03123,14,0.03122,167,0.03121,46,0.0312,14,0.03119,182,0.03117,15,0.03134,14,0.03135,76,0.03136,79,0.03138,15,0.03139,167,0.03144,14,0.03145,167,0.03146,14,0.03151,182,0.03156,14
binance,gate,FUNUSDT,0.00140200,0.03129,2131.8117,1774060319670,,,,,,,,,,0.00005,0.00005,,0.00139900,383731.00000000,0.00139800,205148.00000000,0.00139700,963490.00000000,0.00139600,50110.00000000,0.00139500,47985.00000000,0.00139400,576752.00000000,0.00139300,47901.00000000,0.00139200,726567.00000000,0.00139100,1177435.00000000,0.00139000,1267081.00000000,0.00140200,197348.00000000,0.00140300,933011.00000000,0.00140400,50582.00000000,0.00140500,427029.00000000,0.00140600,14949804.00000000,0.00140700,1080894.00000000,0.00140800,13918.00000000,0.00140900,589260.00000000,0.00141000,1404892.00000000,0.00141100,199499.00000000,0.03129,14,0.03128,167,0.03126,15,0.03125,167,0.03123,14,0.03122,167,0.03121,46,0.0312,14,0.03119,182,0.03117,15,0.03134,14,0.03135,76,0.03136,79,0.03138,15,0.03139,167,0.03144,14,0.03145,167,0.03146,14,0.03151,182,0.03156,14
binance,gate,FUNUSDT,0.00140200,0.03129,2131.8117,1774060319971,,,,,,,,,,0.00005,0.00005,,0.00139900,383731.00000000,0.00139800,205148.00000000,0.00139700,963490.00000000,0.00139600,50110.00000000,0.00139500,47985.00000000,0.00139400,576752.00000000,0.00139300,47901.00000000,0.00139200,726567.00000000,0.00139100,1177435.00000000,0.00139000,1267081.00000000,0.00140200,197348.00000000,0.00140300,933011.00000000,0.00140400,50582.00000000,0.00140500,427029.00000000,0.00140600,14949804.00000000,0.00140700,1080894.00000000,0.00140800,13918.00000000,0.00140900,589260.00000000,0.00141000,1404892.00000000,0.00141100,199499.00000000,0.03129,14,0.03128,167,0.03126,15,0.03125,167,0.03123,14,0.03122,167,0.03121,46,0.0312,14,0.03119,182,0.03117,15,0.03134,14,0.03135,76,0.03136,79,0.03138,15,0.03139,167,0.03144,14,0.03145,167,0.03146,14,0.03151,182,0.03156,14
binance,gate,FUNUSDT,0.00140200,0.03129,2131.8117,1774060320276,,,,,,,,,,0.00005,0.00005,,0.00139900,383731.00000000,0.00139800,205148.00000000,0.00139700,963490.00000000,0.00139600,50110.00000000,0.00139500,47985.00000000,0.00139400,576752.00000000,0.00139300,47901.00000000,0.00139200,726567.00000000,0.00139100,1177435.00000000,0.00139000,1267081.00000000,0.00140200,197348.00000000,0.00140300,933011.00000000,0.00140400,50582.00000000,0.00140500,427029.00000000,0.00140600,14949804.00000000,0.00140700,1080894.00000000,0.00140800,13918.00000000,0.00140900,589260.00000000,0.00141000,1404892.00000000,0.00141100,199499.00000000,0.03129,14,0.03128,167,0.03126,15,0.03125,167,0.03123,14,0.03122,167,0.03121,46,0.0312,14,0.03119,182,0.03117,15,0.03134,14,0.03135,76,0.03136,79,0.03138,15,0.03139,167,0.03144,14,0.03145,167,0.03146,14,0.03151,182,0.03156,14
binance,gate,FUNUSDT,0.00140200,0.03129,2131.8117,1774060320576,,,,,,,,,,0.00005,0.00005,,0.00139900,383731.00000000,0.00139800,205148.00000000,0.00139700,963490.00000000,0.00139600,50110.00000000,0.00139500,47985.00000000,0.00139400,576752.00000000,0.00139300,47901.00000000,0.00139200,726567.00000000,0.00139100,1177435.00000000,0.00139000,1267081.00000000,0.00140200,197348.00000000,0.00140300,933011.00000000,0.00140400,50582.00000000,0.00140500,427029.00000000,0.00140600,14949804.00000000,0.00140700,1080894.00000000,0.00140800,13918.00000000,0.00140900,589260.00000000,0.00141000,1404892.00000000,0.00141100,199499.00000000,0.03129,14,0.03128,167,0.03126,15,0.03125,167,0.03123,14,0.03122,167,0.03121,46,0.0312,14,0.03119,182,0.03117,15,0.03134,14,0.03135,76,0.03136,79,0.03138,15,0.03139,167,0.03144,14,0.03145,167,0.03146,14,0.03151,182,0.03156,14
binance,gate,FUNUSDT,0.00140200,0.03129,2131.8117,1774060320887,,,,,,,,,,0.00005,0.00005,,0.00139900,383731.00000000,0.00139800,205148.00000000,0.00139700,963490.00000000,0.00139600,50110.00000000,0.00139500,47985.00000000,0.00139400,576752.00000000,0.00139300,47901.00000000,0.00139200,726567.00000000,0.00139100,1177435.00000000,0.00139000,1267081.00000000,0.00140200,197348.00000000,0.00140300,933011.00000000,0.00140400,50582.00000000,0.00140500,427029.00000000,0.00140600,14949804.00000000,0.00140700,1080894.00000000,0.00140800,13918.00000000,0.00140900,589260.00000000,0.00141000,1404892.00000000,0.00141100,199499.00000000,0.03129,14,0.03128,167,0.03126,15,0.03125,167,0.03123,14,0.03122,167,0.03121,46,0.0312,14,0.03119,182,0.03117,15,0.03134,14,0.03135,76,0.03136,79,0.03138,15,0.03139,167,0.03144,14,0.03145,167,0.03146,14,0.03151,182,0.03156,14
binance,gate,FUNUSDT,0.00140200,0.03129,2131.8117,1774060321191,,,,,,,,,,0.00005,0.00005,,0.00139900,383731.00000000,0.00139800,205148.00000000,0.00139700,963490.00000000,0.00139600,50110.00000000,0.00139500,47985.00000000,0.00139400,576752.00000000,0.00139300,47901.00000000,0.00139200,726567.00000000,0.00139100,1177435.00000000,0.00139000,1267081.00000000,0.00140200,197348.00000000,0.00140300,933011.00000000,0.00140400,50582.00000000,0.00140500,427029.00000000,0.00140600,14949804.00000000,0.00140700,1080894.00000000,0.00140800,13918.00000000,0.00140900,589260.00000000,0.00141000,1404892.00000000,0.00141100,199499.00000000,0.03129,14,0.03128,167,0.03126,15,0.03125,167,0.03123,14,0.03122,167,0.03121,46,0.0312,14,0.03119,182,0.03117,15,0.03134,14,0.03135,76,0.03136,79,0.03138,15,0.03139,167,0.03144,14,0.03145,167,0.03146,14,0.03151,182,0.03156,14
binance,gate,FUNUSDT,0.00140200,0.03129,2131.8117,1774060321492,,,,,,,,,,0.00005,0.00005,,0.00139900,383731.00000000,0.00139800,205148.00000000,0.00139700,963490.00000000,0.00139600,50110.00000000,0.00139500,47985.00000000,0.00139400,576752.00000000,0.00139300,47901.00000000,0.00139200,726567.00000000,0.00139100,1177435.00000000,0.00139000,1267081.00000000,0.00140200,197348.00000000,0.00140300,933011.00000000,0.00140400,50582.00000000,0.00140500,427029.00000000,0.00140600,14949804.00000000,0.00140700,1080894.00000000,0.00140800,13918.00000000,0.00140900,589260.00000000,0.00141000,1404892.00000000,0.00141100,199499.00000000,0.03129,14,0.03128,167,0.03126,15,0.03125,167,0.03123,14,0.03122,167,0.03121,46,0.0312,14,0.03119,182,0.03117,15,0.03134,14,0.03135,76,0.03136,79,0.03138,15,0.03139,167,0.03144,14,0.03145,167,0.03146,14,0.03151,182,0.03156,14
binance,gate,FUNUSDT,0.00140200,0.03129,2131.8117,1774060321792,,,,,,,,,,0.00005,0.00005,,0.00139900,383731.00000000,0.00139800,205148.00000000,0.00139700,963490.00000000,0.00139600,50110.00000000,0.00139500,47985.00000000,0.00139400,576752.00000000,0.00139300,47901.00000000,0.00139200,726567.00000000,0.00139100,1177435.00000000,0.00139000,1267081.00000000,0.00140200,197348.00000000,0.00140300,933011.00000000,0.00140400,50582.00000000,0.00140500,427029.00000000,0.00140600,14949804.00000000,0.00140700,1080894.00000000,0.00140800,13918.00000000,0.00140900,589260.00000000,0.00141000,1404892.00000000,0.00141100,199499.00000000,0.03129,14,0.03128,167,0.03126,15,0.03125,167,0.03123,14,0.03122,167,0.03121,46,0.0312,14,0.03119,182,0.03117,15,0.03134,14,0.03135,76,0.03136,79,0.03138,15,0.03139,167,0.03144,14,0.03145,167,0.03146,14,0.03151,182,0.03156,14
binance,gate,FUNUSDT,0.00140200,0.03129,2131.8117,1774060322092,,,,,,,,,,0.00005,0.00005,,0.00139900,383731.00000000,0.00139800,205148.00000000,0.00139700,963490.00000000,0.00139600,50110.00000000,0.00139500,47985.00000000,0.00139400,576752.00000000,0.00139300,47901.00000000,0.00139200,726567.00000000,0.00139100,1177435.00000000,0.00139000,1267081.00000000,0.00140200,197348.00000000,0.00140300,933011.00000000,0.00140400,50582.00000000,0.00140500,427029.00000000,0.00140600,14949804.00000000,0.00140700,1080894.00000000,0.00140800,13918.00000000,0.00140900,589260.00000000,0.00141000,1404892.00000000,0.00141100,199499.00000000,0.03129,14,0.03128,167,0.03126,15,0.03125,167,0.03123,14,0.03122,167,0.03121,46,0.0312,14,0.03119,182,0.03117,15,0.03134,14,0.03135,76,0.03136,79,0.03138,15,0.03139,167,0.03144,14,0.03145,167,0.03146,14,0.03151,182,0.03156,14
binance,gate,FUNUSDT,0.00140200,0.03129,2131.8117,1774060322392,,,,,,,,,,0.00005,0.00005,,0.00139900,383731.00000000,0.00139800,205148.00000000,0.00139700,963490.00000000,0.00139600,50110.00000000,0.00139500,47985.00000000,0.00139400,576752.00000000,0.00139300,47901.00000000,0.00139200,726567.00000000,0.00139100,1177435.00000000,0.00139000,1267081.00000000,0.00140200,197348.00000000,0.00140300,933011.00000000,0.00140400,50582.00000000,0.00140500,427029.00000000,0.00140600,14949804.00000000,0.00140700,1080894.00000000,0.00140800,13918.00000000,0.00140900,589260.00000000,0.00141000,1404892.00000000,0.00141100,199499.00000000,0.03129,14,0.03128,167,0.03126,15,0.03125,167,0.03123,14,0.03122,167,0.03121,46,0.0312,14,0.03119,182,0.03117,15,0.03134,14,0.03135,76,0.03136,79,0.03138,15,0.03139,167,0.03144,14,0.03145,167,0.03146,14,0.03151,182,0.03156,14
binance,gate,FUNUSDT,0.00140200,0.03129,2131.8117,1774060322692,,,,,,,,,,0.00005,0.00005,,0.00139900,383731.00000000,0.00139800,205148.00000000,0.00139700,963490.00000000,0.00139600,50110.00000000,0.00139500,47985.00000000,0.00139400,576752.00000000,0.00139300,47901.00000000,0.00139200,726567.00000000,0.00139100,1177435.00000000,0.00139000,1267081.00000000,0.00140200,197348.00000000,0.00140300,933011.00000000,0.00140400,50582.00000000,0.00140500,427029.00000000,0.00140600,14949804.00000000,0.00140700,1080894.00000000,0.00140800,13918.00000000,0.00140900,589260.00000000,0.00141000,1404892.00000000,0.00141100,199499.00000000,0.03129,14,0.03128,167,0.03126,15,0.03125,167,0.03123,14,0.03122,167,0.03121,46,0.0312,14,0.03119,182,0.03117,15,0.03134,14,0.03135,76,0.03136,79,0.03138,15,0.03139,167,0.03144,14,0.03145,167,0.03146,14,0.03151,182,0.03156,14
binance,gate,FUNUSDT,0.00140200,0.03129,2131.8117,1774060322993,,,,,,,,,,0.00005,0.00005,,0.00139900,383731.00000000,0.00139800,205148.00000000,0.00139700,963490.00000000,0.00139600,50110.00000000,0.00139500,47985.00000000,0.00139400,576752.00000000,0.00139300,47901.00000000,0.00139200,726567.00000000,0.00139100,1177435.00000000,0.00139000,1267081.00000000,0.00140200,197348.00000000,0.00140300,933011.00000000,0.00140400,50582.00000000,0.00140500,427029.00000000,0.00140600,14949804.00000000,0.00140700,1080894.00000000,0.00140800,13918.00000000,0.00140900,589260.00000000,0.00141000,1404892.00000000,0.00141100,199499.00000000,0.03129,14,0.03128,167,0.03126,15,0.03125,167,0.03123,14,0.03122,167,0.03121,46,0.0312,14,0.03119,182,0.03117,15,0.03134,14,0.03135,76,0.03136,79,0.03138,15,0.03139,167,0.03144,14,0.03145,167,0.03146,14,0.03151,182,0.03156,14
binance,gate,FUNUSDT,0.00140200,0.03129,2131.8117,1774060323293,,,,,,,,,,0.00005,0.00005,,0.00139900,383731.00000000,0.00139800,205148.00000000,0.00139700,963490.00000000,0.00139600,50110.00000000,0.00139500,47985.00000000,0.00139400,576752.00000000,0.00139300,47901.00000000,0.00139200,726567.00000000,0.00139100,1177435.00000000,0.00139000,1267081.00000000,0.00140200,197348.00000000,0.00140300,933011.00000000,0.00140400,50582.00000000,0.00140500,427029.00000000,0.00140600,14949804.00000000,0.00140700,1080894.00000000,0.00140800,13918.00000000,0.00140900,589260.00000000,0.00141000,1404892.00000000,0.00141100,199499.00000000,0.03129,14,0.03128,167,0.03126,15,0.03125,167,0.03123,14,0.03122,167,0.03121,46,0.0312,14,0.03119,182,0.03117,15,0.03134,14,0.03135,76,0.03136,79,0.03138,15,0.03139,167,0.03144,14,0.03145,167,0.03146,14,0.03151,182,0.03156,14
binance,gate,FUNUSDT,0.00140200,0.03129,2131.8117,1774060323593,,,,,,,,,,0.00005,0.00005,,0.00139900,383731.00000000,0.00139800,205148.00000000,0.00139700,963490.00000000,0.00139600,50110.00000000,0.00139500,47985.00000000,0.00139400,576752.00000000,0.00139300,47901.00000000,0.00139200,726567.00000000,0.00139100,1177435.00000000,0.00139000,1267081.00000000,0.00140200,197348.00000000,0.00140300,933011.00000000,0.00140400,50582.00000000,0.00140500,427029.00000000,0.00140600,14949804.00000000,0.00140700,1080894.00000000,0.00140800,13918.00000000,0.00140900,589260.00000000,0.00141000,1404892.00000000,0.00141100,199499.00000000,0.03129,14,0.03128,167,0.03126,15,0.03125,167,0.03123,14,0.03122,167,0.03121,46,0.0312,14,0.03119,182,0.03117,15,0.03134,14,0.03135,76,0.03136,79,0.03138,15,0.03139,167,0.03144,14,0.03145,167,0.03146,14,0.03151,182,0.03156,14
binance,gate,FUNUSDT,0.00140200,0.03129,2131.8117,1774060323894,,,,,,,,,,0.00005,0.00005,,0.00139900,383731.00000000,0.00139800,205148.00000000,0.00139700,963490.00000000,0.00139600,50110.00000000,0.00139500,47985.00000000,0.00139400,576752.00000000,0.00139300,47901.00000000,0.00139200,726567.00000000,0.00139100,1177435.00000000,0.00139000,1267081.00000000,0.00140200,197348.00000000,0.00140300,933011.00000000,0.00140400,50582.00000000,0.00140500,427029.00000000,0.00140600,14949804.00000000,0.00140700,1080894.00000000,0.00140800,13918.00000000,0.00140900,589260.00000000,0.00141000,1404892.00000000,0.00141100,199499.00000000,0.03129,14,0.03128,167,0.03126,15,0.03125,167,0.03123,14,0.03122,167,0.03121,46,0.0312,14,0.03119,182,0.03117,15,0.03134,14,0.03135,76,0.03136,79,0.03138,15,0.03139,167,0.03144,14,0.03145,167,0.03146,14,0.03151,182,0.03156,14
binance,gate,FUNUSDT,0.00140200,0.03129,2131.8117,1774060324194,,,,,,,,,,0.00005,0.00005,,0.00139900,383731.00000000,0.00139800,205148.00000000,0.00139700,963490.00000000,0.00139600,50110.00000000,0.00139500,47985.00000000,0.00139400,576752.00000000,0.00139300,47901.00000000,0.00139200,726567.00000000,0.00139100,1177435.00000000,0.00139000,1267081.00000000,0.00140200,197348.00000000,0.00140300,933011.00000000,0.00140400,50582.00000000,0.00140500,427029.00000000,0.00140600,14949804.00000000,0.00140700,1080894.00000000,0.00140800,13918.00000000,0.00140900,589260.00000000,0.00141000,1404892.00000000,0.00141100,199499.00000000,0.03129,14,0.03128,167,0.03126,15,0.03125,167,0.03123,14,0.03122,167,0.03121,46,0.0312,14,0.03119,182,0.03117,15,0.03134,14,0.03135,76,0.03136,79,0.03138,15,0.03139,167,0.03144,14,0.03145,167,0.03146,14,0.03151,182,0.03156,14
binance,gate,FUNUSDT,0.00140200,0.03129,2131.8117,1774060324494,,,,,,,,,,0.00005,0.00005,,0.00139900,383731.00000000,0.00139800,205148.00000000,0.00139700,963490.00000000,0.00139600,50110.00000000,0.00139500,47985.00000000,0.00139400,576752.00000000,0.00139300,47901.00000000,0.00139200,726567.00000000,0.00139100,1177435.00000000,0.00139000,1267081.00000000,0.00140200,197348.00000000,0.00140300,933011.00000000,0.00140400,50582.00000000,0.00140500,427029.00000000,0.00140600,14949804.00000000,0.00140700,1080894.00000000,0.00140800,13918.00000000,0.00140900,589260.00000000,0.00141000,1404892.00000000,0.00141100,199499.00000000,0.03129,14,0.03128,167,0.03126,15,0.03125,167,0.03123,14,0.03122,167,0.03121,46,0.0312,14,0.03119,182,0.03117,15,0.03134,14,0.03135,76,0.03136,79,0.03138,15,0.03139,167,0.03144,14,0.03145,167,0.03146,14,0.03151,182,0.03156,14
binance,gate,FUNUSDT,0.00140200,0.03129,2131.8117,1774060324795,,,,,,,,,,0.00005,0.00005,,0.00139900,383731.00000000,0.00139800,205148.00000000,0.00139700,963490.00000000,0.00139600,50110.00000000,0.00139500,47985.00000000,0.00139400,576752.00000000,0.00139300,47901.00000000,0.00139200,726567.00000000,0.00139100,1177435.00000000,0.00139000,1267081.00000000,0.00140200,197348.00000000,0.00140300,933011.00000000,0.00140400,50582.00000000,0.00140500,427029.00000000,0.00140600,14949804.00000000,0.00140700,1080894.00000000,0.00140800,13918.00000000,0.00140900,589260.00000000,0.00141000,1404892.00000000,0.00141100,199499.00000000,0.03129,14,0.03128,167,0.03126,15,0.03125,167,0.03123,14,0.03122,167,0.03121,46,0.0312,14,0.03119,182,0.03117,15,0.03134,14,0.03135,76,0.03136,79,0.03138,15,0.03139,167,0.03144,14,0.03145,167,0.03146,14,0.03151,182,0.03156,14
binance,gate,FUNUSDT,0.00140200,0.03129,2131.8117,1774060325096,,,,,,,,,,0.00005,0.00005,,0.00139900,383731.00000000,0.00139800,205148.00000000,0.00139700,963490.00000000,0.00139600,50110.00000000,0.00139500,47985.00000000,0.00139400,576752.00000000,0.00139300,47901.00000000,0.00139200,726567.00000000,0.00139100,1177435.00000000,0.00139000,1267081.00000000,0.00140200,197348.00000000,0.00140300,933011.00000000,0.00140400,50582.00000000,0.00140500,427029.00000000,0.00140600,14949804.00000000,0.00140700,1080894.00000000,0.00140800,13918.00000000,0.00140900,589260.00000000,0.00141000,1404892.00000000,0.00141100,199499.00000000,0.03129,14,0.03128,167,0.03126,15,0.03125,167,0.03123,14,0.03122,167,0.03121,46,0.0312,14,0.03119,182,0.03117,15,0.03134,14,0.03135,76,0.03136,79,0.03138,15,0.03139,167,0.03144,14,0.03145,167,0.03146,14,0.03151,182,0.03156,14
binance,gate,FUNUSDT,0.00140200,0.03129,2131.8117,1774060325396,,,,,,,,,,0.00005,0.00005,,0.00139900,383731.00000000,0.00139800,205148.00000000,0.00139700,963490.00000000,0.00139600,50110.00000000,0.00139500,47985.00000000,0.00139400,576752.00000000,0.00139300,47901.00000000,0.00139200,726567.00000000,0.00139100,1177435.00000000,0.00139000,1267081.00000000,0.00140200,197348.00000000,0.00140300,933011.00000000,0.00140400,50582.00000000,0.00140500,427029.00000000,0.00140600,14949804.00000000,0.00140700,1080894.00000000,0.00140800,13918.00000000,0.00140900,589260.00000000,0.00141000,1404892.00000000,0.00141100,199499.00000000,0.03129,14,0.03128,167,0.03126,15,0.03125,167,0.03123,14,0.03122,167,0.03121,46,0.0312,14,0.03119,182,0.03117,15,0.03134,14,0.03135,76,0.03136,79,0.03138,15,0.03139,167,0.03144,14,0.03145,167,0.03146,14,0.03151,182,0.03156,14
binance,gate,FUNUSDT,0.00140200,0.03129,2131.8117,1774060325696,,,,,,,,,,0.00005,0.00005,,0.00139900,383731.00000000,0.00139800,205148.00000000,0.00139700,963490.00000000,0.00139600,50110.00000000,0.00139500,47985.00000000,0.00139400,576752.00000000,0.00139300,47901.00000000,0.00139200,726567.00000000,0.00139100,1177435.00000000,0.00139000,1267081.00000000,0.00140200,197348.00000000,0.00140300,933011.00000000,0.00140400,50582.00000000,0.00140500,427029.00000000,0.00140600,14949804.00000000,0.00140700,1080894.00000000,0.00140800,13918.00000000,0.00140900,589260.00000000,0.00141000,1404892.00000000,0.00141100,199499.00000000,0.03129,14,0.03128,167,0.03126,15,0.03125,167,0.03123,14,0.03122,167,0.03121,46,0.0312,14,0.03119,182,0.03117,15,0.03134,14,0.03135,76,0.03136,79,0.03138,15,0.03139,167,0.03144,14,0.03145,167,0.03146,14,0.03151,182,0.03156,14
binance,gate,FUNUSDT,0.00140200,0.03129,2131.8117,1774060325996,,,,,,,,,,0.00005,0.00005,,0.00139900,383731.00000000,0.00139800,205148.00000000,0.00139700,963490.00000000,0.00139600,50110.00000000,0.00139500,47985.00000000,0.00139400,576752.00000000,0.00139300,47901.00000000,0.00139200,726567.00000000,0.00139100,1177435.00000000,0.00139000,1267081.00000000,0.00140200,197348.00000000,0.00140300,933011.00000000,0.00140400,50582.00000000,0.00140500,427029.00000000,0.00140600,14949804.00000000,0.00140700,1080894.00000000,0.00140800,13918.00000000,0.00140900,589260.00000000,0.00141000,1404892.00000000,0.00141100,199499.00000000,0.03129,14,0.03128,167,0.03126,15,0.03125,167,0.03123,14,0.03122,167,0.03121,46,0.0312,14,0.03119,182,0.03117,15,0.03134,14,0.03135,76,0.03136,79,0.03138,15,0.03139,167,0.03144,14,0.03145,167,0.03146,14,0.03151,182,0.03156,14
binance,gate,FUNUSDT,0.00140200,0.03129,2131.8117,1774060326297,,,,,,,,,,0.00005,0.00005,,0.00139900,383731.00000000,0.00139800,205148.00000000,0.00139700,963490.00000000,0.00139600,50110.00000000,0.00139500,47985.00000000,0.00139400,576752.00000000,0.00139300,47901.00000000,0.00139200,726567.00000000,0.00139100,1177435.00000000,0.00139000,1267081.00000000,0.00140200,197348.00000000,0.00140300,933011.00000000,0.00140400,50582.00000000,0.00140500,427029.00000000,0.00140600,14949804.00000000,0.00140700,1080894.00000000,0.00140800,13918.00000000,0.00140900,589260.00000000,0.00141000,1404892.00000000,0.00141100,199499.00000000,0.03129,14,0.03128,167,0.03126,15,0.03125,167,0.03123,14,0.03122,167,0.03121,46,0.0312,14,0.03119,182,0.03117,15,0.03134,14,0.03135,76,0.03136,79,0.03138,15,0.03139,167,0.03144,14,0.03145,167,0.03146,14,0.03151,182,0.03156,14
binance,gate,FUNUSDT,0.00140200,0.03129,2131.8117,1774060326598,,,,,,,,,,0.00005,0.00005,,0.00139900,383731.00000000,0.00139800,205148.00000000,0.00139700,963490.00000000,0.00139600,50110.00000000,0.00139500,47985.00000000,0.00139400,576752.00000000,0.00139300,47901.00000000,0.00139200,726567.00000000,0.00139100,1177435.00000000,0.00139000,1267081.00000000,0.00140200,197348.00000000,0.00140300,933011.00000000,0.00140400,50582.00000000,0.00140500,427029.00000000,0.00140600,14949804.00000000,0.00140700,1080894.00000000,0.00140800,13918.00000000,0.00140900,589260.00000000,0.00141000,1404892.00000000,0.00141100,199499.00000000,0.03129,14,0.03128,167,0.03126,15,0.03125,167,0.03123,14,0.03122,167,0.03121,46,0.0312,14,0.03119,182,0.03117,15,0.03134,14,0.03135,76,0.03136,79,0.03138,15,0.03139,167,0.03144,14,0.03145,167,0.03146,14,0.03151,182,0.03156,14
binance,gate,FUNUSDT,0.00140200,0.03129,2131.8117,1774060326898,,,,,,,,,,0.00005,0.00005,,0.00139900,383731.00000000,0.00139800,205148.00000000,0.00139700,963490.00000000,0.00139600,50110.00000000,0.00139500,47985.00000000,0.00139400,576752.00000000,0.00139300,47901.00000000,0.00139200,726567.00000000,0.00139100,1177435.00000000,0.00139000,1267081.00000000,0.00140200,197348.00000000,0.00140300,933011.00000000,0.00140400,50582.00000000,0.00140500,427029.00000000,0.00140600,14949804.00000000,0.00140700,1080894.00000000,0.00140800,13918.00000000,0.00140900,589260.00000000,0.00141000,1404892.00000000,0.00141100,199499.00000000,0.03129,14,0.03128,167,0.03126,15,0.03125,167,0.03123,14,0.03122,167,0.03121,46,0.0312,14,0.03119,182,0.03117,15,0.03134,14,0.03135,76,0.03136,79,0.03138,15,0.03139,167,0.03144,14,0.03145,167,0.03146,14,0.03151,182,0.03156,14
binance,gate,FUNUSDT,0.00140200,0.03129,2131.8117,1774060327199,,,,,,,,,,0.00005,0.00005,,0.00139900,383731.00000000,0.00139800,205148.00000000,0.00139700,963490.00000000,0.00139600,50110.00000000,0.00139500,47985.00000000,0.00139400,576752.00000000,0.00139300,47901.00000000,0.00139200,726567.00000000,0.00139100,1177435.00000000,0.00139000,1267081.00000000,0.00140200,197348.00000000,0.00140300,933011.00000000,0.00140400,50582.00000000,0.00140500,427029.00000000,0.00140600,14949804.00000000,0.00140700,1080894.00000000,0.00140800,13918.00000000,0.00140900,589260.00000000,0.00141000,1404892.00000000,0.00141100,199499.00000000,0.03129,14,0.03128,167,0.03126,15,0.03125,167,0.03123,14,0.03122,167,0.03121,46,0.0312,14,0.03119,182,0.03117,15,0.03134,14,0.03135,76,0.03136,79,0.03138,15,0.03139,167,0.03144,14,0.03145,167,0.03146,14,0.03151,182,0.03156,14
binance,gate,FUNUSDT,0.00140200,0.03129,2131.8117,1774060327503,,,,,,,,,,0.00005,0.00005,,0.00139900,383731.00000000,0.00139800,205148.00000000,0.00139700,963490.00000000,0.00139600,50110.00000000,0.00139500,47985.00000000,0.00139400,576752.00000000,0.00139300,47901.00000000,0.00139200,726567.00000000,0.00139100,1177435.00000000,0.00139000,1267081.00000000,0.00140200,197348.00000000,0.00140300,933011.00000000,0.00140400,50582.00000000,0.00140500,427029.00000000,0.00140600,14949804.00000000,0.00140700,1080894.00000000,0.00140800,13918.00000000,0.00140900,589260.00000000,0.00141000,1404892.00000000,0.00141100,199499.00000000,0.03129,14,0.03128,167,0.03126,15,0.03125,167,0.03123,14,0.03122,167,0.03121,46,0.0312,14,0.03119,182,0.03117,15,0.03134,14,0.03135,76,0.03136,79,0.03138,15,0.03139,167,0.03144,14,0.03145,167,0.03146,14,0.03151,182,0.03156,14
binance,gate,FUNUSDT,0.00140200,0.03129,2131.8117,1774060327809,,,,,,,,,,0.00005,0.00005,,0.00139900,383731.00000000,0.00139800,205148.00000000,0.00139700,963490.00000000,0.00139600,50110.00000000,0.00139500,47985.00000000,0.00139400,576752.00000000,0.00139300,47901.00000000,0.00139200,726567.00000000,0.00139100,1177435.00000000,0.00139000,1267081.00000000,0.00140200,197348.00000000,0.00140300,933011.00000000,0.00140400,50582.00000000,0.00140500,427029.00000000,0.00140600,14949804.00000000,0.00140700,1080894.00000000,0.00140800,13918.00000000,0.00140900,589260.00000000,0.00141000,1404892.00000000,0.00141100,199499.00000000,0.03129,14,0.03128,167,0.03126,15,0.03125,167,0.03123,14,0.03122,167,0.03121,46,0.0312,14,0.03119,182,0.03117,15,0.03134,14,0.03135,76,0.03136,79,0.03138,15,0.03139,167,0.03144,14,0.03145,167,0.03146,14,0.03151,182,0.03156,14
binance,gate,FUNUSDT,0.00140200,0.03129,2131.8117,1774060328119,,,,,,,,,,0.00005,0.00005,,0.00139900,383731.00000000,0.00139800,205148.00000000,0.00139700,963490.00000000,0.00139600,50110.00000000,0.00139500,47985.00000000,0.00139400,576752.00000000,0.00139300,47901.00000000,0.00139200,726567.00000000,0.00139100,1177435.00000000,0.00139000,1267081.00000000,0.00140200,197348.00000000,0.00140300,933011.00000000,0.00140400,50582.00000000,0.00140500,427029.00000000,0.00140600,14949804.00000000,0.00140700,1080894.00000000,0.00140800,13918.00000000,0.00140900,589260.00000000,0.00141000,1404892.00000000,0.00141100,199499.00000000,0.03129,14,0.03128,167,0.03126,15,0.03125,167,0.03123,14,0.03122,167,0.03121,46,0.0312,14,0.03119,182,0.03117,15,0.03134,14,0.03135,76,0.03136,79,0.03138,15,0.03139,167,0.03144,14,0.03145,167,0.03146,14,0.03151,182,0.03156,14
binance,gate,FUNUSDT,0.00140200,0.03129,2131.8117,1774060328422,,,,,,,,,,0.00005,0.00005,,0.00139900,383731.00000000,0.00139800,205148.00000000,0.00139700,963490.00000000,0.00139600,50110.00000000,0.00139500,47985.00000000,0.00139400,576752.00000000,0.00139300,47901.00000000,0.00139200,726567.00000000,0.00139100,1177435.00000000,0.00139000,1267081.00000000,0.00140200,197348.00000000,0.00140300,933011.00000000,0.00140400,50582.00000000,0.00140500,427029.00000000,0.00140600,14949804.00000000,0.00140700,1080894.00000000,0.00140800,13918.00000000,0.00140900,589260.00000000,0.00141000,1404892.00000000,0.00141100,199499.00000000,0.03129,14,0.03128,167,0.03126,15,0.03125,167,0.03123,14,0.03122,167,0.03121,46,0.0312,14,0.03119,182,0.03117,15,0.03134,14,0.03135,76,0.03136,79,0.03138,15,0.03139,167,0.03144,14,0.03145,167,0.03146,14,0.03151,182,0.03156,14
binance,gate,FUNUSDT,0.00140200,0.03129,2131.8117,1774060328726,,,,,,,,,,0.00005,0.00005,,0.00139900,383731.00000000,0.00139800,205148.00000000,0.00139700,963490.00000000,0.00139600,50110.00000000,0.00139500,47985.00000000,0.00139400,576752.00000000,0.00139300,47901.00000000,0.00139200,726567.00000000,0.00139100,1177435.00000000,0.00139000,1267081.00000000,0.00140200,197348.00000000,0.00140300,933011.00000000,0.00140400,50582.00000000,0.00140500,427029.00000000,0.00140600,14949804.00000000,0.00140700,1080894.00000000,0.00140800,13918.00000000,0.00140900,589260.00000000,0.00141000,1404892.00000000,0.00141100,199499.00000000,0.03129,14,0.03128,167,0.03126,15,0.03125,167,0.03123,14,0.03122,167,0.03121,46,0.0312,14,0.03119,182,0.03117,15,0.03134,14,0.03135,76,0.03136,79,0.03138,15,0.03139,167,0.03144,14,0.03145,167,0.03146,14,0.03151,182,0.03156,14
binance,gate,FUNUSDT,0.00140200,0.03129,2131.8117,1774060329028,,,,,,,,,,0.00005,0.00005,,0.00139900,383731.00000000,0.00139800,205148.00000000,0.00139700,963490.00000000,0.00139600,50110.00000000,0.00139500,47985.00000000,0.00139400,576752.00000000,0.00139300,47901.00000000,0.00139200,726567.00000000,0.00139100,1177435.00000000,0.00139000,1267081.00000000,0.00140200,197348.00000000,0.00140300,933011.00000000,0.00140400,50582.00000000,0.00140500,427029.00000000,0.00140600,14949804.00000000,0.00140700,1080894.00000000,0.00140800,13918.00000000,0.00140900,589260.00000000,0.00141000,1404892.00000000,0.00141100,199499.00000000,0.03129,14,0.03128,167,0.03126,15,0.03125,167,0.03123,14,0.03122,167,0.0312,60,0.03119,182,0.03117,15,0.03116,181,0.03134,14,0.03135,76,0.03136,79,0.03138,15,0.03139,167,0.03144,14,0.03145,167,0.03146,14,0.03151,182,0.03156,14
binance,gate,FUNUSDT,0.00140200,0.03129,2131.8117,1774060329331,,,,,,,,,,0.00005,0.00005,,0.00139900,383731.00000000,0.00139800,205148.00000000,0.00139700,963490.00000000,0.00139600,50110.00000000,0.00139500,47985.00000000,0.00139400,576752.00000000,0.00139300,47901.00000000,0.00139200,726567.00000000,0.00139100,1177435.00000000,0.00139000,1267081.00000000,0.00140200,197348.00000000,0.00140300,933011.00000000,0.00140400,50582.00000000,0.00140500,427029.00000000,0.00140600,14949804.00000000,0.00140700,1080894.00000000,0.00140800,13918.00000000,0.00140900,589260.00000000,0.00141000,1404892.00000000,0.00141100,199499.00000000,0.03129,14,0.03128,167,0.03126,15,0.03125,167,0.03123,14,0.03122,167,0.0312,60,0.03119,182,0.03117,15,0.03116,181,0.03134,14,0.03135,76,0.03136,79,0.03138,15,0.03139,167,0.03144,14,0.03145,167,0.03146,14,0.03151,182,0.03156,14
binance,gate,FUNUSDT,0.00140200,0.03129,2131.8117,1774060329633,,,,,,,,,,0.00005,0.00005,,0.00139900,383731.00000000,0.00139800,205148.00000000,0.00139700,963490.00000000,0.00139600,50110.00000000,0.00139500,47985.00000000,0.00139400,576752.00000000,0.00139300,47901.00000000,0.00139200,726567.00000000,0.00139100,1177435.00000000,0.00139000,1267081.00000000,0.00140200,197348.00000000,0.00140300,933011.00000000,0.00140400,50582.00000000,0.00140500,427029.00000000,0.00140600,14949804.00000000,0.00140700,1080894.00000000,0.00140800,13918.00000000,0.00140900,589260.00000000,0.00141000,1404892.00000000,0.00141100,199499.00000000,0.03129,14,0.03128,167,0.03126,15,0.03125,167,0.03123,14,0.03122,167,0.0312,60,0.03119,182,0.03117,15,0.03116,181,0.03134,14,0.03135,76,0.03136,79,0.03138,15,0.03139,167,0.03144,14,0.03145,167,0.03146,14,0.03151,182,0.03156,14
binance,gate,FUNUSDT,0.00140200,0.03129,2131.8117,1774060329933,,,,,,,,,,0.00005,0.00005,,0.00139900,383731.00000000,0.00139800,205148.00000000,0.00139700,963490.00000000,0.00139600,50110.00000000,0.00139500,47985.00000000,0.00139400,576752.00000000,0.00139300,47901.00000000,0.00139200,726567.00000000,0.00139100,1177435.00000000,0.00139000,1267081.00000000,0.00140200,197348.00000000,0.00140300,933011.00000000,0.00140400,50582.00000000,0.00140500,427029.00000000,0.00140600,14949804.00000000,0.00140700,1080894.00000000,0.00140800,13918.00000000,0.00140900,589260.00000000,0.00141000,1404892.00000000,0.00141100,199499.00000000,0.03129,14,0.03128,167,0.03126,15,0.03125,167,0.03123,14,0.03122,167,0.0312,60,0.03119,182,0.03117,15,0.03116,181,0.03134,14,0.03135,76,0.03136,79,0.03138,15,0.03139,167,0.03144,14,0.03145,167,0.03146,14,0.03151,182,0.03156,14
binance,gate,FUNUSDT,0.00140200,0.03129,2131.8117,1774060330238,,,,,,,,,,0.00005,0.00005,,0.00139900,383731.00000000,0.00139800,205148.00000000,0.00139700,963490.00000000,0.00139600,50110.00000000,0.00139500,47985.00000000,0.00139400,576752.00000000,0.00139300,47901.00000000,0.00139200,726567.00000000,0.00139100,1177435.00000000,0.00139000,1267081.00000000,0.00140200,197348.00000000,0.00140300,933011.00000000,0.00140400,50582.00000000,0.00140500,427029.00000000,0.00140600,14949804.00000000,0.00140700,1080894.00000000,0.00140800,13918.00000000,0.00140900,589260.00000000,0.00141000,1404892.00000000,0.00141100,199499.00000000,0.03129,14,0.03128,167,0.03126,15,0.03125,167,0.03123,14,0.03122,167,0.0312,60,0.03119,182,0.03117,15,0.03116,181,0.03134,14,0.03135,76,0.03136,79,0.03138,15,0.03139,167,0.03144,14,0.03145,167,0.03146,14,0.03151,182,0.03156,14
binance,gate,FUNUSDT,0.00140200,0.03129,2131.8117,1774060330545,,,,,,,,,,0.00005,0.00005,,0.00139900,383731.00000000,0.00139800,205148.00000000,0.00139700,963490.00000000,0.00139600,50110.00000000,0.00139500,47985.00000000,0.00139400,576752.00000000,0.00139300,47901.00000000,0.00139200,726567.00000000,0.00139100,1177435.00000000,0.00139000,1267081.00000000,0.00140200,197348.00000000,0.00140300,933011.00000000,0.00140400,50582.00000000,0.00140500,427029.00000000,0.00140600,14949804.00000000,0.00140700,1080894.00000000,0.00140800,13918.00000000,0.00140900,589260.00000000,0.00141000,1404892.00000000,0.00141100,199499.00000000,0.03129,14,0.03128,167,0.03126,15,0.03125,167,0.03123,14,0.03122,167,0.0312,60,0.03119,182,0.03117,15,0.03116,181,0.03134,14,0.03135,76,0.03136,79,0.03138,15,0.03139,167,0.03144,14,0.03145,167,0.03146,14,0.03151,182,0.03156,14
binance,gate,FUNUSDT,0.00140200,0.03129,2131.8117,1774060330845,,,,,,,,,,0.00005,0.00005,,0.00139900,383731.00000000,0.00139800,205148.00000000,0.00139700,963490.00000000,0.00139600,50110.00000000,0.00139500,47985.00000000,0.00139400,576752.00000000,0.00139300,47901.00000000,0.00139200,726567.00000000,0.00139100,1177435.00000000,0.00139000,1267081.00000000,0.00140200,197348.00000000,0.00140300,933011.00000000,0.00140400,50582.00000000,0.00140500,427029.00000000,0.00140600,14949804.00000000,0.00140700,1080894.00000000,0.00140800,13918.00000000,0.00140900,589260.00000000,0.00141000,1404892.00000000,0.00141100,199499.00000000,0.03129,14,0.03128,167,0.03126,15,0.03125,167,0.03123,14,0.03122,167,0.0312,60,0.03119,182,0.03117,15,0.03116,181,0.03134,14,0.03135,76,0.03136,79,0.03138,15,0.03139,167,0.03144,14,0.03145,167,0.03146,14,0.03151,182,0.03156,14
binance,gate,FUNUSDT,0.00140200,0.03129,2131.8117,1774060331146,,,,,,,,,,0.00005,0.00005,,0.00139900,383731.00000000,0.00139800,205148.00000000,0.00139700,963490.00000000,0.00139600,50110.00000000,0.00139500,47985.00000000,0.00139400,576752.00000000,0.00139300,47901.00000000,0.00139200,726567.00000000,0.00139100,1177435.00000000,0.00139000,1267081.00000000,0.00140200,197348.00000000,0.00140300,933011.00000000,0.00140400,50582.00000000,0.00140500,427029.00000000,0.00140600,14949804.00000000,0.00140700,1080894.00000000,0.00140800,13918.00000000,0.00140900,589260.00000000,0.00141000,1404892.00000000,0.00141100,199499.00000000,0.03129,14,0.03128,167,0.03126,15,0.03125,167,0.03123,14,0.03122,167,0.0312,60,0.03119,182,0.03117,15,0.03116,181,0.03134,14,0.03135,76,0.03136,79,0.03138,15,0.03139,167,0.03144,14,0.03145,167,0.03146,14,0.03151,182,0.03156,14
binance,gate,FUNUSDT,0.00140200,0.03129,2131.8117,1774060331446,,,,,,,,,,0.00005,0.00005,,0.00139900,383731.00000000,0.00139800,205148.00000000,0.00139700,963490.00000000,0.00139600,50110.00000000,0.00139500,47985.00000000,0.00139400,576752.00000000,0.00139300,47901.00000000,0.00139200,726567.00000000,0.00139100,1177435.00000000,0.00139000,1267081.00000000,0.00140200,197348.00000000,0.00140300,933011.00000000,0.00140400,50582.00000000,0.00140500,427029.00000000,0.00140600,14949804.00000000,0.00140700,1080894.00000000,0.00140800,13918.00000000,0.00140900,589260.00000000,0.00141000,1404892.00000000,0.00141100,199499.00000000,0.03129,14,0.03128,167,0.03126,15,0.03125,167,0.03123,14,0.03122,167,0.0312,60,0.03119,182,0.03117,15,0.03116,181,0.03134,14,0.03135,76,0.03136,79,0.03138,15,0.03139,167,0.03144,14,0.03145,167,0.03146,14,0.03151,182,0.03156,14
binance,gate,FUNUSDT,0.00140200,0.03129,2131.8117,1774060331746,,,,,,,,,,0.00005,0.00005,,0.00139900,383731.00000000,0.00139800,205148.00000000,0.00139700,963490.00000000,0.00139600,50110.00000000,0.00139500,47985.00000000,0.00139400,576752.00000000,0.00139300,47901.00000000,0.00139200,726567.00000000,0.00139100,1177435.00000000,0.00139000,1267081.00000000,0.00140200,197348.00000000,0.00140300,933011.00000000,0.00140400,50582.00000000,0.00140500,427029.00000000,0.00140600,14949804.00000000,0.00140700,1080894.00000000,0.00140800,13918.00000000,0.00140900,589260.00000000,0.00141000,1404892.00000000,0.00141100,199499.00000000,0.03129,14,0.03128,167,0.03126,15,0.03125,167,0.03123,14,0.03122,167,0.0312,60,0.03119,182,0.03117,15,0.03116,181,0.03134,14,0.03135,76,0.03136,79,0.03138,15,0.03139,167,0.03144,14,0.03145,167,0.03146,14,0.03151,182,0.03156,14
binance,gate,FUNUSDT,0.00140200,0.03129,2131.8117,1774060332047,,,,,,,,,,0.00005,0.00005,,0.00139900,383731.00000000,0.00139800,205148.00000000,0.00139700,963490.00000000,0.00139600,50110.00000000,0.00139500,47985.00000000,0.00139400,576752.00000000,0.00139300,47901.00000000,0.00139200,726567.00000000,0.00139100,1177435.00000000,0.00139000,1267081.00000000,0.00140200,197348.00000000,0.00140300,933011.00000000,0.00140400,50582.00000000,0.00140500,427029.00000000,0.00140600,14949804.00000000,0.00140700,1080894.00000000,0.00140800,13918.00000000,0.00140900,589260.00000000,0.00141000,1404892.00000000,0.00141100,199499.00000000,0.03129,14,0.03128,167,0.03126,15,0.03125,167,0.03123,14,0.03122,167,0.0312,60,0.03119,182,0.03117,15,0.03116,181,0.03134,14,0.03135,76,0.03136,79,0.03138,15,0.03139,167,0.03144,14,0.03145,167,0.03146,14,0.03151,182,0.03156,14
binance,gate,FUNUSDT,0.00140200,0.03129,2131.8117,1774060332348,,,,,,,,,,0.00005,0.00005,,0.00139900,383731.00000000,0.00139800,205148.00000000,0.00139700,963490.00000000,0.00139600,50110.00000000,0.00139500,47985.00000000,0.00139400,576752.00000000,0.00139300,47901.00000000,0.00139200,726567.00000000,0.00139100,1177435.00000000,0.00139000,1267081.00000000,0.00140200,197348.00000000,0.00140300,933011.00000000,0.00140400,50582.00000000,0.00140500,427029.00000000,0.00140600,14949804.00000000,0.00140700,1080894.00000000,0.00140800,13918.00000000,0.00140900,589260.00000000,0.00141000,1404892.00000000,0.00141100,199499.00000000,0.03129,14,0.03128,167,0.03126,15,0.03125,167,0.03123,14,0.03122,167,0.0312,60,0.03119,182,0.03117,15,0.03116,181,0.03134,14,0.03135,76,0.03136,79,0.03138,15,0.03139,167,0.03144,14,0.03145,167,0.03146,14,0.03151,182,0.03156,14
binance,gate,FUNUSDT,0.00140200,0.03129,2131.8117,1774060332650,,,,,,,,,,0.00005,0.00005,,0.00139900,383731.00000000,0.00139800,205148.00000000,0.00139700,963490.00000000,0.00139600,50110.00000000,0.00139500,47985.00000000,0.00139400,576752.00000000,0.00139300,47901.00000000,0.00139200,726567.00000000,0.00139100,1177435.00000000,0.00139000,1267081.00000000,0.00140200,197348.00000000,0.00140300,933011.00000000,0.00140400,50582.00000000,0.00140500,427029.00000000,0.00140600,14949804.00000000,0.00140700,1080894.00000000,0.00140800,13918.00000000,0.00140900,589260.00000000,0.00141000,1404892.00000000,0.00141100,199499.00000000,0.03129,14,0.03128,167,0.03126,15,0.03125,167,0.03123,14,0.03122,213,0.0312,14,0.03119,182,0.03117,15,0.03116,181,0.03134,14,0.03135,76,0.03136,79,0.03138,15,0.03139,167,0.03144,14,0.03145,167,0.03146,14,0.03151,182,0.03156,14
binance,gate,FUNUSDT,0.00140200,0.03129,2131.8117,1774060332950,,,,,,,,,,0.00005,0.00005,,0.00139900,383731.00000000,0.00139800,205148.00000000,0.00139700,963490.00000000,0.00139600,50110.00000000,0.00139500,47985.00000000,0.00139400,576752.00000000,0.00139300,47901.00000000,0.00139200,726567.00000000,0.00139100,1177435.00000000,0.00139000,1267081.00000000,0.00140200,197348.00000000,0.00140300,933011.00000000,0.00140400,50582.00000000,0.00140500,427029.00000000,0.00140600,14949804.00000000,0.00140700,1080894.00000000,0.00140800,13918.00000000,0.00140900,589260.00000000,0.00141000,1404892.00000000,0.00141100,199499.00000000,0.03129,14,0.03128,167,0.03126,15,0.03125,167,0.03123,14,0.03122,213,0.0312,14,0.03119,182,0.03117,15,0.03116,181,0.03134,14,0.03135,76,0.03136,79,0.03138,15,0.03139,167,0.03144,14,0.03145,167,0.03146,14,0.03151,182,0.03156,14
binance,gate,FUNUSDT,0.00140200,0.03129,2131.8117,1774060333250,,,,,,,,,,0.00005,0.00005,,0.00139900,383731.00000000,0.00139800,205148.00000000,0.00139700,963490.00000000,0.00139600,50110.00000000,0.00139500,47985.00000000,0.00139400,576752.00000000,0.00139300,47901.00000000,0.00139200,726567.00000000,0.00139100,1177435.00000000,0.00139000,1267081.00000000,0.00140200,197348.00000000,0.00140300,933011.00000000,0.00140400,50582.00000000,0.00140500,427029.00000000,0.00140600,14949804.00000000,0.00140700,1080894.00000000,0.00140800,13918.00000000,0.00140900,589260.00000000,0.00141000,1404892.00000000,0.00141100,199499.00000000,0.03129,14,0.03128,167,0.03126,15,0.03125,167,0.03123,14,0.03122,213,0.0312,14,0.03119,182,0.03117,15,0.03116,181,0.03134,14,0.03135,76,0.03136,79,0.03138,15,0.03139,167,0.03144,14,0.03145,167,0.03146,14,0.03151,182,0.03156,14
binance,gate,FUNUSDT,0.00140200,0.03129,2131.8117,1774060333551,,,,,,,,,,0.00005,0.00005,,0.00139900,383731.00000000,0.00139800,205148.00000000,0.00139700,963490.00000000,0.00139600,50110.00000000,0.00139500,47985.00000000,0.00139400,576752.00000000,0.00139300,47901.00000000,0.00139200,726567.00000000,0.00139100,1177435.00000000,0.00139000,1267081.00000000,0.00140200,197348.00000000,0.00140300,933011.00000000,0.00140400,50582.00000000,0.00140500,427029.00000000,0.00140600,14949804.00000000,0.00140700,1080894.00000000,0.00140800,13918.00000000,0.00140900,589260.00000000,0.00141000,1404892.00000000,0.00141100,199499.00000000,0.03129,14,0.03128,167,0.03126,15,0.03125,167,0.03123,14,0.03122,213,0.0312,14,0.03119,182,0.03117,15,0.03116,181,0.03134,14,0.03135,76,0.03136,79,0.03138,15,0.03139,167,0.03144,14,0.03145,167,0.03146,14,0.03151,182,0.03156,14
binance,gate,FUNUSDT,0.00140200,0.03129,2131.8117,1774060333851,,,,,,,,,,0.00005,0.00005,,0.00139900,383731.00000000,0.00139800,205148.00000000,0.00139700,963490.00000000,0.00139600,50110.00000000,0.00139500,47985.00000000,0.00139400,576752.00000000,0.00139300,47901.00000000,0.00139200,726567.00000000,0.00139100,1177435.00000000,0.00139000,1267081.00000000,0.00140200,197348.00000000,0.00140300,933011.00000000,0.00140400,50582.00000000,0.00140500,427029.00000000,0.00140600,14949804.00000000,0.00140700,1080894.00000000,0.00140800,13918.00000000,0.00140900,589260.00000000,0.00141000,1404892.00000000,0.00141100,199499.00000000,0.03129,14,0.03128,167,0.03126,15,0.03125,167,0.03123,14,0.03122,213,0.0312,14,0.03119,182,0.03117,15,0.03116,181,0.03134,14,0.03135,76,0.03136,79,0.03138,15,0.03139,167,0.03144,14,0.03145,167,0.03146,14,0.03151,182,0.03156,14
binance,gate,FUNUSDT,0.00140200,0.03129,2131.8117,1774060334151,,,,,,,,,,0.00005,0.00005,,0.00139900,383731.00000000,0.00139800,205148.00000000,0.00139700,963490.00000000,0.00139600,50110.00000000,0.00139500,47985.00000000,0.00139400,576752.00000000,0.00139300,47901.00000000,0.00139200,726567.00000000,0.00139100,1177435.00000000,0.00139000,1267081.00000000,0.00140200,197348.00000000,0.00140300,933011.00000000,0.00140400,50582.00000000,0.00140500,427029.00000000,0.00140600,14949804.00000000,0.00140700,1080894.00000000,0.00140800,13918.00000000,0.00140900,589260.00000000,0.00141000,1404892.00000000,0.00141100,199499.00000000,0.03129,14,0.03128,167,0.03126,15,0.03125,167,0.03123,14,0.03122,213,0.0312,14,0.03119,182,0.03117,15,0.03116,181,0.03134,14,0.03135,76,0.03136,79,0.03138,15,0.03139,167,0.03144,14,0.03145,167,0.03146,14,0.03151,182,0.03156,14
binance,gate,FUNUSDT,0.00140200,0.03129,2131.8117,1774060334452,,,,,,,,,,0.00005,0.00005,,0.00139900,383731.00000000,0.00139800,205148.00000000,0.00139700,963490.00000000,0.00139600,50110.00000000,0.00139500,47985.00000000,0.00139400,576752.00000000,0.00139300,47901.00000000,0.00139200,726567.00000000,0.00139100,1177435.00000000,0.00139000,1267081.00000000,0.00140200,197348.00000000,0.00140300,933011.00000000,0.00140400,50582.00000000,0.00140500,427029.00000000,0.00140600,14949804.00000000,0.00140700,1080894.00000000,0.00140800,13918.00000000,0.00140900,589260.00000000,0.00141000,1404892.00000000,0.00141100,199499.00000000,0.03129,14,0.03128,167,0.03126,15,0.03125,167,0.03123,14,0.03122,167,0.03121,46,0.0312,14,0.03119,182,0.03117,15,0.03134,14,0.03135,76,0.03136,79,0.03138,15,0.03139,167,0.03144,14,0.03145,167,0.03146,14,0.03151,182,0.03156,14
binance,gate,FUNUSDT,0.00140200,0.03129,2131.8117,1774060334752,,,,,,,,,,0.00005,0.00005,,0.00139900,383731.00000000,0.00139800,205148.00000000,0.00139700,963490.00000000,0.00139600,50110.00000000,0.00139500,47985.00000000,0.00139400,576752.00000000,0.00139300,47901.00000000,0.00139200,726567.00000000,0.00139100,1177435.00000000,0.00139000,1267081.00000000,0.00140200,197348.00000000,0.00140300,933011.00000000,0.00140400,50582.00000000,0.00140500,427029.00000000,0.00140600,14949804.00000000,0.00140700,1080894.00000000,0.00140800,13918.00000000,0.00140900,589260.00000000,0.00141000,1404892.00000000,0.00141100,199499.00000000,0.03129,14,0.03128,167,0.03126,15,0.03125,167,0.03123,14,0.03122,167,0.03121,46,0.0312,14,0.03119,182,0.03117,15,0.03134,14,0.03135,76,0.03136,79,0.03138,15,0.03139,167,0.03144,14,0.03145,167,0.03146,14,0.03151,182,0.03156,14
binance,gate,FUNUSDT,0.00140200,0.03129,2131.8117,1774060335053,,,,,,,,,,0.00005,0.00005,,0.00139900,383731.00000000,0.00139800,205148.00000000,0.00139700,963490.00000000,0.00139600,50110.00000000,0.00139500,47985.00000000,0.00139400,576752.00000000,0.00139300,47901.00000000,0.00139200,726567.00000000,0.00139100,1177435.00000000,0.00139000,1267081.00000000,0.00140200,197348.00000000,0.00140300,933011.00000000,0.00140400,50582.00000000,0.00140500,427029.00000000,0.00140600,14949804.00000000,0.00140700,1080894.00000000,0.00140800,13918.00000000,0.00140900,589260.00000000,0.00141000,1404892.00000000,0.00141100,199499.00000000,0.03129,14,0.03128,167,0.03126,15,0.03125,167,0.03123,14,0.03122,167,0.03121,46,0.0312,14,0.03119,182,0.03117,15,0.03134,14,0.03135,76,0.03136,79,0.03138,15,0.03139,167,0.03144,14,0.03145,167,0.03146,14,0.03151,182,0.03156,14
binance,gate,FUNUSDT,0.00140200,0.03129,2131.8117,1774060335359,,,,,,,,,,0.00005,0.00005,,0.00139900,383731.00000000,0.00139800,205148.00000000,0.00139700,963490.00000000,0.00139600,50110.00000000,0.00139500,47985.00000000,0.00139400,576752.00000000,0.00139300,47901.00000000,0.00139200,726567.00000000,0.00139100,1177435.00000000,0.00139000,1267081.00000000,0.00140200,197348.00000000,0.00140300,933011.00000000,0.00140400,50582.00000000,0.00140500,427029.00000000,0.00140600,14949804.00000000,0.00140700,1080894.00000000,0.00140800,13918.00000000,0.00140900,589260.00000000,0.00141000,1404892.00000000,0.00141100,199499.00000000,0.03129,14,0.03128,167,0.03126,15,0.03125,167,0.03123,14,0.03122,167,0.03121,46,0.0312,14,0.03119,182,0.03117,15,0.03134,14,0.03135,76,0.03136,79,0.03138,15,0.03139,167,0.03144,14,0.03145,167,0.03146,14,0.03151,182,0.03156,14
binance,gate,FUNUSDT,0.00140200,0.03129,2131.8117,1774060335674,,,,,,,,,,0.00005,0.00005,,0.00139900,383731.00000000,0.00139800,205148.00000000,0.00139700,963490.00000000,0.00139600,50110.00000000,0.00139500,47985.00000000,0.00139400,576752.00000000,0.00139300,47901.00000000,0.00139200,726567.00000000,0.00139100,1177435.00000000,0.00139000,1267081.00000000,0.00140200,197348.00000000,0.00140300,933011.00000000,0.00140400,50582.00000000,0.00140500,427029.00000000,0.00140600,14949804.00000000,0.00140700,1080894.00000000,0.00140800,13918.00000000,0.00140900,589260.00000000,0.00141000,1404892.00000000,0.00141100,199499.00000000,0.03129,14,0.03128,167,0.03126,15,0.03125,167,0.03123,14,0.03122,167,0.03121,46,0.0312,14,0.03119,182,0.03117,15,0.03134,14,0.03135,76,0.03136,79,0.03138,15,0.03139,167,0.03144,14,0.03145,167,0.03146,14,0.03151,182,0.03156,14
binance,gate,FUNUSDT,0.00140200,0.03129,2131.8117,1774060335989,,,,,,,,,,0.00005,0.00005,,0.00139900,383731.00000000,0.00139800,205148.00000000,0.00139700,963490.00000000,0.00139600,50110.00000000,0.00139500,47985.00000000,0.00139400,576752.00000000,0.00139300,47901.00000000,0.00139200,726567.00000000,0.00139100,1177435.00000000,0.00139000,1267081.00000000,0.00140200,197348.00000000,0.00140300,933011.00000000,0.00140400,50582.00000000,0.00140500,427029.00000000,0.00140600,14949804.00000000,0.00140700,1080894.00000000,0.00140800,13918.00000000,0.00140900,589260.00000000,0.00141000,1404892.00000000,0.00141100,199499.00000000,0.03129,14,0.03128,167,0.03126,15,0.03125,167,0.03123,14,0.03122,167,0.03121,46,0.0312,14,0.03119,182,0.03117,15,0.03134,14,0.03135,76,0.03136,79,0.03138,15,0.03139,167,0.03144,14,0.03145,167,0.03146,14,0.03151,182,0.03156,14
binance,gate,FUNUSDT,0.00140200,0.03129,2131.8117,1774060336304,,,,,,,,,,0.00005,0.00005,,0.00139900,383731.00000000,0.00139800,205148.00000000,0.00139700,963490.00000000,0.00139600,50110.00000000,0.00139500,47985.00000000,0.00139400,576752.00000000,0.00139300,47901.00000000,0.00139200,726567.00000000,0.00139100,1177435.00000000,0.00139000,1267081.00000000,0.00140200,197348.00000000,0.00140300,933011.00000000,0.00140400,50582.00000000,0.00140500,427029.00000000,0.00140600,14949804.00000000,0.00140700,1080894.00000000,0.00140800,13918.00000000,0.00140900,589260.00000000,0.00141000,1404892.00000000,0.00141100,199499.00000000,0.03129,14,0.03128,167,0.03126,15,0.03125,167,0.03123,14,0.03122,167,0.03121,46,0.0312,14,0.03119,182,0.03117,15,0.03134,14,0.03135,76,0.03136,79,0.03138,15,0.03139,167,0.03144,14,0.03145,167,0.03146,14,0.03151,182,0.03156,14
binance,gate,FUNUSDT,0.00140200,0.03129,2131.8117,1774060336618,,,,,,,,,,0.00005,0.00005,,0.00139900,383731.00000000,0.00139800,205148.00000000,0.00139700,963490.00000000,0.00139600,50110.00000000,0.00139500,47985.00000000,0.00139400,576752.00000000,0.00139300,47901.00000000,0.00139200,726567.00000000,0.00139100,1177435.00000000,0.00139000,1267081.00000000,0.00140200,197348.00000000,0.00140300,933011.00000000,0.00140400,50582.00000000,0.00140500,427029.00000000,0.00140600,14949804.00000000,0.00140700,1080894.00000000,0.00140800,13918.00000000,0.00140900,589260.00000000,0.00141000,1404892.00000000,0.00141100,199499.00000000,0.03129,14,0.03128,167,0.03126,15,0.03125,167,0.03123,14,0.03122,167,0.03121,46,0.0312,14,0.03119,182,0.03117,15,0.03134,14,0.03135,76,0.03136,79,0.03138,15,0.03139,167,0.03144,14,0.03145,167,0.03146,14,0.03151,182,0.03156,14
binance,gate,FUNUSDT,0.00140200,0.03129,2131.8117,1774060336930,,,,,,,,,,0.00005,0.00005,,0.00139900,383731.00000000,0.00139800,205148.00000000,0.00139700,963490.00000000,0.00139600,50110.00000000,0.00139500,47985.00000000,0.00139400,576752.00000000,0.00139300,47901.00000000,0.00139200,726567.00000000,0.00139100,1177435.00000000,0.00139000,1267081.00000000,0.00140200,197348.00000000,0.00140300,933011.00000000,0.00140400,50582.00000000,0.00140500,427029.00000000,0.00140600,14949804.00000000,0.00140700,1080894.00000000,0.00140800,13918.00000000,0.00140900,589260.00000000,0.00141000,1404892.00000000,0.00141100,199499.00000000,0.03129,14,0.03128,167,0.03126,15,0.03125,167,0.03123,14,0.03122,167,0.03121,46,0.0312,14,0.03119,182,0.03117,15,0.03134,14,0.03135,76,0.03136,79,0.03138,15,0.03139,167,0.03144,14,0.03145,167,0.03146,14,0.03151,182,0.03156,14
binance,gate,FUNUSDT,0.00140200,0.03129,2131.8117,1774060337239,,,,,,,,,,0.00005,0.00005,,0.00139900,383731.00000000,0.00139800,205148.00000000,0.00139700,963490.00000000,0.00139600,50110.00000000,0.00139500,47985.00000000,0.00139400,576752.00000000,0.00139300,47901.00000000,0.00139200,726567.00000000,0.00139100,1177435.00000000,0.00139000,1267081.00000000,0.00140200,197348.00000000,0.00140300,933011.00000000,0.00140400,50582.00000000,0.00140500,427029.00000000,0.00140600,14949804.00000000,0.00140700,1080894.00000000,0.00140800,13918.00000000,0.00140900,589260.00000000,0.00141000,1404892.00000000,0.00141100,199499.00000000,0.03129,14,0.03128,167,0.03126,15,0.03125,167,0.03123,14,0.03122,167,0.03121,46,0.0312,14,0.03119,182,0.03117,15,0.03134,14,0.03135,76,0.03136,79,0.03138,15,0.03139,167,0.03144,14,0.03145,167,0.03146,14,0.03151,182,0.03156,14
binance,gate,FUNUSDT,0.00140200,0.03129,2131.8117,1774060337552,,,,,,,,,,0.00005,0.00005,,0.00139900,383731.00000000,0.00139800,205148.00000000,0.00139700,963490.00000000,0.00139600,50110.00000000,0.00139500,47985.00000000,0.00139400,576752.00000000,0.00139300,47901.00000000,0.00139200,726567.00000000,0.00139100,1177435.00000000,0.00139000,1267081.00000000,0.00140200,197348.00000000,0.00140300,933011.00000000,0.00140400,50582.00000000,0.00140500,427029.00000000,0.00140600,14949804.00000000,0.00140700,1080894.00000000,0.00140800,13918.00000000,0.00140900,589260.00000000,0.00141000,1404892.00000000,0.00141100,199499.00000000,0.03129,14,0.03128,167,0.03126,15,0.03125,167,0.03123,14,0.03122,167,0.03121,46,0.0312,14,0.03119,182,0.03117,15,0.03134,14,0.03135,76,0.03136,79,0.03138,15,0.03139,167,0.03144,14,0.03145,167,0.03146,14,0.03151,182,0.03156,14
binance,gate,FUNUSDT,0.00140200,0.03129,2131.8117,1774060337862,,,,,,,,,,0.00005,0.00005,,0.00139900,383731.00000000,0.00139800,205148.00000000,0.00139700,963490.00000000,0.00139600,50110.00000000,0.00139500,47985.00000000,0.00139400,576752.00000000,0.00139300,47901.00000000,0.00139200,726567.00000000,0.00139100,1177435.00000000,0.00139000,1267081.00000000,0.00140200,197348.00000000,0.00140300,933011.00000000,0.00140400,50582.00000000,0.00140500,427029.00000000,0.00140600,14949804.00000000,0.00140700,1080894.00000000,0.00140800,13918.00000000,0.00140900,589260.00000000,0.00141000,1404892.00000000,0.00141100,199499.00000000,0.03129,14,0.03128,167,0.03126,15,0.03125,167,0.03123,14,0.03122,167,0.03121,46,0.0312,14,0.03119,182,0.03117,15,0.03134,14,0.03135,76,0.03136,79,0.03138,15,0.03139,167,0.03144,14,0.03145,167,0.03146,14,0.03151,182,0.03156,14
binance,gate,FUNUSDT,0.00140200,0.03129,2131.8117,1774060338172,,,,,,,,,,0.00005,0.00005,,0.00139900,383731.00000000,0.00139800,205148.00000000,0.00139700,963490.00000000,0.00139600,50110.00000000,0.00139500,47985.00000000,0.00139400,576752.00000000,0.00139300,47901.00000000,0.00139200,726567.00000000,0.00139100,1177435.00000000,0.00139000,1267081.00000000,0.00140200,197348.00000000,0.00140300,933011.00000000,0.00140400,50582.00000000,0.00140500,427029.00000000,0.00140600,14949804.00000000,0.00140700,1080894.00000000,0.00140800,13918.00000000,0.00140900,589260.00000000,0.00141000,1404892.00000000,0.00141100,199499.00000000,0.03129,14,0.03128,167,0.03126,15,0.03125,167,0.03123,14,0.03122,167,0.03121,46,0.0312,14,0.03119,182,0.03117,15,0.03134,14,0.03135,76,0.03136,79,0.03138,15,0.03139,167,0.03144,14,0.03145,167,0.03146,14,0.03151,182,0.03156,14
binance,gate,FUNUSDT,0.00140200,0.03129,2131.8117,1774060338496,,,,,,,,,,0.00005,0.00005,,0.00139900,383731.00000000,0.00139800,205148.00000000,0.00139700,963490.00000000,0.00139600,50110.00000000,0.00139500,47985.00000000,0.00139400,576752.00000000,0.00139300,47901.00000000,0.00139200,726567.00000000,0.00139100,1177435.00000000,0.00139000,1267081.00000000,0.00140200,197348.00000000,0.00140300,933011.00000000,0.00140400,50582.00000000,0.00140500,427029.00000000,0.00140600,14949804.00000000,0.00140700,1080894.00000000,0.00140800,13918.00000000,0.00140900,589260.00000000,0.00141000,1404892.00000000,0.00141100,199499.00000000,0.03129,14,0.03128,167,0.03126,15,0.03125,167,0.03123,14,0.03122,167,0.03121,46,0.0312,14,0.03119,182,0.03117,15,0.03134,14,0.03135,76,0.03136,79,0.03138,15,0.03139,167,0.03144,14,0.03145,167,0.03146,14,0.03151,182,0.03156,14
binance,gate,FUNUSDT,0.00140200,0.03129,2131.8117,1774060338800,,,,,,,,,,0.00005,0.00005,,0.00139900,383731.00000000,0.00139800,205148.00000000,0.00139700,963490.00000000,0.00139600,50110.00000000,0.00139500,47985.00000000,0.00139400,576752.00000000,0.00139300,47901.00000000,0.00139200,726567.00000000,0.00139100,1177435.00000000,0.00139000,1267081.00000000,0.00140200,197348.00000000,0.00140300,933011.00000000,0.00140400,50582.00000000,0.00140500,427029.00000000,0.00140600,14949804.00000000,0.00140700,1080894.00000000,0.00140800,13918.00000000,0.00140900,589260.00000000,0.00141000,1404892.00000000,0.00141100,199499.00000000,0.03129,14,0.03128,167,0.03126,15,0.03125,167,0.03123,14,0.03122,167,0.03121,46,0.0312,14,0.03119,182,0.03117,15,0.03134,14,0.03135,76,0.03136,79,0.03138,15,0.03139,167,0.03144,14,0.03145,167,0.03146,14,0.03151,182,0.03156,14
