spot_exch,fut_exch,symbol,ask_spot,bid_futures,spread_pct,ts,s_b1,s_b2,s_b3,s_b4,s_b5,s_b6,s_b7,s_b8,s_b9,s_b10,s_bq1,s_bq2,s_bq3,s_bq4,s_bq5,s_bq6,s_bq7,s_bq8,s_bq9,s_bq10,s_a1,s_a2,s_a3,s_a4,s_a5,s_a6,s_a7,s_a8,s_a9,s_a10,s_aq1,s_aq2,s_aq3,s_aq4,s_aq5,s_aq6,s_aq7,s_aq8,s_aq9,s_aq10,f_b1,f_b2,f_b3,f_b4,f_b5,f_b6,f_b7,f_b8,f_b9,f_b10,f_bq1,f_bq2,f_bq3,f_bq4,f_bq5,f_bq6,f_bq7,f_bq8,f_bq9,f_bq10,f_a1,f_a2,f_a3,f_a4,f_a5,f_a6,f_a7,f_a8,f_a9,f_a10,f_aq1,f_aq2,f_aq3,f_aq4,f_aq5,f_aq6,f_aq7,f_aq8,f_aq9,f_aq10
gate,bybit,VANRYUSDT,0.005588,0.006022,7.7666,1774108061000,,,,,,,,,,,,,,,,,,,,,,,,,,,,,,,,,,,,,,,,,,,,,,,,,,,,,,,,,,,,,,,,,,,,,,,,,,,,,,,,
gate,bybit,VANRYUSDT,0.005588,0.006022,7.7666,1774108067000,0.005587,5680,0.005586,15667,0.005585,19565,0.005584,19083,0.005583,15587,0.005582,15576,0.005581,35657,0.00558,31600,0.005579,31600,0.005578,31600,0.005588,20000,0.005589,243766,0.00559,31600,0.005591,50735,0.005592,35620,0.005593,54711,0.005594,11600,0.005605,20000,0.005606,11600,0.005607,12190,0.006022,18122,0.006021,1662,0.006020,4307,0.006019,29495,0.006018,27417,0.006017,59138,0.006016,21877,0.006015,16700,0.006014,23619,0.006013,65664,0.006023,26977,0.006024,1662,0.006025,7494,0.006026,16243,0.006027,21148,0.006028,60359,0.006029,60127,0.006030,43823,0.006031,19227,0.006032,20147
gate,bybit,VANRYUSDT,0.005588,0.006022,7.7666,1774108070000,0.005587,5680,0.005586,15667,0.005585,19565,0.005584,19083,0.005583,15587,0.005582,15576,0.005581,35657,0.00558,31600,0.005579,31600,0.005578,31600,0.005589,265555,0.00559,31600,0.005591,50735,0.005592,35620,0.005593,54711,0.005594,11600,0.005605,20000,0.005606,11600,0.005607,12190,0.005611,11600,0.006022,19346,0.006021,3387,0.006020,4307,0.006019,29495,0.006018,27417,0.006017,59138,0.006016,21877,0.006015,16700,0.006014,23619,0.006013,65664,0.006023,26977,0.006024,1662,0.006025,5768,0.006026,15966,0.006027,21147,0.006028,60359,0.006029,60127,0.006030,43823,0.006031,19227,0.006032,20147
gate,bybit,VANRYUSDT,0.005588,0.006022,7.7666,1774108076000,0.005587,5680,0.005586,15667,0.005585,19565,0.005584,19083,0.005583,15587,0.005582,15576,0.005581,35657,0.00558,31600,0.005579,31600,0.005578,31600,0.005588,3940,0.005589,263766,0.00559,31600,0.005591,50735,0.005592,35620,0.005593,54711,0.005594,11600,0.005605,20000,0.005606,11600,0.005607,12190,0.006022,18122,0.006021,3387,0.006020,4307,0.006019,29495,0.006018,27417,0.006017,59138,0.006016,21877,0.006015,16700,0.006014,23619,0.006013,65664,0.006023,26977,0.006024,1662,0.006025,5768,0.006026,15966,0.006027,21147,0.006028,60359,0.006029,60127,0.006030,43823,0.006031,19227,0.006032,20147
gate,bybit,VANRYUSDT,0.005588,0.006022,7.7666,1774108077000,0.005587,14079,0.005586,15667,0.005585,19565,0.005584,19083,0.005583,15587,0.005582,15576,0.005581,35657,0.00558,31600,0.005579,31600,0.005578,31600,0.005588,3940,0.005589,263766,0.00559,31600,0.005591,50735,0.005592,35620,0.005593,54711,0.005594,11600,0.005605,20000,0.005606,11600,0.005607,12190,0.006022,19492,0.006021,3387,0.006020,4307,0.006019,29495,0.006018,27417,0.006017,59138,0.006016,21877,0.006015,16700,0.006014,23619,0.006013,65664,0.006023,26977,0.006024,1662,0.006025,5768,0.006026,15966,0.006027,21147,0.006028,60359,0.006029,60127,0.006030,43823,0.006031,19227,0.006032,20147
gate,bybit,VANRYUSDT,0.005589,0.006022,7.7474,1774108078000,0.005587,5680,0.005586,24066,0.005585,19565,0.005584,19083,0.005583,15587,0.005582,15576,0.005581,35657,0.00558,31600,0.005579,31600,0.005578,31600,0.005588,3940,0.005589,263766,0.00559,31600,0.005591,50735,0.005592,35620,0.005593,54711,0.005594,11600,0.005605,20000,0.005606,11600,0.005607,12190,0.006022,19492,0.006021,1662,0.006020,4307,0.006019,29495,0.006018,27417,0.006017,59138,0.006016,21877,0.006015,16700,0.006014,21876,0.006013,65664,0.006023,26977,0.006024,1662,0.006025,7493,0.006026,15966,0.006027,21147,0.006028,60359,0.006029,60127,0.006030,43823,0.006031,19227,0.006032,20147
gate,bybit,VANRYUSDT,0.005589,0.006022,7.7474,1774108080000,0.005588,11600,0.005587,17280,0.005586,15667,0.005585,19565,0.005584,11600,0.005583,15587,0.005582,15576,0.005581,35657,0.00558,31600,0.005579,31600,0.005589,156106,0.005591,22238,0.005592,15620,0.005593,34711,0.005594,11600,0.005605,20000,0.005606,11600,0.005607,12190,0.005611,11600,0.005613,26900,0.006022,22108,0.006021,3075,0.006020,4307,0.006019,29495,0.006018,27417,0.006017,59138,0.006016,23263,0.006015,18425,0.006014,23242,0.006013,65664,0.006023,18797,0.006024,1662,0.006025,5768,0.006026,14518,0.006027,19422,0.006028,60359,0.006029,60127,0.006030,43823,0.006031,19227,0.006032,20147
gate,bybit,VANRYUSDT,0.005593,0.006025,7.7239,1774108081000,0.005592,6086,0.005591,18815,0.00559,19940,0.005589,7660,0.005588,16356,0.005587,17280,0.005586,11600,0.005585,15473,0.005584,11600,0.005583,11600,0.005593,24457,0.005594,19260,0.005595,19260,0.005596,19260,0.005597,15839,0.005598,17763,0.005605,20000,0.005606,11600,0.005607,12190,0.005611,11600,0.006025,37999,0.006024,1725,0.006023,1725,0.006022,21260,0.006021,15939,0.006020,280675,0.006019,27625,0.006018,42429,0.006017,59138,0.006016,23602,0.006026,2515,0.006027,4674,0.006028,2765,0.006029,15198,0.006030,11943,0.006031,11015,0.006032,11935,0.006033,30133,0.006034,69182,0.006035,27439
gate,bybit,VANRYUSDT,0.005593,0.006025,7.7239,1774108082000,0.005591,18815,0.00559,19940,0.005589,7660,0.005588,16356,0.005587,19158,0.005586,29523,0.005585,15473,0.005584,31600,0.005583,11600,0.005582,11600,0.005593,22216,0.005594,19260,0.005595,19260,0.005596,23122,0.005597,15839,0.005598,17763,0.005605,20000,0.005606,11600,0.005607,12190,0.005611,11600,0.006025,37999,0.006024,24529,0.006023,7492,0.006022,37967,0.006021,153453,0.006020,283133,0.006019,16412,0.006018,40704,0.006017,57413,0.006016,21877,0.006026,2515,0.006027,21804,0.006028,2765,0.006029,18924,0.006030,13657,0.006031,12740,0.006032,13660,0.006033,31858,0.006034,69182,0.006035,27439
gate,bybit,VANRYUSDT,0.005595,0.006025,7.6854,1774108085332,0.005593,15782,0.005592,18752,0.005591,18815,0.00559,15770,0.005589,7542,0.005588,15563,0.005587,31600,0.005586,49523,0.005585,35473,0.005584,31600,0.005595,5579,0.005596,36172,0.005597,30218,0.005598,41977,0.005599,25931,0.0056,19142,0.005601,19962,0.005604,31600,0.005605,40357,0.005606,31600,0.006025,31320,0.006024,2802,0.006023,7481,0.006022,36659,0.006021,69672,0.006020,25515,0.006019,16412,0.006018,40704,0.006017,57413,0.006016,21877,0.006026,2515,0.006027,21804,0.006028,4392,0.006029,20638,0.006030,13657,0.006031,12740,0.006032,13660,0.006033,31858,0.006034,69182,0.006035,27439
gate,bybit,VANRYUSDT,0.005595,0.006025,7.6854,1774108085633,0.005593,15782,0.005592,18752,0.005591,18815,0.00559,15770,0.005589,7542,0.005588,15563,0.005587,31600,0.005586,49523,0.005585,35473,0.005584,31600,0.005595,5579,0.005596,36172,0.005597,30218,0.005598,41977,0.005599,25931,0.0056,11600,0.005601,19962,0.005604,31600,0.005605,40357,0.005606,31600,0.006025,31320,0.006024,2802,0.006023,7481,0.006022,36659,0.006021,69672,0.006020,25515,0.006019,16412,0.006018,40704,0.006017,57413,0.006016,21877,0.006026,2515,0.006027,21804,0.006028,4392,0.006029,20638,0.006030,13657,0.006031,12740,0.006032,13660,0.006033,31858,0.006034,69182,0.006035,27439
gate,bybit,VANRYUSDT,0.005595,0.006025,7.6854,1774108085933,0.005594,3821,0.005593,15782,0.005592,18752,0.005591,18815,0.00559,15770,0.005589,7542,0.005588,11600,0.005587,31600,0.005586,49523,0.005585,35473,0.005595,3832,0.005596,23147,0.005597,30218,0.005598,47556,0.005599,38956,0.0056,19143,0.005601,19962,0.005604,31600,0.005605,40357,0.005606,31600,0.006025,31320,0.006024,2802,0.006023,7481,0.006022,36659,0.006021,69672,0.006020,25515,0.006019,16412,0.006018,40704,0.006017,57413,0.006016,21877,0.006026,2515,0.006027,21804,0.006028,4392,0.006029,20638,0.006030,13657,0.006031,12740,0.006032,13660,0.006033,31858,0.006034,69182,0.006035,27439
gate,bybit,VANRYUSDT,0.005595,0.006025,7.6854,1774108086234,0.005593,15782,0.005592,18752,0.005591,18815,0.00559,15770,0.005589,7542,0.005588,11600,0.005587,31600,0.005586,49523,0.005585,35473,0.005584,31600,0.005595,3832,0.005596,14486,0.005597,30218,0.005598,47556,0.005599,38956,0.0056,19143,0.005601,19962,0.005603,31600,0.005604,31600,0.005605,40357,0.006025,31320,0.006024,2802,0.006023,7481,0.006022,36659,0.006021,69672,0.006020,25515,0.006019,16412,0.006018,40704,0.006017,57413,0.006016,21877,0.006026,2515,0.006027,21804,0.006028,4392,0.006029,20638,0.006030,13657,0.006031,12740,0.006032,13660,0.006033,31858,0.006034,69182,0.006035,27439
gate,bybit,VANRYUSDT,0.005595,0.006025,7.6854,1774108086541,0.005593,15782,0.005592,18752,0.005591,18815,0.00559,15770,0.005589,5136,0.005588,11600,0.005587,31600,0.005586,49523,0.005585,35473,0.005584,31600,0.005595,4041,0.005596,24253,0.005597,30218,0.005598,51388,0.005599,39760,0.0056,19143,0.005601,19962,0.005603,31600,0.005604,31600,0.005605,40357,0.006025,31320,0.006024,2802,0.006023,7481,0.006022,36659,0.006021,69672,0.006020,25515,0.006019,16412,0.006018,40704,0.006017,57413,0.006016,21877,0.006026,2515,0.006027,21804,0.006028,4392,0.006029,20638,0.006030,13657,0.006031,12740,0.006032,13660,0.006033,31858,0.006034,69182,0.006035,27439
gate,bybit,VANRYUSDT,0.005596,0.006025,7.6662,1774108086841,0.005594,8322,0.005593,15782,0.005592,18752,0.005591,18815,0.00559,15770,0.005588,11600,0.005587,31600,0.005586,49523,0.005585,35473,0.005584,31600,0.005596,5634,0.005597,30218,0.005598,55429,0.005599,52067,0.0056,19143,0.005601,25029,0.005603,31600,0.005604,31600,0.005605,40357,0.005606,31600,0.006025,31320,0.006024,2802,0.006023,7481,0.006022,36659,0.006021,69672,0.006020,25515,0.006019,16412,0.006018,40704,0.006017,57413,0.006016,21877,0.006026,2515,0.006027,21804,0.006028,4392,0.006029,20638,0.006030,13657,0.006031,12740,0.006032,13660,0.006033,31858,0.006034,69182,0.006035,27439
gate,bybit,VANRYUSDT,0.005595,0.006025,7.6854,1774108087145,0.005593,15782,0.005592,18752,0.005591,18815,0.00559,15770,0.005589,7502,0.005588,16160,0.005587,31600,0.005586,49523,0.005585,35473,0.005584,31600,0.005595,5076,0.005596,21797,0.005597,30218,0.005598,55429,0.005599,52067,0.0056,15546,0.005601,19962,0.005602,31600,0.005603,31600,0.005604,31600,0.006025,31320,0.006024,2802,0.006023,7481,0.006022,36659,0.006021,69672,0.006020,25515,0.006019,16412,0.006018,40704,0.006017,57413,0.006016,21877,0.006026,2515,0.006027,21804,0.006028,4392,0.006029,20638,0.006030,13657,0.006031,12740,0.006032,13660,0.006033,31858,0.006034,69182,0.006035,27439
gate,bybit,VANRYUSDT,0.005595,0.006025,7.6854,1774108087445,0.005593,15782,0.005592,18752,0.005591,18815,0.00559,15770,0.005589,7502,0.005588,16160,0.005587,31600,0.005586,49523,0.005585,35473,0.005584,31600,0.005595,5076,0.005596,21797,0.005597,30218,0.005598,55429,0.005599,52067,0.0056,15546,0.005601,19962,0.005602,31600,0.005603,31600,0.005604,31600,0.006025,31320,0.006024,2802,0.006023,7481,0.006022,36659,0.006021,69672,0.006020,25515,0.006019,16412,0.006018,40704,0.006017,57413,0.006016,21877,0.006026,2515,0.006027,21804,0.006028,4392,0.006029,20638,0.006030,13657,0.006031,12740,0.006032,13660,0.006033,31858,0.006034,69182,0.006035,27439
gate,bybit,VANRYUSDT,0.005595,0.006025,7.6854,1774108087745,0.005593,15782,0.005592,18752,0.005591,18815,0.00559,15770,0.005589,7502,0.005588,16160,0.005587,31600,0.005586,49523,0.005585,35473,0.005584,31600,0.005595,5076,0.005596,21797,0.005597,30218,0.005598,55429,0.005599,52067,0.0056,15546,0.005601,19962,0.005602,31600,0.005603,31600,0.005604,31600,0.006025,31320,0.006024,2802,0.006023,7481,0.006022,36659,0.006021,69672,0.006020,25515,0.006019,16412,0.006018,40704,0.006017,57413,0.006016,21877,0.006026,2515,0.006027,21804,0.006028,4392,0.006029,20638,0.006030,13657,0.006031,12740,0.006032,13660,0.006033,31858,0.006034,69182,0.006035,27439
gate,bybit,VANRYUSDT,0.005596,0.006025,7.6662,1774108088045,0.005594,7435,0.005593,15782,0.005592,18752,0.005591,18815,0.00559,15770,0.005589,5463,0.005588,11600,0.005587,31600,0.005586,49523,0.005585,35473,0.005596,4193,0.005597,30218,0.005598,60505,0.005599,63518,0.0056,11600,0.005601,19962,0.005602,31600,0.005603,31600,0.005604,31600,0.005605,40357,0.006025,31320,0.006024,2802,0.006023,7481,0.006022,36659,0.006021,69672,0.006020,25515,0.006019,16412,0.006018,40704,0.006017,57413,0.006016,21877,0.006026,2515,0.006027,21804,0.006028,4392,0.006029,20638,0.006030,13657,0.006031,12740,0.006032,13660,0.006033,31858,0.006034,69182,0.006035,27439
gate,bybit,VANRYUSDT,0.005596,0.006025,7.6662,1774108088346,0.005594,7435,0.005593,15782,0.005592,18752,0.005591,18815,0.00559,15770,0.005589,5463,0.005588,11600,0.005587,31600,0.005586,49523,0.005585,35473,0.005596,4193,0.005597,30218,0.005598,60505,0.005599,63518,0.0056,11600,0.005601,19962,0.005602,31600,0.005603,31600,0.005604,31600,0.005605,40357,0.006025,31320,0.006024,2802,0.006023,7481,0.006022,36659,0.006021,69672,0.006020,25515,0.006019,16412,0.006018,40704,0.006017,57413,0.006016,21877,0.006026,2515,0.006027,21804,0.006028,4392,0.006029,20638,0.006030,13657,0.006031,12740,0.006032,13660,0.006033,31858,0.006034,69182,0.006035,27439
gate,bybit,VANRYUSDT,0.005596,0.006025,7.6662,1774108088646,0.005594,7435,0.005593,15782,0.005592,18752,0.005591,18815,0.00559,15770,0.005589,5463,0.005588,11600,0.005587,31600,0.005586,49523,0.005585,35473,0.005596,4193,0.005597,30218,0.005598,60505,0.005599,63518,0.0056,11600,0.005601,19962,0.005602,31600,0.005603,31600,0.005604,31600,0.005605,40357,0.006025,31320,0.006024,2802,0.006023,7481,0.006022,38373,0.006021,69672,0.006020,25515,0.006019,16412,0.006018,40704,0.006017,57413,0.006016,21877,0.006026,2515,0.006027,21804,0.006028,2765,0.006029,20638,0.006030,13657,0.006031,12740,0.006032,13660,0.006033,31858,0.006034,69182,0.006035,27439
gate,bybit,VANRYUSDT,0.005597,0.006025,7.647,1774108088946,0.005594,19035,0.005593,15782,0.005592,18752,0.005591,18815,0.00559,15770,0.005588,11600,0.005587,31600,0.005586,49523,0.005585,35473,0.005584,31600,0.005597,23272,0.005598,54284,0.005599,63743,0.0056,23629,0.005601,19962,0.005602,31600,0.005603,31600,0.005604,31600,0.005605,40357,0.005606,31600,0.006025,31320,0.006024,2802,0.006023,7481,0.006022,38373,0.006021,69672,0.006020,25515,0.006019,16412,0.006018,40704,0.006017,57413,0.006016,21877,0.006026,2515,0.006027,21804,0.006028,2765,0.006029,20638,0.006030,13657,0.006031,12740,0.006032,13660,0.006033,31858,0.006034,69182,0.006035,27439
gate,bybit,VANRYUSDT,0.005597,0.006025,7.647,1774108089256,0.005594,19035,0.005593,15782,0.005592,18752,0.005591,18815,0.00559,15770,0.005589,4031,0.005588,31600,0.005587,31600,0.005586,49523,0.005585,35473,0.005597,42882,0.005598,54284,0.005599,63743,0.0056,23629,0.005601,19962,0.005602,31600,0.005603,31600,0.005604,31600,0.005605,40357,0.005606,31600,0.006025,31320,0.006024,2802,0.006023,7481,0.006022,38373,0.006021,69672,0.006020,25515,0.006019,16412,0.006018,40704,0.006017,57413,0.006016,21877,0.006026,2515,0.006027,21804,0.006028,2765,0.006029,20638,0.006030,13657,0.006031,12740,0.006032,13660,0.006033,31858,0.006034,69182,0.006035,27439
gate,bybit,VANRYUSDT,0.005597,0.006025,7.647,1774108089557,0.005594,19035,0.005593,15782,0.005592,18752,0.005591,18815,0.00559,15770,0.005589,4031,0.005588,31600,0.005587,31600,0.005586,49523,0.005585,35473,0.005597,42882,0.005598,54284,0.005599,63743,0.0056,23629,0.005601,19962,0.005602,31600,0.005603,31600,0.005604,31600,0.005605,40357,0.005606,31600,0.006025,31320,0.006024,2802,0.006023,7481,0.006022,38373,0.006021,69672,0.006020,25515,0.006019,16412,0.006018,40704,0.006017,57413,0.006016,21877,0.006026,2515,0.006027,21804,0.006028,2765,0.006029,20638,0.006030,13657,0.006031,12740,0.006032,13660,0.006033,31858,0.006034,69182,0.006035,27439
gate,bybit,VANRYUSDT,0.005597,0.006025,7.647,1774108089857,0.005595,4975,0.005594,19035,0.005593,15782,0.005592,18752,0.005591,18815,0.00559,15770,0.005589,4031,0.005588,31600,0.005587,31600,0.005586,49523,0.005597,20000,0.005598,54284,0.005599,63743,0.0056,42806,0.005601,19962,0.005602,31600,0.005603,31600,0.005604,31600,0.005605,40357,0.005606,31600,0.006025,31320,0.006024,2802,0.006023,7481,0.006022,38373,0.006021,69672,0.006020,25515,0.006019,16412,0.006018,40704,0.006017,57413,0.006016,21877,0.006026,2515,0.006027,21804,0.006028,2765,0.006029,20638,0.006030,13657,0.006031,12740,0.006032,13660,0.006033,31858,0.006034,69182,0.006035,27439
gate,bybit,VANRYUSDT,0.005597,0.006025,7.647,1774108090158,0.005595,4975,0.005594,19035,0.005593,15782,0.005592,18752,0.005591,18815,0.00559,15770,0.005589,4031,0.005588,31600,0.005587,31600,0.005586,49523,0.005597,16190,0.005598,54284,0.005599,63743,0.0056,46616,0.005601,19962,0.005602,31600,0.005603,31600,0.005604,31600,0.005605,40357,0.005606,31600,0.006025,31320,0.006024,2802,0.006023,7481,0.006022,38373,0.006021,69672,0.006020,25515,0.006019,16412,0.006018,40704,0.006017,57413,0.006016,21877,0.006026,2515,0.006027,21804,0.006028,2765,0.006029,20638,0.006030,13657,0.006031,12740,0.006032,13660,0.006033,31858,0.006034,69182,0.006035,27439
gate,bybit,VANRYUSDT,0.005597,0.006025,7.647,1774108090458,0.005594,19035,0.005593,15782,0.005592,18752,0.005591,18815,0.00559,15770,0.005589,4031,0.005588,31600,0.005587,31600,0.005586,49523,0.005585,35473,0.005597,27790,0.005598,54284,0.005599,63743,0.0056,46616,0.005601,19962,0.005602,31600,0.005603,31600,0.005604,31600,0.005605,47973,0.005606,31600,0.006025,31320,0.006024,2802,0.006023,7481,0.006022,38373,0.006021,69672,0.006020,25515,0.006019,16412,0.006018,40704,0.006017,57413,0.006016,21877,0.006026,2515,0.006027,21804,0.006028,2765,0.006029,20638,0.006030,13657,0.006031,12740,0.006032,13660,0.006033,31858,0.006034,69182,0.006035,27439
gate,bybit,VANRYUSDT,0.005597,0.006025,7.647,1774108090759,0.005594,19035,0.005593,15782,0.005592,18752,0.005591,18815,0.00559,15770,0.005588,31600,0.005587,31600,0.005586,49523,0.005585,35473,0.005584,11600,0.005597,23908,0.005598,54284,0.005599,63743,0.0056,50498,0.005601,19962,0.005602,31600,0.005603,31600,0.005604,31600,0.005605,47973,0.005606,31600,0.006025,31320,0.006024,2802,0.006023,7481,0.006022,38373,0.006021,69672,0.006020,25515,0.006019,16412,0.006018,40704,0.006017,57413,0.006016,21877,0.006026,2515,0.006027,21804,0.006028,2765,0.006029,20638,0.006030,13657,0.006031,12740,0.006032,13660,0.006033,31858,0.006034,69182,0.006035,27439
gate,bybit,VANRYUSDT,0.005597,0.006025,7.647,1774108091060,0.005595,7477,0.005594,19035,0.005593,15782,0.005592,18752,0.005591,18815,0.00559,15895,0.005588,31600,0.005587,31600,0.005586,49523,0.005585,35473,0.005597,6414,0.005598,54284,0.005599,63743,0.0056,67992,0.005601,19962,0.005602,31600,0.005603,31600,0.005604,31600,0.005605,47973,0.005606,31600,0.006025,31320,0.006024,2802,0.006023,7481,0.006022,38373,0.006021,69672,0.006020,25515,0.006019,16412,0.006018,40704,0.006017,57413,0.006016,21877,0.006026,2515,0.006027,21804,0.006028,2765,0.006029,20638,0.006030,13657,0.006031,12740,0.006032,13660,0.006033,31858,0.006034,69182,0.006035,27439
gate,bybit,VANRYUSDT,0.005597,0.006025,7.647,1774108091360,0.005595,4990,0.005594,19035,0.005593,15782,0.005592,18752,0.005591,18815,0.00559,15895,0.005588,31600,0.005587,31600,0.005586,49523,0.005585,35473,0.005597,6414,0.005598,54284,0.005599,63743,0.0056,67992,0.005601,19962,0.005602,31600,0.005603,31600,0.005604,31600,0.005605,47973,0.005606,31600,0.006025,31320,0.006024,2802,0.006023,7481,0.006022,38373,0.006021,69672,0.006020,25515,0.006019,16412,0.006018,40704,0.006017,57413,0.006016,21877,0.006026,2515,0.006027,21804,0.006028,2765,0.006029,20638,0.006030,13657,0.006031,12740,0.006032,13660,0.006033,31858,0.006034,69182,0.006035,27439
gate,bybit,VANRYUSDT,0.005597,0.006025,7.647,1774108091660,0.005595,4990,0.005594,19035,0.005593,15782,0.005592,18752,0.005591,18815,0.00559,15895,0.005588,31600,0.005587,31600,0.005586,49523,0.005585,15473,0.005597,6414,0.005598,54284,0.005599,63743,0.0056,67992,0.005601,19962,0.005602,31600,0.005603,31600,0.005604,31600,0.005605,47973,0.005606,31600,0.006025,31320,0.006024,2802,0.006023,7481,0.006022,38373,0.006021,69672,0.006020,25515,0.006019,16412,0.006018,40704,0.006017,57413,0.006016,21877,0.006026,2515,0.006027,21804,0.006028,2765,0.006029,20638,0.006030,13657,0.006031,12740,0.006032,13660,0.006033,31858,0.006034,69182,0.006035,27439
gate,bybit,VANRYUSDT,0.005598,0.006025,7.6277,1774108091960,0.005597,12996,0.005596,5730,0.005595,4990,0.005594,19035,0.005593,15782,0.005592,18752,0.005591,18815,0.00559,11600,0.005588,31600,0.005587,31600,0.005598,62945,0.005599,63743,0.0056,74406,0.005601,19962,0.005602,31600,0.005603,31600,0.005604,31600,0.005605,47973,0.005606,31600,0.005607,19939,0.006025,31320,0.006024,2802,0.006023,7481,0.006022,38373,0.006021,69672,0.006020,25515,0.006019,16412,0.006018,40704,0.006017,57413,0.006016,21877,0.006026,2515,0.006027,21804,0.006028,2765,0.006029,20638,0.006030,13657,0.006031,12740,0.006032,13660,0.006033,31858,0.006034,69182,0.006035,27439
gate,bybit,VANRYUSDT,0.005598,0.006025,7.6277,1774108092260,0.005597,12996,0.005596,5730,0.005595,4990,0.005594,19035,0.005593,15782,0.005592,18752,0.005591,18815,0.00559,11600,0.005589,20000,0.005588,31600,0.005598,62945,0.005599,63743,0.0056,74406,0.005601,19962,0.005602,37993,0.005603,31600,0.005604,31600,0.005605,56168,0.005606,31600,0.005607,33608,0.006025,31320,0.006024,2802,0.006023,7481,0.006022,38373,0.006021,69672,0.006020,25515,0.006019,16412,0.006018,40704,0.006017,57413,0.006016,21877,0.006026,2515,0.006027,21804,0.006028,2765,0.006029,20638,0.006030,13657,0.006031,12740,0.006032,13660,0.006033,31858,0.006034,69182,0.006035,27439
gate,bybit,VANRYUSDT,0.005598,0.006025,7.6277,1774108092560,0.005597,12996,0.005596,5730,0.005595,4990,0.005594,19035,0.005593,15782,0.005592,18752,0.005591,18815,0.00559,11600,0.005589,20000,0.005588,31600,0.005598,62945,0.005599,63743,0.0056,74406,0.005601,19962,0.005602,37993,0.005603,31600,0.005604,31600,0.005605,56168,0.005606,31600,0.005607,33608,0.006025,34847,0.006024,2802,0.006023,7481,0.006022,34848,0.006021,69672,0.006020,25515,0.006019,16412,0.006018,40704,0.006017,57413,0.006016,21877,0.006026,2515,0.006027,21804,0.006028,2765,0.006029,20638,0.006030,13657,0.006031,12740,0.006032,13660,0.006033,31858,0.006034,69182,0.006035,27439
gate,bybit,VANRYUSDT,0.005598,0.006025,7.6277,1774108092861,0.005597,12996,0.005596,5730,0.005595,4990,0.005594,19035,0.005593,15782,0.005592,18752,0.005591,18815,0.00559,11600,0.005589,20000,0.005588,31600,0.005598,62945,0.005599,63743,0.0056,74406,0.005601,19962,0.005602,37993,0.005603,31600,0.005604,31600,0.005605,56168,0.005606,31600,0.005607,33608,0.006025,34847,0.006024,2802,0.006023,7481,0.006022,34848,0.006021,69672,0.006020,25515,0.006019,16412,0.006018,40704,0.006017,57413,0.006016,21877,0.006026,2515,0.006027,21804,0.006028,2765,0.006029,20638,0.006030,13657,0.006031,12740,0.006032,13660,0.006033,31858,0.006034,69182,0.006035,27439
gate,bybit,VANRYUSDT,0.005598,0.006025,7.6277,1774108093161,0.005597,12996,0.005596,5730,0.005595,4990,0.005594,19035,0.005593,15782,0.005592,18752,0.005591,19058,0.00559,11600,0.005589,20000,0.005588,31600,0.005598,50186,0.005599,63743,0.0056,74406,0.005601,32721,0.005602,37993,0.005603,31600,0.005604,31600,0.005605,56168,0.005606,31600,0.005607,33608,0.006025,34847,0.006024,2802,0.006023,7481,0.006022,34848,0.006021,69672,0.006020,25515,0.006019,16412,0.006018,40704,0.006017,57413,0.006016,21877,0.006026,2515,0.006027,21804,0.006028,2765,0.006029,20638,0.006030,13657,0.006031,12740,0.006032,13660,0.006033,31858,0.006034,69182,0.006035,27439
gate,bybit,VANRYUSDT,0.005598,0.006025,7.6277,1774108093461,0.005597,12996,0.005596,5730,0.005595,4990,0.005594,19035,0.005593,15782,0.005592,18752,0.005591,19058,0.00559,11600,0.005589,20000,0.005588,31600,0.005598,50186,0.005599,63743,0.0056,74406,0.005601,32721,0.005602,37993,0.005603,31600,0.005604,31600,0.005605,56168,0.005606,31600,0.005607,33608,0.006025,34847,0.006024,2802,0.006023,7481,0.006022,34848,0.006021,69672,0.006020,25515,0.006019,16412,0.006018,40704,0.006017,57413,0.006016,21877,0.006026,2515,0.006027,21804,0.006028,2765,0.006029,20638,0.006030,13657,0.006031,12740,0.006032,13660,0.006033,31858,0.006034,69182,0.006035,27439
gate,bybit,VANRYUSDT,0.005598,0.006025,7.6277,1774108093762,0.005597,12996,0.005596,5730,0.005595,4990,0.005594,19035,0.005593,15782,0.005592,18752,0.005591,19058,0.00559,11600,0.005589,20000,0.005588,31600,0.005598,50186,0.005599,63743,0.0056,74406,0.005601,32721,0.005602,37993,0.005603,31600,0.005604,31600,0.005605,56168,0.005606,31600,0.005607,33608,0.006025,34847,0.006024,2802,0.006023,7481,0.006022,34848,0.006021,69672,0.006020,25515,0.006019,16412,0.006018,40704,0.006017,57413,0.006016,21877,0.006026,2515,0.006027,21804,0.006028,2765,0.006029,20638,0.006030,13657,0.006031,12740,0.006032,13660,0.006033,31858,0.006034,69182,0.006035,27439
gate,bybit,VANRYUSDT,0.005598,0.006025,7.6277,1774108094062,0.005597,12996,0.005596,5730,0.005595,4990,0.005594,19035,0.005593,15782,0.005592,18752,0.005591,19071,0.00559,11600,0.005589,20000,0.005588,31600,0.005598,29248,0.005599,72404,0.0056,74406,0.005601,44998,0.005602,37993,0.005603,31600,0.005604,31600,0.005605,56168,0.005606,31600,0.005607,33608,0.006025,34847,0.006024,2802,0.006023,7481,0.006022,34848,0.006021,69672,0.006020,25515,0.006019,16412,0.006018,40704,0.006017,57413,0.006016,21877,0.006026,2515,0.006027,21804,0.006028,2765,0.006029,20638,0.006030,13657,0.006031,12740,0.006032,13660,0.006033,31858,0.006034,69182,0.006035,27439
gate,bybit,VANRYUSDT,0.005598,0.006025,7.6277,1774108094363,0.005597,12996,0.005596,5730,0.005595,4990,0.005594,19035,0.005593,15782,0.005592,18752,0.005591,19071,0.00559,11600,0.005589,20000,0.005588,31600,0.005598,40848,0.005599,63743,0.0056,74406,0.005601,44998,0.005602,37993,0.005603,31600,0.005604,31600,0.005605,56168,0.005606,31600,0.005607,33608,0.006025,34847,0.006024,2802,0.006023,7481,0.006022,34848,0.006021,69672,0.006020,25515,0.006019,16412,0.006018,40704,0.006017,57413,0.006016,21877,0.006026,2515,0.006027,21804,0.006028,2765,0.006029,20638,0.006030,13657,0.006031,12740,0.006032,13660,0.006033,31858,0.006034,69182,0.006035,27439
gate,bybit,VANRYUSDT,0.005598,0.006025,7.6277,1774108094663,0.005597,12996,0.005596,5730,0.005595,4990,0.005594,19035,0.005593,15782,0.005592,18752,0.005591,19071,0.00559,11600,0.005589,20000,0.005588,31600,0.005598,40848,0.005599,63743,0.0056,74406,0.005601,44998,0.005602,37993,0.005603,31600,0.005604,31600,0.005605,56168,0.005606,31600,0.005607,33608,0.006025,34847,0.006024,2802,0.006023,7481,0.006022,34848,0.006021,69672,0.006020,25515,0.006019,16412,0.006018,40704,0.006017,57413,0.006016,21877,0.006026,2515,0.006027,21804,0.006028,2765,0.006029,20638,0.006030,13657,0.006031,12740,0.006032,13660,0.006033,31858,0.006034,69182,0.006035,27439
gate,bybit,VANRYUSDT,0.005598,0.006025,7.6277,1774108094963,0.005597,12996,0.005596,5730,0.005595,4990,0.005594,19035,0.005593,15782,0.005592,18752,0.005591,19071,0.00559,11600,0.005589,20000,0.005588,31600,0.005598,26882,0.005599,63743,0.0056,74406,0.005601,44998,0.005602,37993,0.005603,31600,0.005604,31600,0.005605,56168,0.005606,31600,0.005607,33608,0.006025,34847,0.006024,2802,0.006023,7481,0.006022,34848,0.006021,69672,0.006020,25515,0.006019,16412,0.006018,40704,0.006017,57413,0.006016,21877,0.006026,2515,0.006027,21804,0.006028,2765,0.006029,20638,0.006030,13657,0.006031,12740,0.006032,13660,0.006033,31858,0.006034,69182,0.006035,27439
gate,bybit,VANRYUSDT,0.005598,0.006025,7.6277,1774108095264,0.005597,12996,0.005596,5730,0.005595,4990,0.005594,19035,0.005593,15782,0.005592,18752,0.005591,19071,0.00559,11600,0.005589,20000,0.005588,31600,0.005598,26882,0.005599,63743,0.0056,74406,0.005601,58964,0.005602,37993,0.005603,31600,0.005604,31600,0.005605,56168,0.005606,31600,0.005607,33608,0.006025,34847,0.006024,2802,0.006023,7481,0.006022,34848,0.006021,69672,0.006020,25515,0.006019,16412,0.006018,40704,0.006017,57413,0.006016,21877,0.006026,2515,0.006027,21804,0.006028,2765,0.006029,20638,0.006030,13657,0.006031,12740,0.006032,13660,0.006033,31858,0.006034,69182,0.006035,27439
gate,bybit,VANRYUSDT,0.005598,0.006025,7.6277,1774108095564,0.005597,12996,0.005596,5730,0.005595,4990,0.005594,19035,0.005593,15782,0.005592,18752,0.005591,19071,0.00559,11600,0.005589,20000,0.005588,31600,0.005598,26882,0.005599,72404,0.0056,74406,0.005601,58964,0.005602,37993,0.005603,31600,0.005604,31600,0.005605,56168,0.005606,31600,0.005607,33608,0.006025,34847,0.006024,2802,0.006023,7481,0.006022,34848,0.006021,69672,0.006020,25515,0.006019,16412,0.006018,40704,0.006017,57413,0.006016,21877,0.006026,2515,0.006027,21804,0.006028,2765,0.006029,20638,0.006030,13657,0.006031,12740,0.006032,13660,0.006033,31858,0.006034,69182,0.006035,27439
gate,bybit,VANRYUSDT,0.005598,0.006025,7.6277,1774108095864,0.005597,12996,0.005596,5730,0.005595,4990,0.005594,19035,0.005593,15782,0.005592,18752,0.005591,19071,0.00559,11600,0.005589,20000,0.005588,31600,0.005598,26882,0.005599,72404,0.0056,74406,0.005601,58964,0.005602,37993,0.005603,31600,0.005604,31600,0.005605,56168,0.005606,31600,0.005607,33608,0.006025,34847,0.006024,2802,0.006023,7481,0.006022,34848,0.006021,69672,0.006020,25515,0.006019,16412,0.006018,40704,0.006017,57413,0.006016,21877,0.006026,2515,0.006027,21804,0.006028,2765,0.006029,20638,0.006030,13657,0.006031,12740,0.006032,13660,0.006033,31858,0.006034,69182,0.006035,27439
gate,bybit,VANRYUSDT,0.005598,0.006025,7.6277,1774108096164,0.005597,12996,0.005596,5730,0.005595,16590,0.005594,19035,0.005593,15782,0.005592,18752,0.005591,18105,0.00559,11600,0.005589,20000,0.005588,31600,0.005598,12688,0.005599,63743,0.0056,74406,0.005601,73158,0.005602,37993,0.005603,31600,0.005604,31600,0.005605,56168,0.005606,31600,0.005607,33608,0.006025,34847,0.006024,2802,0.006023,7481,0.006022,34848,0.006021,69672,0.006020,25515,0.006019,16412,0.006018,40704,0.006017,57413,0.006016,21877,0.006026,2515,0.006027,21804,0.006028,2765,0.006029,20638,0.006030,13657,0.006031,12740,0.006032,13660,0.006033,31858,0.006034,69182,0.006035,27439
gate,bybit,VANRYUSDT,0.005598,0.006025,7.6277,1774108096465,0.005597,12996,0.005596,5730,0.005595,16590,0.005594,19035,0.005593,15782,0.005592,18752,0.005591,18105,0.00559,11600,0.005589,20000,0.005588,31600,0.005598,12688,0.005599,63743,0.0056,74406,0.005601,73158,0.005602,37993,0.005603,31600,0.005604,31600,0.005605,56168,0.005606,31600,0.005607,33608,0.006025,34847,0.006024,2802,0.006023,7481,0.006022,34848,0.006021,69672,0.006020,25515,0.006019,16412,0.006018,40704,0.006017,57413,0.006016,21877,0.006026,2515,0.006027,21804,0.006028,2765,0.006029,20638,0.006030,13657,0.006031,12740,0.006032,13660,0.006033,31858,0.006034,69182,0.006035,27439
gate,bybit,VANRYUSDT,0.005598,0.006025,7.6277,1774108096765,0.005597,17360,0.005596,5730,0.005595,16590,0.005594,19035,0.005593,15782,0.005592,18752,0.005591,11600,0.00559,11600,0.005589,20000,0.005588,31600,0.005598,8761,0.005599,63743,0.0056,74406,0.005601,77085,0.005602,37993,0.005603,31600,0.005604,31600,0.005605,56168,0.005606,31600,0.005607,33608,0.006025,34847,0.006024,2802,0.006023,7481,0.006022,34848,0.006021,69672,0.006020,25515,0.006019,16412,0.006018,40704,0.006017,57413,0.006016,21877,0.006026,2515,0.006027,21804,0.006028,2765,0.006029,20638,0.006030,13657,0.006031,12740,0.006032,13660,0.006033,31858,0.006034,69182,0.006035,27439
gate,bybit,VANRYUSDT,0.005598,0.006025,7.6277,1774108097065,0.005597,12996,0.005596,5730,0.005595,16590,0.005594,19035,0.005593,15782,0.005592,7469,0.005591,15688,0.00559,11600,0.005589,20000,0.005588,31600,0.005598,11600,0.005599,138074,0.0056,74406,0.005601,85846,0.005602,42072,0.005603,31600,0.005604,31600,0.005605,56168,0.005606,31600,0.005607,33608,0.006025,34847,0.006024,2802,0.006023,7481,0.006022,34848,0.006021,69672,0.006020,25515,0.006019,16412,0.006018,40704,0.006017,57413,0.006016,21877,0.006026,2515,0.006027,21804,0.006028,2765,0.006029,20638,0.006030,13657,0.006031,12740,0.006032,13660,0.006033,31858,0.006034,69182,0.006035,27439
gate,bybit,VANRYUSDT,0.005598,0.006025,7.6277,1774108097365,0.005597,12996,0.005596,5730,0.005595,16590,0.005594,19035,0.005593,15782,0.005592,7469,0.005591,15688,0.00559,11600,0.005589,20000,0.005588,31600,0.005598,11600,0.005599,138074,0.0056,74406,0.005601,85846,0.005602,42072,0.005603,31600,0.005604,31600,0.005605,56168,0.005606,31600,0.005607,33608,0.006025,34847,0.006024,4516,0.006023,7481,0.006022,34848,0.006021,69672,0.006020,25515,0.006019,16412,0.006018,40704,0.006017,57413,0.006016,21877,0.006026,2515,0.006027,21804,0.006028,2765,0.006029,18924,0.006030,13657,0.006031,12740,0.006032,13660,0.006033,31858,0.006034,69182,0.006035,27439
gate,bybit,VANRYUSDT,0.005598,0.006025,7.6277,1774108097665,0.005597,12996,0.005596,5730,0.005595,16590,0.005594,19035,0.005593,15782,0.005592,7469,0.005591,15688,0.00559,11600,0.005589,20000,0.005588,31600,0.005598,11600,0.005599,138074,0.0056,74406,0.005601,85846,0.005602,42072,0.005603,31600,0.005604,31600,0.005605,56168,0.005606,31600,0.005607,33608,0.006025,34847,0.006024,4516,0.006023,7481,0.006022,34848,0.006021,69672,0.006020,25515,0.006019,16412,0.006018,40704,0.006017,57413,0.006016,21877,0.006026,2515,0.006027,21804,0.006028,2765,0.006029,18924,0.006030,13657,0.006031,12740,0.006032,13660,0.006033,31858,0.006034,69182,0.006035,27439
gate,bybit,VANRYUSDT,0.005598,0.006025,7.6277,1774108097965,0.005597,12996,0.005596,5730,0.005595,16590,0.005594,19035,0.005593,15782,0.005592,7469,0.005591,15688,0.00559,11600,0.005589,20000,0.005588,31600,0.005598,11600,0.005599,138074,0.0056,74406,0.005601,85846,0.005602,42072,0.005603,31600,0.005604,31600,0.005605,56168,0.005606,31600,0.005607,33608,0.006025,34847,0.006024,4516,0.006023,7481,0.006022,34848,0.006021,69672,0.006020,25515,0.006019,16412,0.006018,40704,0.006017,57413,0.006016,21877,0.006026,2515,0.006027,21804,0.006028,2765,0.006029,18924,0.006030,13657,0.006031,12740,0.006032,13660,0.006033,31858,0.006034,69182,0.006035,27439
gate,bybit,VANRYUSDT,0.005599,0.006025,7.6085,1774108098265,0.005597,12996,0.005596,5730,0.005595,16590,0.005594,19035,0.005593,15782,0.005592,7469,0.005591,15688,0.00559,11600,0.005589,20000,0.005588,31600,0.005599,127101,0.0056,74406,0.005601,97446,0.005602,44384,0.005603,31600,0.005604,31600,0.005605,56168,0.005606,31600,0.005607,33608,0.005609,26900,0.006025,34847,0.006024,4516,0.006023,7481,0.006022,34848,0.006021,69672,0.006020,25515,0.006019,16412,0.006018,40704,0.006017,57413,0.006016,21877,0.006026,2515,0.006027,21804,0.006028,2765,0.006029,18924,0.006030,13657,0.006031,12740,0.006032,13660,0.006033,31858,0.006034,69182,0.006035,27439
gate,bybit,VANRYUSDT,0.005599,0.006025,7.6085,1774108098566,0.005597,12996,0.005596,5730,0.005595,16590,0.005594,19035,0.005593,15782,0.005592,7469,0.005591,15688,0.00559,11600,0.005589,20000,0.005588,31600,0.005599,127101,0.0056,74406,0.005601,97446,0.005602,44384,0.005603,31600,0.005604,31600,0.005605,56168,0.005606,31600,0.005607,33608,0.005609,26900,0.006025,34847,0.006024,4516,0.006023,7481,0.006022,34848,0.006021,69672,0.006020,25515,0.006019,16412,0.006018,40704,0.006017,57413,0.006016,21877,0.006026,2515,0.006027,21804,0.006028,2765,0.006029,18924,0.006030,13657,0.006031,12740,0.006032,13660,0.006033,31858,0.006034,69182,0.006035,27439
gate,bybit,VANRYUSDT,0.005599,0.006025,7.6085,1774108098866,0.005597,12996,0.005596,5730,0.005595,16590,0.005594,19035,0.005593,15782,0.005592,7469,0.005591,15688,0.00559,11600,0.005589,20000,0.005588,31600,0.005599,127101,0.0056,74406,0.005601,97446,0.005602,44384,0.005603,31600,0.005604,31600,0.005605,56168,0.005606,31600,0.005607,33608,0.005609,26900,0.006025,34847,0.006024,4516,0.006023,7481,0.006022,34848,0.006021,69672,0.006020,25515,0.006019,16412,0.006018,40704,0.006017,57413,0.006016,21877,0.006026,2515,0.006027,21804,0.006028,2765,0.006029,18924,0.006030,13657,0.006031,12740,0.006032,13660,0.006033,31858,0.006034,69182,0.006035,27439
gate,bybit,VANRYUSDT,0.005599,0.006025,7.6085,1774108099166,0.005597,12996,0.005596,5730,0.005595,16590,0.005594,19035,0.005593,15782,0.005592,7392,0.005591,15688,0.00559,11600,0.005589,20000,0.005588,31600,0.005599,143190,0.0056,74406,0.005601,97446,0.005602,56956,0.005603,31600,0.005604,31600,0.005605,56168,0.005606,31600,0.005607,33608,0.005609,26900,0.006025,34847,0.006024,4516,0.006023,7481,0.006022,34848,0.006021,69672,0.006020,25515,0.006019,16412,0.006018,40704,0.006017,57413,0.006016,21877,0.006026,2515,0.006027,21804,0.006028,2765,0.006029,18924,0.006030,13657,0.006031,12740,0.006032,13660,0.006033,31858,0.006034,69182,0.006035,27439
gate,bybit,VANRYUSDT,0.005599,0.006025,7.6085,1774108099466,0.005597,12996,0.005596,5730,0.005595,16590,0.005594,19035,0.005593,15782,0.005592,7392,0.005591,15688,0.00559,11600,0.005589,20000,0.005588,31600,0.005599,143190,0.0056,74406,0.005601,97446,0.005602,56956,0.005603,31600,0.005604,31600,0.005605,56168,0.005606,31600,0.005607,33608,0.005609,26900,0.006025,34847,0.006024,4516,0.006023,7481,0.006022,34848,0.006021,69672,0.006020,25515,0.006019,16412,0.006018,40704,0.006017,57413,0.006016,21877,0.006026,2515,0.006027,21804,0.006028,2765,0.006029,18924,0.006030,13657,0.006031,12740,0.006032,13660,0.006033,31858,0.006034,69182,0.006035,27439
gate,bybit,VANRYUSDT,0.005599,0.006025,7.6085,1774108099767,0.005597,12996,0.005596,5730,0.005595,16590,0.005594,19035,0.005593,15782,0.005592,7392,0.005591,15688,0.00559,11600,0.005589,20000,0.005588,31600,0.005599,143190,0.0056,74406,0.005601,97446,0.005602,56956,0.005603,31600,0.005604,31600,0.005605,56168,0.005606,31600,0.005607,33608,0.005609,26900,0.006025,34847,0.006024,4516,0.006023,7481,0.006022,34848,0.006021,69672,0.006020,25515,0.006019,16412,0.006018,40704,0.006017,57413,0.006016,21877,0.006026,2515,0.006027,21804,0.006028,2765,0.006029,18924,0.006030,13657,0.006031,12740,0.006032,13660,0.006033,31858,0.006034,69182,0.006035,27439
gate,bybit,VANRYUSDT,0.005599,0.006025,7.6085,1774108100077,0.005597,12996,0.005596,5730,0.005595,16590,0.005594,19035,0.005593,15782,0.005592,7392,0.005591,15688,0.00559,11600,0.005589,20000,0.005588,31600,0.005599,143190,0.0056,74406,0.005601,97446,0.005602,56956,0.005603,31600,0.005604,31600,0.005605,56168,0.005606,31600,0.005607,33608,0.005609,26900,0.006025,34847,0.006024,4516,0.006023,7481,0.006022,34848,0.006021,69672,0.006020,25515,0.006019,16412,0.006018,40704,0.006017,57413,0.006016,21877,0.006026,2515,0.006027,21804,0.006028,2765,0.006029,18924,0.006030,13657,0.006031,12740,0.006032,13660,0.006033,31858,0.006034,69182,0.006035,27439
gate,bybit,VANRYUSDT,0.005599,0.006025,7.6085,1774108100388,0.005597,12996,0.005596,5730,0.005595,16590,0.005594,19035,0.005593,15782,0.005592,7392,0.005591,15688,0.00559,11600,0.005589,20000,0.005588,31600,0.005599,130913,0.0056,74406,0.005601,97446,0.005602,69233,0.005603,31600,0.005604,31600,0.005605,56168,0.005606,31600,0.005607,33608,0.005609,26900,0.006025,34847,0.006024,4516,0.006023,7481,0.006022,34848,0.006021,69672,0.006020,25515,0.006019,16412,0.006018,40704,0.006017,57413,0.006016,21877,0.006026,2515,0.006027,21804,0.006028,2765,0.006029,18924,0.006030,13657,0.006031,12740,0.006032,13660,0.006033,31858,0.006034,69182,0.006035,27439
gate,bybit,VANRYUSDT,0.005599,0.006025,7.6085,1774108100695,0.005597,12996,0.005596,5730,0.005595,16590,0.005594,19035,0.005593,15782,0.005592,7392,0.005591,15688,0.00559,11600,0.005589,20000,0.005588,31600,0.005599,130913,0.0056,74406,0.005601,97446,0.005602,69233,0.005603,31600,0.005604,31600,0.005605,56168,0.005606,31600,0.005607,33608,0.005609,26900,0.006025,34847,0.006024,4516,0.006023,7481,0.006022,34848,0.006021,69672,0.006020,25515,0.006019,16412,0.006018,40704,0.006017,57413,0.006016,21877,0.006026,2515,0.006027,21804,0.006028,2765,0.006029,18924,0.006030,13657,0.006031,12740,0.006032,13660,0.006033,31858,0.006034,69182,0.006035,27439
gate,bybit,VANRYUSDT,0.005599,0.006025,7.6085,1774108100996,0.005597,12996,0.005596,5730,0.005595,16590,0.005594,19035,0.005593,15782,0.005592,7392,0.005591,15688,0.00559,11600,0.005589,20000,0.005588,31600,0.005599,130913,0.0056,74406,0.005601,97446,0.005602,69233,0.005603,31600,0.005604,31600,0.005605,56168,0.005606,31600,0.005607,33608,0.005609,26900,0.006025,36964,0.006024,4516,0.006023,7481,0.006022,33018,0.006021,69672,0.006020,25515,0.006019,16412,0.006018,40704,0.006017,57413,0.006016,21877,0.006026,2515,0.006027,21804,0.006028,2765,0.006029,18924,0.006030,13657,0.006031,12740,0.006032,13660,0.006033,31858,0.006034,69182,0.006035,27439
gate,bybit,VANRYUSDT,0.005599,0.006025,7.6085,1774108101298,0.005597,12996,0.005596,5730,0.005595,16590,0.005594,19035,0.005593,15782,0.005592,7392,0.005591,15688,0.00559,11600,0.005589,20000,0.005588,31600,0.005599,116492,0.0056,74406,0.005601,97446,0.005602,83654,0.005603,31600,0.005604,31600,0.005605,56168,0.005606,31600,0.005607,33608,0.005609,26900,0.006025,36964,0.006024,4516,0.006023,7481,0.006022,33018,0.006021,69672,0.006020,25515,0.006019,16412,0.006018,40704,0.006017,57413,0.006016,21877,0.006026,2515,0.006027,21804,0.006028,2765,0.006029,18924,0.006030,13657,0.006031,12740,0.006032,13660,0.006033,31858,0.006034,69182,0.006035,27439
gate,bybit,VANRYUSDT,0.005599,0.006025,7.6085,1774108101600,0.005597,12996,0.005596,5730,0.005595,16590,0.005594,19035,0.005593,15782,0.005592,7392,0.005591,15688,0.00559,11600,0.005589,20000,0.005588,31600,0.005599,104656,0.0056,74406,0.005601,97446,0.005602,86896,0.005603,31600,0.005604,31600,0.005605,56168,0.005606,31600,0.005607,33608,0.005609,26900,0.006025,36964,0.006024,4516,0.006023,7481,0.006022,33018,0.006021,69672,0.006020,25515,0.006019,16412,0.006018,40704,0.006017,57413,0.006016,21877,0.006026,2515,0.006027,21804,0.006028,2765,0.006029,18924,0.006030,13657,0.006031,12740,0.006032,13660,0.006033,31858,0.006034,69182,0.006035,27439
gate,bybit,VANRYUSDT,0.005599,0.006025,7.6085,1774108101903,0.005597,12996,0.005596,5730,0.005595,16590,0.005594,19035,0.005593,15782,0.005592,7392,0.005591,15688,0.00559,11600,0.005589,20000,0.005588,31600,0.005599,113317,0.0056,74406,0.005601,97446,0.005602,86896,0.005603,31600,0.005604,31600,0.005605,56168,0.005606,31600,0.005607,33608,0.005609,26900,0.006025,36964,0.006024,4516,0.006023,7481,0.006022,33018,0.006021,69672,0.006020,25515,0.006019,16412,0.006018,40704,0.006017,57413,0.006016,21877,0.006026,2515,0.006027,21804,0.006028,2765,0.006029,18924,0.006030,13657,0.006031,12740,0.006032,13660,0.006033,31858,0.006034,69182,0.006035,27439
gate,bybit,VANRYUSDT,0.005599,0.006025,7.6085,1774108102211,0.005597,12996,0.005596,5730,0.005595,16590,0.005594,19035,0.005593,15782,0.005592,7392,0.005591,15688,0.00559,11600,0.005589,20000,0.005588,31600,0.005599,99968,0.0056,74406,0.005601,97446,0.005602,100245,0.005603,31600,0.005604,31600,0.005605,56168,0.005606,31600,0.005607,33608,0.005609,26900,0.006025,36964,0.006024,4516,0.006023,7481,0.006022,33018,0.006021,69672,0.006020,25515,0.006019,16412,0.006018,40704,0.006017,57413,0.006016,21877,0.006026,2515,0.006027,21804,0.006028,2765,0.006029,18924,0.006030,13657,0.006031,12740,0.006032,13660,0.006033,31858,0.006034,69182,0.006035,27439
gate,bybit,VANRYUSDT,0.005599,0.006025,7.6085,1774108102514,0.005597,12996,0.005596,5730,0.005595,16590,0.005594,19035,0.005593,15782,0.005592,7392,0.005591,15688,0.00559,11600,0.005589,20000,0.005588,31600,0.005599,99968,0.0056,74406,0.005601,97446,0.005602,100245,0.005603,31600,0.005604,31600,0.005605,56168,0.005606,31600,0.005607,33608,0.005609,26900,0.006025,36964,0.006024,2802,0.006023,7481,0.006022,33018,0.006021,69672,0.006020,25515,0.006019,16412,0.006018,40704,0.006017,57413,0.006016,21877,0.006026,2515,0.006027,21804,0.006028,2765,0.006029,18924,0.006030,13657,0.006031,12740,0.006032,13660,0.006033,31858,0.006034,69182,0.006035,27439
gate,bybit,VANRYUSDT,0.005599,0.006025,7.6085,1774108102816,0.005597,12996,0.005596,5730,0.005595,16590,0.005594,19035,0.005593,15782,0.005592,7392,0.005591,15688,0.00559,11600,0.005589,20000,0.005588,31600,0.005599,99968,0.0056,74406,0.005601,97446,0.005602,100245,0.005603,31600,0.005604,31600,0.005605,56168,0.005606,31600,0.005607,33608,0.005609,26900,0.006025,36964,0.006024,2802,0.006023,7481,0.006022,33018,0.006021,69672,0.006020,25515,0.006019,16412,0.006018,40704,0.006017,57413,0.006016,21877,0.006026,2515,0.006027,21804,0.006028,2765,0.006029,18924,0.006030,13657,0.006031,12740,0.006032,13660,0.006033,31858,0.006034,69182,0.006035,27439
gate,bybit,VANRYUSDT,0.005599,0.006025,7.6085,1774108103118,0.005597,12996,0.005596,5730,0.005595,16590,0.005594,19035,0.005593,15782,0.005592,18992,0.005591,15688,0.00559,11600,0.005589,20000,0.005588,31600,0.005599,85895,0.0056,74406,0.005601,97446,0.005602,100245,0.005603,31600,0.005604,31600,0.005605,56168,0.005606,31600,0.005607,33608,0.005609,26900,0.006025,36964,0.006024,2802,0.006023,7481,0.006022,33018,0.006021,69672,0.006020,25515,0.006019,16412,0.006018,40704,0.006017,57413,0.006016,21877,0.006026,2515,0.006027,21804,0.006028,2765,0.006029,18924,0.006030,13657,0.006031,12740,0.006032,13660,0.006033,31858,0.006034,69182,0.006035,27439
gate,bybit,VANRYUSDT,0.005599,0.006025,7.6085,1774108103424,0.005597,12996,0.005596,5730,0.005595,16590,0.005594,19035,0.005593,15782,0.005592,18992,0.005591,15688,0.00559,11600,0.005589,20000,0.005588,31600,0.005599,77234,0.0056,74406,0.005601,97446,0.005602,114318,0.005603,31600,0.005604,31600,0.005605,56168,0.005606,31600,0.005607,33608,0.005609,26900,0.006025,36980,0.006024,2802,0.006023,7481,0.006022,33018,0.006021,69672,0.006020,25515,0.006019,16412,0.006018,40704,0.006017,57413,0.006016,21877,0.006026,2515,0.006027,21804,0.006028,2765,0.006029,18924,0.006030,13657,0.006031,12740,0.006032,13660,0.006033,31858,0.006034,69182,0.006035,27439
gate,bybit,VANRYUSDT,0.005599,0.006025,7.6085,1774108103725,0.005597,12996,0.005596,5730,0.005595,16590,0.005594,19035,0.005593,15782,0.005592,18992,0.005591,15688,0.00559,11600,0.005589,20000,0.005588,31600,0.005599,77234,0.0056,74406,0.005601,97446,0.005602,114318,0.005603,31600,0.005604,31600,0.005605,56168,0.005606,31600,0.005607,33608,0.005609,26900,0.006025,36980,0.006024,2802,0.006023,7481,0.006022,33018,0.006021,69672,0.006020,25515,0.006019,16412,0.006018,40704,0.006017,57413,0.006016,21877,0.006026,2515,0.006027,21804,0.006028,2765,0.006029,18924,0.006030,13657,0.006031,12740,0.006032,13660,0.006033,31858,0.006034,69182,0.006035,27439
gate,bybit,VANRYUSDT,0.005599,0.006025,7.6085,1774108104031,0.005597,12996,0.005596,5730,0.005595,16590,0.005594,19035,0.005593,15782,0.005592,18992,0.005591,15688,0.00559,11600,0.005589,20000,0.005588,31600,0.005599,85895,0.0056,74406,0.005601,97446,0.005602,114318,0.005603,31600,0.005604,31600,0.005605,56168,0.005606,31600,0.005607,33608,0.005609,26900,0.006025,36980,0.006024,2802,0.006023,7481,0.006022,33018,0.006021,69672,0.006020,25515,0.006019,16412,0.006018,40704,0.006017,57413,0.006016,21877,0.006026,2515,0.006027,21804,0.006028,2765,0.006029,18924,0.006030,13657,0.006031,12740,0.006032,13660,0.006033,31858,0.006034,69182,0.006035,27439
gate,bybit,VANRYUSDT,0.005599,0.006025,7.6085,1774108104338,0.005597,12996,0.005596,5730,0.005595,16590,0.005594,19035,0.005593,15782,0.005592,18992,0.005591,11600,0.00559,11600,0.005589,20000,0.005588,31600,0.005599,73109,0.0056,74406,0.005601,97446,0.005602,127104,0.005603,31600,0.005604,31600,0.005605,56168,0.005606,31600,0.005607,33608,0.005609,26900,0.006025,36980,0.006024,2802,0.006023,7481,0.006022,33018,0.006021,69672,0.006020,25515,0.006019,16412,0.006018,40704,0.006017,57413,0.006016,21877,0.006026,2515,0.006027,21804,0.006028,2765,0.006029,18924,0.006030,13657,0.006031,12740,0.006032,13660,0.006033,31858,0.006034,69182,0.006035,27439
gate,bybit,VANRYUSDT,0.005599,0.006025,7.6085,1774108104651,0.005597,12996,0.005596,5730,0.005595,16590,0.005594,19035,0.005593,15782,0.005592,18992,0.005591,11600,0.00559,11600,0.005589,20000,0.005588,31600,0.005599,73109,0.0056,74406,0.005601,97446,0.005602,127104,0.005603,31600,0.005604,31600,0.005605,56168,0.005606,31600,0.005607,33608,0.005609,26900,0.006025,36980,0.006024,2802,0.006023,7481,0.006022,33018,0.006021,69672,0.006020,25515,0.006019,16412,0.006018,40704,0.006017,57413,0.006016,21877,0.006026,2515,0.006027,21804,0.006028,2765,0.006029,18924,0.006030,13657,0.006031,12740,0.006032,13660,0.006033,31858,0.006034,69182,0.006035,27439
gate,bybit,VANRYUSDT,0.005599,0.006025,7.6085,1774108104952,0.005597,12996,0.005596,5730,0.005595,16590,0.005594,19035,0.005593,15782,0.005592,18992,0.005591,11600,0.00559,11600,0.005589,20000,0.005588,31600,0.005599,73109,0.0056,74406,0.005601,97446,0.005602,127104,0.005603,31600,0.005604,31600,0.005605,56168,0.005606,31600,0.005607,33608,0.005609,26900,0.006025,36980,0.006024,2802,0.006023,7481,0.006022,33018,0.006021,69672,0.006020,25515,0.006019,16412,0.006018,40704,0.006017,57413,0.006016,21877,0.006026,2515,0.006027,21804,0.006028,2765,0.006029,18924,0.006030,13657,0.006031,12740,0.006032,13660,0.006033,31858,0.006034,69182,0.006035,27439
gate,bybit,VANRYUSDT,0.005599,0.006025,7.6085,1774108105255,0.005597,12996,0.005596,5730,0.005595,16590,0.005594,19035,0.005593,15782,0.005592,18992,0.005591,17307,0.00559,11600,0.005589,20000,0.005588,31600,0.005599,59532,0.0056,74406,0.005601,97446,0.005602,140681,0.005603,31600,0.005604,31600,0.005605,56168,0.005606,31600,0.005607,33608,0.005609,26900,0.006025,28800,0.006024,2802,0.006023,5767,0.006022,31304,0.006021,69672,0.006020,17303,0.006019,16412,0.006018,40704,0.006017,57413,0.006016,21877,0.006026,20240,0.006027,23518,0.006028,4479,0.006029,20638,0.006030,13657,0.006031,12740,0.006032,21872,0.006033,31858,0.006034,69182,0.006035,27439
gate,bybit,VANRYUSDT,0.005598,0.006025,7.6277,1774108105567,0.005597,12996,0.005595,16590,0.005594,19035,0.005593,15782,0.005592,18992,0.005591,17307,0.00559,16229,0.005589,20000,0.005588,31600,0.005587,31600,0.005598,20261,0.005599,62471,0.0056,74406,0.005601,97446,0.005602,140681,0.005603,31600,0.005604,31600,0.005605,56168,0.005606,31600,0.005607,33608,0.006025,29709,0.006024,2802,0.006023,5767,0.006022,31304,0.006021,69672,0.006020,17303,0.006019,16412,0.006018,40704,0.006017,57413,0.006016,21877,0.006026,20240,0.006027,21804,0.006028,4479,0.006029,20638,0.006030,13657,0.006031,12740,0.006032,21872,0.006033,31858,0.006034,69182,0.006035,27439
gate,bybit,VANRYUSDT,0.005598,0.006025,7.6277,1774108105868,0.005597,12996,0.005595,16590,0.005594,19035,0.005593,15782,0.005592,18992,0.005591,17307,0.00559,16229,0.005589,31600,0.005588,31600,0.005587,31600,0.005598,20261,0.005599,62471,0.0056,74406,0.005601,117446,0.005602,140681,0.005603,31600,0.005604,31600,0.005605,56168,0.005606,31600,0.005607,33608,0.006025,29709,0.006024,2802,0.006023,5767,0.006022,31304,0.006021,69672,0.006020,17303,0.006019,16412,0.006018,40704,0.006017,57413,0.006016,21877,0.006026,20240,0.006027,21804,0.006028,4479,0.006029,20638,0.006030,13657,0.006031,12740,0.006032,21872,0.006033,31858,0.006034,69182,0.006035,27439
gate,bybit,VANRYUSDT,0.005598,0.006025,7.6277,1774108106168,0.005597,16791,0.005596,7392,0.005595,16590,0.005594,19035,0.005593,15782,0.005592,18992,0.005591,11600,0.00559,11600,0.005589,31600,0.005588,31600,0.005598,7153,0.005599,63999,0.0056,74406,0.005601,121893,0.005602,140681,0.005603,31600,0.005604,31600,0.005605,56168,0.005606,31600,0.005607,33608,0.006025,29709,0.006024,2802,0.006023,5767,0.006022,31304,0.006021,69672,0.006020,17303,0.006019,16412,0.006018,40704,0.006017,57413,0.006016,21877,0.006026,20240,0.006027,21804,0.006028,4479,0.006029,20638,0.006030,13657,0.006031,12740,0.006032,21872,0.006033,31858,0.006034,69182,0.006035,27439
gate,bybit,VANRYUSDT,0.005598,0.006025,7.6277,1774108106468,0.005597,12996,0.005596,7392,0.005595,16590,0.005594,19035,0.005593,15782,0.005592,18992,0.005591,18622,0.00559,11600,0.005589,31600,0.005588,31600,0.005598,7153,0.005599,62471,0.0056,74406,0.005601,130554,0.005602,140681,0.005603,31600,0.005604,31600,0.005605,56168,0.005606,31600,0.005607,33608,0.006025,29709,0.006024,2802,0.006023,5767,0.006022,31304,0.006021,69672,0.006020,17303,0.006019,16412,0.006018,40704,0.006017,57413,0.006016,21877,0.006026,20240,0.006027,21804,0.006028,4479,0.006029,20638,0.006030,13657,0.006031,12740,0.006032,21872,0.006033,31858,0.006034,69182,0.006035,27439
gate,bybit,VANRYUSDT,0.005598,0.006025,7.6277,1774108106768,0.005597,12996,0.005596,7392,0.005595,16590,0.005594,19035,0.005593,15782,0.005592,18992,0.005591,18622,0.00559,11600,0.005589,31600,0.005588,31600,0.005598,7153,0.005599,62471,0.0056,74406,0.005601,130554,0.005602,140681,0.005603,31600,0.005604,31600,0.005605,56168,0.005606,31600,0.005607,33608,0.006025,29709,0.006024,2802,0.006023,5767,0.006022,31304,0.006021,69672,0.006020,17303,0.006019,16412,0.006018,40704,0.006017,57413,0.006016,21877,0.006026,20240,0.006027,21804,0.006028,4479,0.006029,20638,0.006030,13657,0.006031,12740,0.006032,21872,0.006033,31858,0.006034,69182,0.006035,27439
gate,bybit,VANRYUSDT,0.005598,0.006025,7.6277,1774108107068,0.005597,12996,0.005596,7392,0.005595,16590,0.005594,19035,0.005593,15782,0.005592,18992,0.005591,18622,0.00559,11600,0.005589,31600,0.005588,31600,0.005598,7153,0.005599,62471,0.0056,74406,0.005601,130554,0.005602,140681,0.005603,31600,0.005604,31600,0.005605,56168,0.005606,31600,0.005607,33608,0.006025,29709,0.006024,2802,0.006023,5767,0.006022,31304,0.006021,69672,0.006020,17303,0.006019,16412,0.006018,40704,0.006017,57413,0.006016,21877,0.006026,20240,0.006027,21804,0.006028,4479,0.006029,20638,0.006030,13657,0.006031,12740,0.006032,21872,0.006033,31858,0.006034,69182,0.006035,27439
gate,bybit,VANRYUSDT,0.005599,0.006025,7.6085,1774108107369,0.005597,12996,0.005596,7392,0.005595,16590,0.005594,19035,0.005593,15782,0.005592,18992,0.005591,16775,0.00559,11600,0.005589,31600,0.005588,31600,0.005599,56838,0.0056,74406,0.005601,137707,0.005602,147842,0.005603,31600,0.005604,31600,0.005605,56168,0.005606,31600,0.005607,33608,0.005609,26900,0.006025,29709,0.006024,2802,0.006023,5767,0.006022,31304,0.006021,69672,0.006020,17303,0.006019,16412,0.006018,40704,0.006017,57413,0.006016,21877,0.006026,20240,0.006027,21804,0.006028,4479,0.006029,20638,0.006030,13657,0.006031,12740,0.006032,21872,0.006033,31858,0.006034,69182,0.006035,27439
gate,bybit,VANRYUSDT,0.005598,0.006025,7.6277,1774108107669,0.005597,12996,0.005596,7392,0.005595,16590,0.005594,19035,0.005593,15782,0.005592,18992,0.005591,16775,0.00559,11600,0.005589,31600,0.005588,31600,0.005598,13128,0.005599,55310,0.0056,74406,0.005601,137707,0.005602,147842,0.005603,31600,0.005604,31600,0.005605,56168,0.005606,31600,0.005607,33608,0.006025,29709,0.006024,2802,0.006023,5767,0.006022,31304,0.006021,69672,0.006020,17303,0.006019,16412,0.006018,40704,0.006017,57413,0.006016,21877,0.006026,18875,0.006027,21804,0.006028,4479,0.006029,20638,0.006030,13657,0.006031,12740,0.006032,21872,0.006033,31858,0.006034,69182,0.006035,27439
gate,bybit,VANRYUSDT,0.005598,0.006025,7.6277,1774108107969,0.005597,12996,0.005596,7392,0.005595,16590,0.005594,19035,0.005593,15782,0.005592,18992,0.005591,16775,0.00559,11600,0.005589,31600,0.005588,31600,0.005598,13128,0.005599,55310,0.0056,74406,0.005601,137707,0.005602,147842,0.005603,31600,0.005604,31600,0.005605,56168,0.005606,31600,0.005607,33608,0.006025,29709,0.006024,2802,0.006023,5767,0.006022,31304,0.006021,69672,0.006020,17303,0.006019,16412,0.006018,40704,0.006017,57413,0.006016,21877,0.006026,18875,0.006027,21804,0.006028,4479,0.006029,20638,0.006030,13657,0.006031,12740,0.006032,21872,0.006033,31858,0.006034,69182,0.006035,27439
gate,bybit,VANRYUSDT,0.005599,0.006025,7.6085,1774108108269,0.005597,12996,0.005596,7392,0.005595,16590,0.005594,19035,0.005593,15782,0.005592,18992,0.005591,15434,0.00559,11600,0.005589,31600,0.005588,31600,0.005599,56108,0.0056,74406,0.005601,150111,0.005602,147842,0.005603,31600,0.005604,31600,0.005605,56168,0.005606,31600,0.005607,33608,0.005609,26900,0.006025,29709,0.006024,2802,0.006023,5767,0.006022,31304,0.006021,69672,0.006020,17303,0.006019,16412,0.006018,40704,0.006017,57413,0.006016,21877,0.006026,18875,0.006027,21804,0.006028,4479,0.006029,20638,0.006030,13657,0.006031,12740,0.006032,21872,0.006033,31858,0.006034,69182,0.006035,27439
gate,bybit,VANRYUSDT,0.005599,0.006025,7.6085,1774108108570,0.005597,12996,0.005596,7392,0.005595,16590,0.005594,19035,0.005593,15782,0.005592,18992,0.005591,15434,0.00559,11600,0.005589,31600,0.005588,31600,0.005599,55310,0.0056,74406,0.005601,150111,0.005602,147842,0.005603,31600,0.005604,31600,0.005605,56168,0.005606,31600,0.005607,33608,0.005609,26900,0.006025,29709,0.006024,2802,0.006023,5767,0.006022,31304,0.006021,69672,0.006020,17303,0.006019,16412,0.006018,40704,0.006017,57413,0.006016,21877,0.006026,18875,0.006027,21804,0.006028,4479,0.006029,20638,0.006030,13657,0.006031,12740,0.006032,21872,0.006033,31858,0.006034,69182,0.006035,27439
gate,bybit,VANRYUSDT,0.005599,0.006025,7.6085,1774108108870,0.005597,12996,0.005596,7392,0.005595,16590,0.005594,19035,0.005593,15782,0.005592,18992,0.005591,15434,0.00559,11600,0.005589,31600,0.005588,31600,0.005599,55310,0.0056,74406,0.005601,150111,0.005602,147842,0.005603,31600,0.005604,31600,0.005605,56168,0.005606,31600,0.005607,33608,0.005609,26900,0.006025,29709,0.006024,2802,0.006023,5767,0.006022,31304,0.006021,69672,0.006020,17303,0.006019,16412,0.006018,40704,0.006017,57413,0.006016,21877,0.006026,18875,0.006027,21804,0.006028,4479,0.006029,20638,0.006030,13657,0.006031,12740,0.006032,21872,0.006033,31858,0.006034,69182,0.006035,27439
gate,bybit,VANRYUSDT,0.005599,0.006025,7.6085,1774108109170,0.005597,12996,0.005596,7392,0.005595,16590,0.005594,19035,0.005593,15782,0.005592,18992,0.005591,15434,0.00559,11600,0.005589,31600,0.005588,31600,0.005599,55310,0.0056,74406,0.005601,150111,0.005602,147842,0.005603,31600,0.005604,31600,0.005605,56168,0.005606,31600,0.005607,33608,0.005609,26900,0.006025,29709,0.006024,2802,0.006023,5767,0.006022,31304,0.006021,69672,0.006020,17303,0.006019,16412,0.006018,40704,0.006017,57413,0.006016,21877,0.006026,18875,0.006027,21804,0.006028,4479,0.006029,20638,0.006030,13657,0.006031,12740,0.006032,21872,0.006033,31858,0.006034,69182,0.006035,27439
gate,bybit,VANRYUSDT,0.005599,0.006025,7.6085,1774108109470,0.005597,12996,0.005596,7392,0.005595,16590,0.005594,19035,0.005593,15782,0.005592,18992,0.005591,15434,0.00559,11600,0.005589,31600,0.005588,31600,0.005599,42678,0.0056,74406,0.005601,150111,0.005602,161272,0.005603,31600,0.005604,31600,0.005605,56168,0.005606,31600,0.005607,33608,0.005609,26900,0.006025,29709,0.006024,2802,0.006023,5767,0.006022,31304,0.006021,69672,0.006020,17303,0.006019,16412,0.006018,40704,0.006017,57413,0.006016,21877,0.006026,18875,0.006027,21804,0.006028,4479,0.006029,20638,0.006030,13657,0.006031,12740,0.006032,21872,0.006033,31858,0.006034,69182,0.006035,27439
gate,bybit,VANRYUSDT,0.005599,0.006025,7.6085,1774108109770,0.005597,12996,0.005596,7392,0.005595,16590,0.005594,19035,0.005593,15782,0.005592,18992,0.005591,15434,0.00559,11600,0.005589,31600,0.005588,31600,0.005599,42678,0.0056,74406,0.005601,150111,0.005602,161272,0.005603,31600,0.005604,31600,0.005605,56168,0.005606,31600,0.005607,33608,0.005609,26900,0.006025,29709,0.006024,2802,0.006023,5767,0.006022,31304,0.006021,69672,0.006020,17303,0.006019,16412,0.006018,40704,0.006017,57413,0.006016,21877,0.006026,18875,0.006027,21804,0.006028,4479,0.006029,20638,0.006030,13657,0.006031,12740,0.006032,21872,0.006033,31858,0.006034,69182,0.006035,27439
gate,bybit,VANRYUSDT,0.005599,0.006025,7.6085,1774108110071,0.005597,12996,0.005596,7392,0.005595,16590,0.005594,19035,0.005593,15782,0.005592,18992,0.005591,15434,0.00559,11600,0.005589,31600,0.005588,31600,0.005599,42678,0.0056,74406,0.005601,150111,0.005602,161272,0.005603,31600,0.005604,31600,0.005605,56168,0.005606,31600,0.005607,33608,0.005609,26900,0.006025,29709,0.006024,2802,0.006023,5767,0.006022,31304,0.006021,69672,0.006020,17303,0.006019,16412,0.006018,40704,0.006017,57413,0.006016,21877,0.006026,18875,0.006027,21804,0.006028,4479,0.006029,20638,0.006030,13657,0.006031,12740,0.006032,21872,0.006033,31858,0.006034,69182,0.006035,27439
gate,bybit,VANRYUSDT,0.005599,0.006025,7.6085,1774108110372,0.005597,21657,0.005596,7392,0.005595,16590,0.005594,19035,0.005593,15782,0.005592,18992,0.005591,15434,0.00559,11600,0.005589,31600,0.005588,31600,0.005599,29188,0.0056,74406,0.005601,150111,0.005602,173964,0.005603,31600,0.005604,31600,0.005605,56168,0.005606,31600,0.005607,33608,0.005609,26900,0.006025,29709,0.006024,2802,0.006023,5767,0.006022,31304,0.006021,69672,0.006020,17303,0.006019,16412,0.006018,40704,0.006017,57413,0.006016,21877,0.006026,18875,0.006027,21804,0.006028,4479,0.006029,20638,0.006030,13657,0.006031,12740,0.006032,21872,0.006033,31858,0.006034,69182,0.006035,27439
gate,bybit,VANRYUSDT,0.005599,0.006025,7.6085,1774108110672,0.005597,21657,0.005596,7392,0.005595,16590,0.005594,19035,0.005593,15782,0.005592,18992,0.005591,15434,0.00559,11600,0.005589,31600,0.005588,31600,0.005599,29188,0.0056,74406,0.005601,150111,0.005602,173964,0.005603,31600,0.005604,31600,0.005605,56168,0.005606,31600,0.005607,33608,0.005609,26900,0.006025,29709,0.006024,2802,0.006023,5767,0.006022,31304,0.006021,69672,0.006020,17303,0.006019,16412,0.006018,40704,0.006017,57413,0.006016,21877,0.006026,18875,0.006027,21804,0.006028,4479,0.006029,20638,0.006030,13657,0.006031,12740,0.006032,21872,0.006033,31858,0.006034,69182,0.006035,27439
gate,bybit,VANRYUSDT,0.005599,0.006025,7.6085,1774108110972,0.005597,21657,0.005596,7392,0.005595,16590,0.005594,19035,0.005593,15782,0.005592,18992,0.005591,15434,0.00559,11600,0.005589,31600,0.005588,31600,0.005599,29188,0.0056,74406,0.005601,150111,0.005602,173964,0.005603,31600,0.005604,31600,0.005605,56168,0.005606,31600,0.005607,33608,0.005609,26900,0.006025,29709,0.006024,2802,0.006023,5767,0.006022,31304,0.006021,69672,0.006020,17303,0.006019,16412,0.006018,40704,0.006017,57413,0.006016,21877,0.006026,18875,0.006027,21804,0.006028,4479,0.006029,20638,0.006030,13657,0.006031,12740,0.006032,21872,0.006033,31858,0.006034,69182,0.006035,27439
gate,bybit,VANRYUSDT,0.005599,0.006025,7.6085,1774108111272,0.005597,21657,0.005596,7392,0.005595,16590,0.005594,19035,0.005593,15782,0.005592,18992,0.005591,15434,0.00559,11600,0.005589,31600,0.005588,31600,0.005599,29188,0.0056,74406,0.005601,150111,0.005602,173964,0.005603,31600,0.005604,31600,0.005605,56168,0.005606,31600,0.005607,33608,0.005609,26900,0.006025,29709,0.006024,2802,0.006023,5767,0.006022,31304,0.006021,69672,0.006020,17303,0.006019,16412,0.006018,40704,0.006017,57413,0.006016,21877,0.006026,18875,0.006027,21804,0.006028,4479,0.006029,20638,0.006030,13657,0.006031,12740,0.006032,21872,0.006033,31858,0.006034,69182,0.006035,27439
gate,bybit,VANRYUSDT,0.005599,0.006025,7.6085,1774108111573,0.005597,21657,0.005596,7392,0.005595,16590,0.005594,19035,0.005593,15782,0.005592,18992,0.005591,15434,0.00559,11600,0.005589,31600,0.005588,31600,0.005599,29188,0.0056,74406,0.005601,150111,0.005602,173964,0.005603,31600,0.005604,31600,0.005605,56168,0.005606,31600,0.005607,33608,0.005609,26900,0.006025,29833,0.006024,2802,0.006023,5767,0.006022,31304,0.006021,69672,0.006020,17303,0.006019,16412,0.006018,40704,0.006017,57413,0.006016,21877,0.006026,18875,0.006027,21804,0.006028,4479,0.006029,20638,0.006030,13657,0.006031,12740,0.006032,21872,0.006033,31858,0.006034,69182,0.006035,27439
gate,bybit,VANRYUSDT,0.005599,0.006025,7.6085,1774108111874,0.005597,12996,0.005596,7392,0.005595,16590,0.005594,19035,0.005593,15782,0.005592,18992,0.005591,15434,0.00559,11600,0.005589,31600,0.005588,31600,0.005599,29986,0.0056,74406,0.005601,150111,0.005602,173964,0.005603,31600,0.005604,31600,0.005605,56168,0.005606,31600,0.005607,33608,0.005609,26900,0.006025,29833,0.006024,2802,0.006023,5767,0.006022,31304,0.006021,69672,0.006020,17303,0.006019,16412,0.006018,40704,0.006017,57413,0.006016,21877,0.006026,18875,0.006027,21804,0.006028,4479,0.006029,20638,0.006030,13657,0.006031,12740,0.006032,21872,0.006033,31858,0.006034,69182,0.006035,27439
gate,bybit,VANRYUSDT,0.005599,0.006025,7.6085,1774108112174,0.005597,12996,0.005596,7392,0.005595,16590,0.005594,19035,0.005593,15782,0.005592,18992,0.005591,15434,0.00559,11600,0.005589,31600,0.005588,31600,0.005599,29986,0.0056,74406,0.005601,150111,0.005602,173964,0.005603,31600,0.005604,31600,0.005605,56168,0.005606,31600,0.005607,33608,0.005609,26900,0.006025,29833,0.006024,2802,0.006023,5767,0.006022,31304,0.006021,69672,0.006020,17303,0.006019,16412,0.006018,40704,0.006017,57413,0.006016,21877,0.006026,18875,0.006027,21804,0.006028,4479,0.006029,20638,0.006030,13657,0.006031,12740,0.006032,21872,0.006033,31858,0.006034,69182,0.006035,27439
gate,bybit,VANRYUSDT,0.005599,0.006025,7.6085,1774108112474,0.005597,12996,0.005596,7392,0.005595,16590,0.005594,19035,0.005593,15782,0.005592,18992,0.005591,15434,0.00559,11600,0.005589,31600,0.005588,31600,0.005599,29986,0.0056,74406,0.005601,150111,0.005602,173964,0.005603,31600,0.005604,31600,0.005605,56168,0.005606,31600,0.005607,33608,0.005609,26900,0.006025,32552,0.006024,2802,0.006023,5767,0.006022,31304,0.006021,69672,0.006020,17303,0.006019,16412,0.006018,40704,0.006017,57413,0.006016,21877,0.006026,18875,0.006027,21804,0.006028,4479,0.006029,20638,0.006030,13657,0.006031,12740,0.006032,21872,0.006033,31858,0.006034,69182,0.006035,27439
gate,bybit,VANRYUSDT,0.005599,0.006025,7.6085,1774108112774,0.005597,12996,0.005596,7392,0.005595,16590,0.005594,19035,0.005593,15782,0.005592,18992,0.005591,15434,0.00559,11600,0.005589,31600,0.005588,31600,0.005599,29986,0.0056,74406,0.005601,150111,0.005602,173964,0.005603,31600,0.005604,31600,0.005605,56168,0.005606,31600,0.005607,33608,0.005609,26900,0.006025,32552,0.006024,2802,0.006023,5767,0.006022,31304,0.006021,69672,0.006020,17303,0.006019,16412,0.006018,40704,0.006017,57413,0.006016,21877,0.006026,18875,0.006027,21804,0.006028,4479,0.006029,20638,0.006030,13657,0.006031,12740,0.006032,21872,0.006033,31858,0.006034,69182,0.006035,27439
gate,bybit,VANRYUSDT,0.005599,0.006025,7.6085,1774108113074,0.005597,12996,0.005596,7392,0.005595,16590,0.005594,19035,0.005593,15782,0.005592,18992,0.005591,15434,0.00559,11600,0.005589,31600,0.005588,31600,0.005599,29986,0.0056,74406,0.005601,150111,0.005602,173964,0.005603,31600,0.005604,31600,0.005605,56168,0.005606,31600,0.005607,33608,0.005609,26900,0.006025,32552,0.006024,2802,0.006023,5767,0.006022,31304,0.006021,69672,0.006020,17303,0.006019,16412,0.006018,40704,0.006017,57413,0.006016,21877,0.006026,18875,0.006027,21804,0.006028,4479,0.006029,20638,0.006030,13657,0.006031,12740,0.006032,21872,0.006033,31858,0.006034,69182,0.006035,27439
gate,bybit,VANRYUSDT,0.005599,0.006025,7.6085,1774108113376,0.005597,12996,0.005596,7392,0.005595,16590,0.005594,19035,0.005593,15782,0.005592,18992,0.005591,15434,0.00559,11600,0.005589,31600,0.005588,31600,0.005599,29986,0.0056,74406,0.005601,150111,0.005602,173964,0.005603,31600,0.005604,31600,0.005605,56168,0.005606,31600,0.005607,33608,0.005609,26900,0.006025,32552,0.006024,2802,0.006023,5767,0.006022,31304,0.006021,69672,0.006020,17303,0.006019,16412,0.006018,40704,0.006017,57413,0.006016,21877,0.006026,18875,0.006027,21804,0.006028,4479,0.006029,20638,0.006030,13657,0.006031,12740,0.006032,21872,0.006033,31858,0.006034,69182,0.006035,27439
gate,bybit,VANRYUSDT,0.005599,0.006025,7.6085,1774108113676,0.005597,12996,0.005596,7392,0.005595,16590,0.005594,19035,0.005593,15782,0.005592,18992,0.005591,15434,0.00559,11600,0.005589,31600,0.005588,31600,0.005599,29986,0.0056,74406,0.005601,150111,0.005602,173964,0.005603,31600,0.005604,31600,0.005605,56168,0.005606,31600,0.005607,33608,0.005609,26900,0.006025,29834,0.006024,2802,0.006023,5767,0.006022,31304,0.006021,69672,0.006020,17303,0.006019,16412,0.006018,40704,0.006017,57413,0.006016,21877,0.006026,18875,0.006027,21804,0.006028,4479,0.006029,20638,0.006030,13657,0.006031,12740,0.006032,21872,0.006033,31858,0.006034,69182,0.006035,27439
gate,bybit,VANRYUSDT,0.005599,0.006025,7.6085,1774108113977,0.005597,12996,0.005596,7392,0.005595,16590,0.005594,19035,0.005593,15782,0.005592,18992,0.005591,15434,0.00559,11600,0.005589,31600,0.005588,31600,0.005599,29986,0.0056,74406,0.005601,150111,0.005602,173964,0.005603,31600,0.005604,31600,0.005605,56168,0.005606,31600,0.005607,33608,0.005609,26900,0.006025,29834,0.006024,2802,0.006023,5767,0.006022,31304,0.006021,69672,0.006020,17303,0.006019,16412,0.006018,40704,0.006017,57413,0.006016,21877,0.006026,18875,0.006027,21804,0.006028,4479,0.006029,20638,0.006030,13657,0.006031,12740,0.006032,21872,0.006033,31858,0.006034,69182,0.006035,27439
gate,bybit,VANRYUSDT,0.005599,0.006025,7.6085,1774108114277,0.005597,12996,0.005596,7392,0.005595,16590,0.005594,19035,0.005593,15782,0.005592,18992,0.005591,15434,0.00559,11600,0.005589,31600,0.005588,31600,0.005599,29986,0.0056,74406,0.005601,150111,0.005602,173964,0.005603,31600,0.005604,31600,0.005605,56168,0.005606,31600,0.005607,33608,0.005609,26900,0.006025,29834,0.006024,2802,0.006023,5767,0.006022,31304,0.006021,69672,0.006020,17303,0.006019,16412,0.006018,40704,0.006017,57413,0.006016,21877,0.006026,18875,0.006027,21804,0.006028,4479,0.006029,20638,0.006030,13657,0.006031,12740,0.006032,21872,0.006033,31858,0.006034,69182,0.006035,27439
gate,bybit,VANRYUSDT,0.005599,0.006025,7.6085,1774108114577,0.005597,12996,0.005596,7392,0.005595,16590,0.005594,19035,0.005593,15782,0.005592,18992,0.005591,15434,0.00559,11600,0.005589,31600,0.005588,31600,0.005599,29986,0.0056,74406,0.005601,150111,0.005602,173964,0.005603,31600,0.005604,31600,0.005605,56168,0.005606,31600,0.005607,33608,0.005609,26900,0.006025,29834,0.006024,2802,0.006023,5767,0.006022,31304,0.006021,69672,0.006020,17303,0.006019,16412,0.006018,40704,0.006017,57413,0.006016,21877,0.006026,18875,0.006027,21804,0.006028,4479,0.006029,20638,0.006030,13657,0.006031,12740,0.006032,21872,0.006033,31858,0.006034,69182,0.006035,27439
gate,bybit,VANRYUSDT,0.005599,0.006025,7.6085,1774108114877,0.005597,12996,0.005596,7392,0.005595,16590,0.005594,19035,0.005593,15782,0.005592,18992,0.005591,15434,0.00559,11600,0.005589,31600,0.005588,31600,0.005599,29986,0.0056,74406,0.005601,150111,0.005602,173964,0.005603,31600,0.005604,31600,0.005605,56168,0.005606,31600,0.005607,33608,0.005609,26900,0.006025,29834,0.006024,2802,0.006023,5767,0.006022,31304,0.006021,69672,0.006020,17303,0.006019,16412,0.006018,40704,0.006017,57413,0.006016,21877,0.006026,18875,0.006027,21804,0.006028,4479,0.006029,20638,0.006030,13657,0.006031,12740,0.006032,21872,0.006033,31858,0.006034,69182,0.006035,27439
gate,bybit,VANRYUSDT,0.005599,0.006025,7.6085,1774108115177,0.005597,12996,0.005596,7392,0.005595,16590,0.005594,19035,0.005593,15782,0.005592,18992,0.005591,15434,0.00559,11600,0.005589,31600,0.005588,31600,0.005599,29986,0.0056,74406,0.005601,150111,0.005602,173964,0.005603,31600,0.005604,31600,0.005605,56168,0.005606,31600,0.005607,33608,0.005609,26900,0.006025,29834,0.006024,2802,0.006023,5767,0.006022,31304,0.006021,69672,0.006020,17303,0.006019,16412,0.006018,40704,0.006017,57413,0.006016,21877,0.006026,18875,0.006027,21804,0.006028,4479,0.006029,20638,0.006030,13657,0.006031,12740,0.006032,21872,0.006033,31858,0.006034,69182,0.006035,27439
gate,bybit,VANRYUSDT,0.005599,0.006025,7.6085,1774108115478,0.005597,12996,0.005596,7392,0.005595,16590,0.005594,19035,0.005593,15782,0.005592,18992,0.005591,15434,0.00559,11600,0.005589,31600,0.005588,31600,0.005599,29986,0.0056,74406,0.005601,150111,0.005602,173964,0.005603,31600,0.005604,31600,0.005605,56168,0.005606,31600,0.005607,33608,0.005609,26900,0.006025,29834,0.006024,2802,0.006023,5767,0.006022,31304,0.006021,69672,0.006020,17303,0.006019,16412,0.006018,40704,0.006017,57413,0.006016,21877,0.006026,18875,0.006027,21804,0.006028,4479,0.006029,20638,0.006030,13657,0.006031,12740,0.006032,21872,0.006033,31858,0.006034,69182,0.006035,27439
gate,bybit,VANRYUSDT,0.005599,0.006025,7.6085,1774108115778,0.005597,12996,0.005596,7392,0.005595,16590,0.005594,19035,0.005593,15782,0.005592,18992,0.005591,15434,0.00559,11600,0.005589,31600,0.005588,31600,0.005599,29986,0.0056,74406,0.005601,150111,0.005602,173964,0.005603,31600,0.005604,31600,0.005605,56168,0.005606,31600,0.005607,33608,0.005609,26900,0.006025,29834,0.006024,2802,0.006023,5767,0.006022,31304,0.006021,69672,0.006020,17303,0.006019,16412,0.006018,40704,0.006017,57413,0.006016,21877,0.006026,18875,0.006027,21804,0.006028,4479,0.006029,20638,0.006030,13657,0.006031,12740,0.006032,21872,0.006033,31858,0.006034,69182,0.006035,27439
gate,bybit,VANRYUSDT,0.005599,0.006025,7.6085,1774108116079,0.005597,12996,0.005596,7392,0.005595,16590,0.005594,19035,0.005593,15782,0.005592,18992,0.005591,15434,0.00559,11600,0.005589,31600,0.005588,31600,0.005599,29986,0.0056,74406,0.005601,150111,0.005602,173964,0.005603,31600,0.005604,31600,0.005605,56168,0.005606,31600,0.005607,33608,0.005609,26900,0.006025,29834,0.006024,2802,0.006023,5767,0.006022,31304,0.006021,69672,0.006020,17303,0.006019,16412,0.006018,40704,0.006017,57413,0.006016,21877,0.006026,18875,0.006027,21804,0.006028,4479,0.006029,20638,0.006030,13657,0.006031,12740,0.006032,21872,0.006033,31858,0.006034,69182,0.006035,27439
gate,bybit,VANRYUSDT,0.005599,0.006025,7.6085,1774108116379,0.005597,17244,0.005596,7392,0.005595,16590,0.005594,19035,0.005593,15782,0.005592,18992,0.005591,15434,0.00559,11600,0.005589,31600,0.005588,31600,0.005599,29986,0.0056,74406,0.005601,150111,0.005602,173964,0.005603,31600,0.005604,31600,0.005605,56168,0.005606,31600,0.005607,33608,0.005609,26900,0.006025,32553,0.006024,2802,0.006023,7481,0.006022,33018,0.006021,69672,0.006020,17303,0.006019,16412,0.006018,40704,0.006017,57413,0.006016,21877,0.006026,2515,0.006027,21804,0.006028,2765,0.006029,18924,0.006030,13657,0.006031,12740,0.006032,13660,0.006033,31858,0.006034,69182,0.006035,27439
gate,bybit,VANRYUSDT,0.005599,0.006025,7.6085,1774108116679,0.005597,12996,0.005596,7392,0.005595,16590,0.005594,19035,0.005593,15782,0.005592,18992,0.005591,15434,0.00559,11600,0.005589,31600,0.005588,31600,0.005599,29986,0.0056,74406,0.005601,150111,0.005602,173964,0.005603,31600,0.005604,31600,0.005605,56168,0.005606,31600,0.005607,33608,0.005609,26900,0.006025,29834,0.006024,2802,0.006023,7481,0.006022,33018,0.006021,69672,0.006020,17303,0.006019,16412,0.006018,40704,0.006017,57413,0.006016,21877,0.006026,2515,0.006027,21804,0.006028,2765,0.006029,18924,0.006030,13657,0.006031,12740,0.006032,13660,0.006033,31858,0.006034,69182,0.006035,27439
gate,bybit,VANRYUSDT,0.005599,0.006025,7.6085,1774108116979,0.005597,16750,0.005596,7392,0.005595,16590,0.005594,19035,0.005593,15782,0.005592,18992,0.005591,15434,0.00559,11600,0.005589,31600,0.005588,31600,0.005599,29986,0.0056,74406,0.005601,150111,0.005602,173964,0.005603,31600,0.005604,31600,0.005605,56168,0.005606,31600,0.005607,33608,0.005609,26900,0.006025,29834,0.006024,2802,0.006023,7481,0.006022,33018,0.006021,69672,0.006020,17303,0.006019,16412,0.006018,40704,0.006017,57413,0.006016,21877,0.006026,2515,0.006027,21804,0.006028,2765,0.006029,18924,0.006030,13657,0.006031,12740,0.006032,13660,0.006033,31858,0.006034,69182,0.006035,27439
gate,bybit,VANRYUSDT,0.005599,0.006025,7.6085,1774108117279,0.005597,16750,0.005596,7392,0.005595,16590,0.005594,19035,0.005593,15782,0.005592,18992,0.005591,15434,0.00559,11600,0.005589,31600,0.005588,31600,0.005599,29986,0.0056,120885,0.005601,150111,0.005602,173964,0.005603,31600,0.005604,31600,0.005605,56168,0.005606,31600,0.005607,33608,0.005609,26900,0.006025,29834,0.006024,2802,0.006023,7481,0.006022,33018,0.006021,69672,0.006020,17303,0.006019,16412,0.006018,40704,0.006017,57413,0.006016,21877,0.006026,2515,0.006027,21804,0.006028,2765,0.006029,18924,0.006030,13657,0.006031,12740,0.006032,13660,0.006033,31858,0.006034,69182,0.006035,27439
gate,bybit,VANRYUSDT,0.005599,0.006025,7.6085,1774108117579,0.005597,16750,0.005596,7392,0.005595,16590,0.005594,19035,0.005593,15782,0.005592,18992,0.005591,15434,0.00559,11600,0.005589,31600,0.005588,31600,0.005599,29986,0.0056,120885,0.005601,150111,0.005602,173964,0.005603,31600,0.005604,31600,0.005605,56168,0.005606,31600,0.005607,33608,0.005609,26900,0.006025,32553,0.006024,2802,0.006023,7481,0.006022,33018,0.006021,69672,0.006020,17303,0.006019,16412,0.006018,40704,0.006017,57413,0.006016,21877,0.006026,2515,0.006027,21804,0.006028,2765,0.006029,18924,0.006030,13657,0.006031,12740,0.006032,13660,0.006033,31858,0.006034,69182,0.006035,27439
gate,bybit,VANRYUSDT,0.005599,0.006025,7.6085,1774108117879,0.005597,25411,0.005596,7392,0.005595,16590,0.005594,19035,0.005593,15782,0.005592,18992,0.005591,15434,0.00559,11600,0.005589,31600,0.005588,31600,0.005599,29188,0.0056,120885,0.005601,150111,0.005602,173964,0.005603,31600,0.005604,31600,0.005605,56168,0.005606,31600,0.005607,33608,0.005609,26900,0.006025,32553,0.006024,2802,0.006023,7481,0.006022,33018,0.006021,69672,0.006020,17303,0.006019,16412,0.006018,40704,0.006017,57413,0.006016,21877,0.006026,2515,0.006027,21804,0.006028,2765,0.006029,18924,0.006030,13657,0.006031,12740,0.006032,13660,0.006033,31858,0.006034,69182,0.006035,27439
gate,bybit,VANRYUSDT,0.005598,0.006025,7.6277,1774108118180,0.005596,5552,0.005595,4990,0.005594,19035,0.005593,15782,0.005592,18992,0.005591,15434,0.00559,11600,0.005589,31600,0.005588,31600,0.005587,31600,0.005598,29060,0.005599,36636,0.0056,120885,0.005601,150111,0.005602,173964,0.005603,31600,0.005604,31600,0.005605,56168,0.005606,31600,0.005607,33608,0.006025,32553,0.006024,2802,0.006023,7481,0.006022,33018,0.006021,69672,0.006020,17303,0.006019,16412,0.006018,40704,0.006017,57413,0.006016,21877,0.006026,2515,0.006027,21804,0.006028,2765,0.006029,18924,0.006030,13657,0.006031,12740,0.006032,13660,0.006033,31858,0.006034,69182,0.006035,27439
gate,bybit,VANRYUSDT,0.005598,0.006025,7.6277,1774108118480,0.005596,7109,0.005595,4990,0.005594,19035,0.005593,15782,0.005592,18992,0.005591,15434,0.00559,11600,0.005589,31600,0.005588,31600,0.005587,31600,0.005598,44392,0.005599,36636,0.0056,133881,0.005601,150111,0.005602,173964,0.005603,31600,0.005604,31600,0.005605,56168,0.005606,31600,0.005607,33608,0.006025,32553,0.006024,2802,0.006023,7481,0.006022,33018,0.006021,69672,0.006020,17303,0.006019,16412,0.006018,40704,0.006017,57413,0.006016,21877,0.006026,2515,0.006027,21804,0.006028,2765,0.006029,18924,0.006030,13657,0.006031,12740,0.006032,13660,0.006033,31858,0.006034,69182,0.006035,27439
gate,bybit,VANRYUSDT,0.005598,0.006025,7.6277,1774108118780,0.005596,7109,0.005595,4990,0.005594,19035,0.005593,15782,0.005592,18992,0.005591,15434,0.00559,11600,0.005589,31600,0.005588,31600,0.005587,31600,0.005598,44392,0.005599,36636,0.0056,153881,0.005601,150111,0.005602,173964,0.005603,31600,0.005604,31600,0.005605,56168,0.005606,31600,0.005607,33608,0.006025,32553,0.006024,2802,0.006023,7481,0.006022,33018,0.006021,69672,0.006020,17303,0.006019,16412,0.006018,40704,0.006017,57413,0.006016,21877,0.006026,2515,0.006027,21804,0.006028,2765,0.006029,18924,0.006030,13657,0.006031,12740,0.006032,13660,0.006033,31858,0.006034,69182,0.006035,27439
