spot_exch,fut_exch,symbol,ask_spot,bid_futures,spread_pct,ts,fr,fr_next,fr_time,s_b1,s_b2,s_b3,s_b4,s_b5,s_b6,s_b7,s_b8,s_b9,s_b10,s_bq1,s_bq2,s_bq3,s_bq4,s_bq5,s_bq6,s_bq7,s_bq8,s_bq9,s_bq10,s_a1,s_a2,s_a3,s_a4,s_a5,s_a6,s_a7,s_a8,s_a9,s_a10,s_aq1,s_aq2,s_aq3,s_aq4,s_aq5,s_aq6,s_aq7,s_aq8,s_aq9,s_aq10,f_b1,f_b2,f_b3,f_b4,f_b5,f_b6,f_b7,f_b8,f_b9,f_b10,f_bq1,f_bq2,f_bq3,f_bq4,f_bq5,f_bq6,f_bq7,f_bq8,f_bq9,f_bq10,f_a1,f_a2,f_a3,f_a4,f_a5,f_a6,f_a7,f_a8,f_a9,f_a10,f_aq1,f_aq2,f_aq3,f_aq4,f_aq5,f_aq6,f_aq7,f_aq8,f_aq9,f_aq10
binance,gate,FUNUSDT,0.00144700,0.03202,2112.8542,1774096560875,,,,0.00144400,1883217.00000000,0.00144300,429170.00000000,0.00144200,1624921.00000000,0.00144100,884480.00000000,0.00144000,936406.00000000,0.00143900,592645.00000000,0.00143800,68532.00000000,0.00143700,601055.00000000,0.00143600,1898773.00000000,0.00143500,193012.00000000,0.00144700,201276.00000000,0.00144800,587246.00000000,0.00144900,949159.00000000,0.00145000,78911.00000000,0.00145100,580061.00000000,0.00145200,254000.00000000,0.00145300,599578.00000000,0.00145400,199536.00000000,0.00145500,516528.00000000,0.00145600,228907.00000000,0.03202,15,0.03201,90,0.03199,70,0.03198,90,0.03192,24,0.03191,90,0.03189,30,0.03188,10,0.03187,14,0.03186,10,0.03211,15,0.03212,84,0.03213,75,0.03215,14,0.03216,91,0.03218,15,0.03219,89,0.03221,15,0.03222,90,0.03224,14
binance,gate,FUNUSDT,0.00144700,0.03202,2112.8542,1774096561175,,,,0.00144400,1883217.00000000,0.00144300,429170.00000000,0.00144200,1624921.00000000,0.00144100,884480.00000000,0.00144000,936406.00000000,0.00143900,592645.00000000,0.00143800,68532.00000000,0.00143700,601055.00000000,0.00143600,1898773.00000000,0.00143500,193012.00000000,0.00144700,201276.00000000,0.00144800,587246.00000000,0.00144900,949159.00000000,0.00145000,78911.00000000,0.00145100,580061.00000000,0.00145200,254000.00000000,0.00145300,599578.00000000,0.00145400,199536.00000000,0.00145500,516528.00000000,0.00145600,228907.00000000,0.03202,15,0.03201,90,0.03199,70,0.03198,90,0.03192,24,0.03191,90,0.03189,30,0.03188,10,0.03187,14,0.03186,10,0.03211,15,0.03212,84,0.03213,75,0.03215,14,0.03216,91,0.03218,15,0.03219,89,0.03221,15,0.03222,90,0.03224,14
binance,gate,FUNUSDT,0.00144700,0.03202,2112.8542,1774096561476,,,,0.00144400,1883217.00000000,0.00144300,429170.00000000,0.00144200,1624921.00000000,0.00144100,884480.00000000,0.00144000,936406.00000000,0.00143900,592645.00000000,0.00143800,68532.00000000,0.00143700,601055.00000000,0.00143600,1898773.00000000,0.00143500,193012.00000000,0.00144700,201276.00000000,0.00144800,587246.00000000,0.00144900,949159.00000000,0.00145000,78911.00000000,0.00145100,580061.00000000,0.00145200,254000.00000000,0.00145300,599578.00000000,0.00145400,199536.00000000,0.00145500,516528.00000000,0.00145600,228907.00000000,0.03202,15,0.03201,90,0.03199,70,0.03198,90,0.03192,24,0.03191,90,0.03189,30,0.03188,10,0.03187,14,0.03186,10,0.03211,15,0.03212,84,0.03213,75,0.03215,14,0.03216,91,0.03218,15,0.03219,89,0.03221,15,0.03222,90,0.03224,14
binance,gate,FUNUSDT,0.00144700,0.03202,2112.8542,1774096561777,,,,0.00144400,1883217.00000000,0.00144300,429170.00000000,0.00144200,1624921.00000000,0.00144100,884480.00000000,0.00144000,936406.00000000,0.00143900,592645.00000000,0.00143800,68532.00000000,0.00143700,601055.00000000,0.00143600,1898773.00000000,0.00143500,193012.00000000,0.00144700,201276.00000000,0.00144800,587246.00000000,0.00144900,949159.00000000,0.00145000,78911.00000000,0.00145100,580061.00000000,0.00145200,254000.00000000,0.00145300,599578.00000000,0.00145400,199536.00000000,0.00145500,516528.00000000,0.00145600,228907.00000000,0.03202,15,0.03201,90,0.03199,70,0.03198,90,0.03192,24,0.03191,90,0.03189,30,0.03188,10,0.03187,14,0.03186,10,0.0321,15,0.03211,70,0.03212,14,0.03213,75,0.03215,14,0.03216,91,0.03218,15,0.03219,89,0.03221,15,0.03222,90
binance,gate,FUNUSDT,0.00144700,0.03202,2112.8542,1774096562077,,,,0.00144400,1883217.00000000,0.00144300,429170.00000000,0.00144200,1624921.00000000,0.00144100,884480.00000000,0.00144000,936406.00000000,0.00143900,592645.00000000,0.00143800,68532.00000000,0.00143700,601055.00000000,0.00143600,1898773.00000000,0.00143500,193012.00000000,0.00144700,201276.00000000,0.00144800,587246.00000000,0.00144900,949159.00000000,0.00145000,78911.00000000,0.00145100,580061.00000000,0.00145200,254000.00000000,0.00145300,599578.00000000,0.00145400,199536.00000000,0.00145500,516528.00000000,0.00145600,228907.00000000,0.03202,15,0.03201,90,0.03199,70,0.03198,90,0.03192,24,0.03191,90,0.03189,30,0.03188,10,0.03187,14,0.03186,10,0.0321,15,0.03211,70,0.03212,14,0.03213,75,0.03215,14,0.03216,91,0.03218,15,0.03219,89,0.03221,15,0.03222,90
binance,gate,FUNUSDT,0.00144700,0.03202,2112.8542,1774096562377,,,,0.00144400,2039793.00000000,0.00144300,864362.00000000,0.00144200,1183711.00000000,0.00144100,735374.00000000,0.00144000,936406.00000000,0.00143900,592645.00000000,0.00143800,68532.00000000,0.00143700,601055.00000000,0.00143600,1898773.00000000,0.00143500,193012.00000000,0.00144700,197296.00000000,0.00144800,587246.00000000,0.00144900,949159.00000000,0.00145000,78911.00000000,0.00145100,580061.00000000,0.00145200,254000.00000000,0.00145300,599578.00000000,0.00145400,199536.00000000,0.00145500,516528.00000000,0.00145600,228907.00000000,0.03202,15,0.03201,90,0.03199,70,0.03198,90,0.03192,24,0.03191,90,0.03189,30,0.03188,10,0.03187,14,0.03186,10,0.0321,15,0.03211,70,0.03212,14,0.03213,75,0.03215,14,0.03216,91,0.03218,15,0.03219,89,0.03221,15,0.03222,90
binance,gate,FUNUSDT,0.00144700,0.03202,2112.8542,1774096562677,,,,0.00144400,2039793.00000000,0.00144300,864362.00000000,0.00144200,1183711.00000000,0.00144100,735374.00000000,0.00144000,936406.00000000,0.00143900,592645.00000000,0.00143800,68532.00000000,0.00143700,601055.00000000,0.00143600,1898773.00000000,0.00143500,193012.00000000,0.00144700,197296.00000000,0.00144800,587246.00000000,0.00144900,949159.00000000,0.00145000,78911.00000000,0.00145100,580061.00000000,0.00145200,254000.00000000,0.00145300,599578.00000000,0.00145400,199536.00000000,0.00145500,516528.00000000,0.00145600,228907.00000000,0.03202,15,0.03201,90,0.03199,70,0.03198,90,0.03192,24,0.03191,90,0.03189,30,0.03188,10,0.03187,14,0.03186,10,0.0321,15,0.03211,70,0.03212,14,0.03213,75,0.03215,14,0.03216,91,0.03218,15,0.03219,89,0.03221,15,0.03222,90
binance,gate,FUNUSDT,0.00144700,0.03202,2112.8542,1774096562978,,,,0.00144400,2039793.00000000,0.00144300,864362.00000000,0.00144200,1183711.00000000,0.00144100,735374.00000000,0.00144000,936406.00000000,0.00143900,592645.00000000,0.00143800,68532.00000000,0.00143700,601055.00000000,0.00143600,1898773.00000000,0.00143500,193012.00000000,0.00144700,201276.00000000,0.00144800,587246.00000000,0.00144900,949159.00000000,0.00145000,78911.00000000,0.00145100,580061.00000000,0.00145200,254000.00000000,0.00145300,599578.00000000,0.00145400,199536.00000000,0.00145500,516528.00000000,0.00145600,228907.00000000,0.03202,15,0.03201,90,0.03199,70,0.03198,90,0.03192,24,0.03191,90,0.03189,30,0.03188,10,0.03187,14,0.03186,10,0.0321,15,0.03211,70,0.03212,14,0.03213,75,0.03215,14,0.03216,91,0.03218,15,0.03219,89,0.03221,15,0.03222,90
binance,gate,FUNUSDT,0.00144700,0.03202,2112.8542,1774096563279,,,,0.00144400,2039793.00000000,0.00144300,864362.00000000,0.00144200,1183711.00000000,0.00144100,735374.00000000,0.00144000,936406.00000000,0.00143900,592645.00000000,0.00143800,68532.00000000,0.00143700,601055.00000000,0.00143600,1898773.00000000,0.00143500,193012.00000000,0.00144700,197296.00000000,0.00144800,587246.00000000,0.00144900,949159.00000000,0.00145000,78911.00000000,0.00145100,580061.00000000,0.00145200,254000.00000000,0.00145300,599578.00000000,0.00145400,199536.00000000,0.00145500,516528.00000000,0.00145600,228907.00000000,0.03202,15,0.03201,90,0.03199,70,0.03198,90,0.03192,24,0.03191,90,0.03189,30,0.03188,10,0.03187,14,0.03186,10,0.0321,15,0.03211,70,0.03212,14,0.03213,75,0.03215,14,0.03216,91,0.03218,15,0.03219,89,0.03221,15,0.03222,90
binance,gate,FUNUSDT,0.00144700,0.03202,2112.8542,1774096563581,,,,0.00144400,2039793.00000000,0.00144300,864362.00000000,0.00144200,1183711.00000000,0.00144100,735374.00000000,0.00144000,936406.00000000,0.00143900,592645.00000000,0.00143800,68532.00000000,0.00143700,601055.00000000,0.00143600,1898773.00000000,0.00143500,193012.00000000,0.00144700,197296.00000000,0.00144800,587246.00000000,0.00144900,949159.00000000,0.00145000,78911.00000000,0.00145100,580061.00000000,0.00145200,254000.00000000,0.00145300,599578.00000000,0.00145400,199536.00000000,0.00145500,516528.00000000,0.00145600,228907.00000000,0.03202,15,0.03201,90,0.03199,70,0.03198,90,0.03192,24,0.03191,90,0.03189,30,0.03188,10,0.03187,14,0.03186,10,0.0321,15,0.03211,70,0.03212,14,0.03213,75,0.03215,14,0.03216,91,0.03218,15,0.03219,89,0.03221,15,0.03222,90
binance,gate,FUNUSDT,0.00144700,0.03202,2112.8542,1774096563882,,,,0.00144400,2039793.00000000,0.00144300,864362.00000000,0.00144200,1183711.00000000,0.00144100,735374.00000000,0.00144000,936406.00000000,0.00143900,592645.00000000,0.00143800,68532.00000000,0.00143700,601055.00000000,0.00143600,1898773.00000000,0.00143500,193012.00000000,0.00144700,197296.00000000,0.00144800,587246.00000000,0.00144900,949159.00000000,0.00145000,78911.00000000,0.00145100,580061.00000000,0.00145200,254000.00000000,0.00145300,599578.00000000,0.00145400,199536.00000000,0.00145500,516528.00000000,0.00145600,228907.00000000,0.03202,15,0.03201,90,0.03199,70,0.03198,90,0.03192,24,0.03191,90,0.03189,30,0.03188,10,0.03187,14,0.03186,10,0.0321,15,0.03211,70,0.03212,14,0.03213,75,0.03215,14,0.03216,91,0.03218,15,0.03219,89,0.03221,15,0.03222,90
binance,gate,FUNUSDT,0.00144700,0.03202,2112.8542,1774096564182,,,,0.00144400,2039793.00000000,0.00144300,864362.00000000,0.00144200,1387800.00000000,0.00144100,527455.00000000,0.00144000,936406.00000000,0.00143900,592645.00000000,0.00143800,68532.00000000,0.00143700,601055.00000000,0.00143600,1898773.00000000,0.00143500,193012.00000000,0.00144700,201276.00000000,0.00144800,587246.00000000,0.00144900,949159.00000000,0.00145000,78911.00000000,0.00145100,580061.00000000,0.00145200,254000.00000000,0.00145300,599578.00000000,0.00145400,199536.00000000,0.00145500,516528.00000000,0.00145600,228907.00000000,0.03202,15,0.03201,90,0.03199,70,0.03198,90,0.03192,24,0.03191,90,0.03189,30,0.03188,10,0.03187,14,0.03186,10,0.0321,15,0.03211,70,0.03212,14,0.03213,75,0.03215,14,0.03216,91,0.03218,15,0.03219,89,0.03221,15,0.03222,90
binance,gate,FUNUSDT,0.00144700,0.03202,2112.8542,1774096564482,,,,0.00144400,2039793.00000000,0.00144300,864362.00000000,0.00144200,1387800.00000000,0.00144100,527455.00000000,0.00144000,936406.00000000,0.00143900,592645.00000000,0.00143800,68532.00000000,0.00143700,601055.00000000,0.00143600,1898773.00000000,0.00143500,193012.00000000,0.00144700,197296.00000000,0.00144800,587246.00000000,0.00144900,949159.00000000,0.00145000,78911.00000000,0.00145100,580061.00000000,0.00145200,254000.00000000,0.00145300,599578.00000000,0.00145400,199536.00000000,0.00145500,516528.00000000,0.00145600,228907.00000000,0.03202,15,0.03201,90,0.03199,70,0.03198,90,0.03192,24,0.03191,90,0.03189,30,0.03188,10,0.03187,14,0.03186,10,0.0321,15,0.03211,70,0.03212,14,0.03213,75,0.03215,14,0.03216,91,0.03218,15,0.03219,89,0.03221,15,0.03222,90
binance,gate,FUNUSDT,0.00144700,0.03202,2112.8542,1774096564782,,,,0.00144400,2039793.00000000,0.00144300,864362.00000000,0.00144200,1387800.00000000,0.00144100,527455.00000000,0.00144000,936406.00000000,0.00143900,592645.00000000,0.00143800,68532.00000000,0.00143700,601055.00000000,0.00143600,1898773.00000000,0.00143500,193012.00000000,0.00144700,197296.00000000,0.00144800,587246.00000000,0.00144900,949159.00000000,0.00145000,78911.00000000,0.00145100,580061.00000000,0.00145200,254000.00000000,0.00145300,599578.00000000,0.00145400,199536.00000000,0.00145500,516528.00000000,0.00145600,228907.00000000,0.03202,15,0.03201,90,0.03199,70,0.03198,90,0.03192,24,0.03191,90,0.03189,30,0.03188,10,0.03187,14,0.03186,10,0.0321,15,0.03211,70,0.03212,14,0.03213,75,0.03215,14,0.03216,91,0.03218,15,0.03219,89,0.03221,15,0.03222,90
binance,gate,FUNUSDT,0.00144700,0.03202,2112.8542,1774096565082,,,,0.00144400,2039793.00000000,0.00144300,864362.00000000,0.00144200,1387800.00000000,0.00144100,527455.00000000,0.00144000,936406.00000000,0.00143900,592645.00000000,0.00143800,68532.00000000,0.00143700,601055.00000000,0.00143600,1898773.00000000,0.00143500,193012.00000000,0.00144700,201276.00000000,0.00144800,587246.00000000,0.00144900,949159.00000000,0.00145000,78911.00000000,0.00145100,580061.00000000,0.00145200,254000.00000000,0.00145300,599578.00000000,0.00145400,199536.00000000,0.00145500,516528.00000000,0.00145600,228907.00000000,0.03202,15,0.03201,90,0.03199,70,0.03198,90,0.03192,24,0.03191,90,0.03189,30,0.03188,10,0.03187,14,0.03186,10,0.0321,15,0.03211,70,0.03212,14,0.03213,75,0.03215,14,0.03216,91,0.03218,15,0.03219,89,0.03221,15,0.03222,90
binance,gate,FUNUSDT,0.00144700,0.03202,2112.8542,1774096565386,,,,0.00144400,2039793.00000000,0.00144300,864362.00000000,0.00144200,1387800.00000000,0.00144100,527455.00000000,0.00144000,936406.00000000,0.00143900,592645.00000000,0.00143800,68532.00000000,0.00143700,601055.00000000,0.00143600,1898773.00000000,0.00143500,193012.00000000,0.00144700,197296.00000000,0.00144800,587246.00000000,0.00144900,949159.00000000,0.00145000,78911.00000000,0.00145100,580061.00000000,0.00145200,254000.00000000,0.00145300,599578.00000000,0.00145400,199536.00000000,0.00145500,516528.00000000,0.00145600,228907.00000000,0.03202,15,0.03201,90,0.03199,70,0.03198,90,0.03192,24,0.03191,90,0.03189,30,0.03188,10,0.03187,14,0.03186,10,0.0321,15,0.03211,70,0.03212,14,0.03213,75,0.03215,14,0.03216,91,0.03218,15,0.03219,89,0.03221,15,0.03222,90
binance,gate,FUNUSDT,0.00144700,0.03202,2112.8542,1774096565686,,,,0.00144400,2039793.00000000,0.00144300,864362.00000000,0.00144200,1387800.00000000,0.00144100,527455.00000000,0.00144000,936406.00000000,0.00143900,592645.00000000,0.00143800,68532.00000000,0.00143700,601055.00000000,0.00143600,1898773.00000000,0.00143500,193012.00000000,0.00144700,197296.00000000,0.00144800,587246.00000000,0.00144900,949159.00000000,0.00145000,78911.00000000,0.00145100,580061.00000000,0.00145200,254000.00000000,0.00145300,599578.00000000,0.00145400,199536.00000000,0.00145500,516528.00000000,0.00145600,228907.00000000,0.03202,15,0.03201,90,0.03199,70,0.03198,90,0.03192,24,0.03191,90,0.03189,30,0.03188,10,0.03187,14,0.03186,10,0.0321,15,0.03211,70,0.03212,14,0.03213,75,0.03215,14,0.03216,91,0.03218,15,0.03219,89,0.03221,15,0.03222,90
binance,gate,FUNUSDT,0.00144700,0.03202,2112.8542,1774096565986,,,,0.00144400,2039793.00000000,0.00144300,864362.00000000,0.00144200,1387800.00000000,0.00144100,527455.00000000,0.00144000,936406.00000000,0.00143900,592645.00000000,0.00143800,68532.00000000,0.00143700,601055.00000000,0.00143600,1898773.00000000,0.00143500,193012.00000000,0.00144700,201276.00000000,0.00144800,587246.00000000,0.00144900,949159.00000000,0.00145000,78911.00000000,0.00145100,580061.00000000,0.00145200,254000.00000000,0.00145300,599578.00000000,0.00145400,199536.00000000,0.00145500,516528.00000000,0.00145600,228907.00000000,0.03202,15,0.03201,90,0.03199,70,0.03198,90,0.03192,24,0.03191,90,0.03189,30,0.03188,10,0.03187,14,0.03186,10,0.0321,15,0.03211,70,0.03212,14,0.03213,75,0.03215,14,0.03216,91,0.03218,15,0.03219,89,0.03221,15,0.03222,90
binance,gate,FUNUSDT,0.00144700,0.03202,2112.8542,1774096566286,,,,0.00144400,2039793.00000000,0.00144300,864362.00000000,0.00144200,1387800.00000000,0.00144100,527455.00000000,0.00144000,936406.00000000,0.00143900,592645.00000000,0.00143800,68532.00000000,0.00143700,601055.00000000,0.00143600,1898773.00000000,0.00143500,193012.00000000,0.00144700,197296.00000000,0.00144800,587246.00000000,0.00144900,949159.00000000,0.00145000,78911.00000000,0.00145100,580061.00000000,0.00145200,254000.00000000,0.00145300,599578.00000000,0.00145400,199536.00000000,0.00145500,516528.00000000,0.00145600,228907.00000000,0.03202,15,0.03201,90,0.03199,70,0.03198,90,0.03192,24,0.03191,90,0.03189,30,0.03188,10,0.03187,14,0.03186,10,0.0321,15,0.03211,70,0.03212,14,0.03213,75,0.03215,14,0.03216,91,0.03218,15,0.03219,89,0.03221,15,0.03222,90
binance,gate,FUNUSDT,0.00144700,0.03202,2112.8542,1774096566587,,,,0.00144400,2039793.00000000,0.00144300,864362.00000000,0.00144200,1387800.00000000,0.00144100,527455.00000000,0.00144000,936406.00000000,0.00143900,592645.00000000,0.00143800,68532.00000000,0.00143700,601055.00000000,0.00143600,1898773.00000000,0.00143500,193012.00000000,0.00144700,197296.00000000,0.00144800,587246.00000000,0.00144900,949159.00000000,0.00145000,78911.00000000,0.00145100,580061.00000000,0.00145200,254000.00000000,0.00145300,599578.00000000,0.00145400,199536.00000000,0.00145500,516528.00000000,0.00145600,228907.00000000,0.03202,15,0.03201,90,0.03199,70,0.03198,90,0.03192,24,0.03191,90,0.03189,30,0.03188,10,0.03187,14,0.03186,10,0.0321,15,0.03211,70,0.03212,14,0.03213,75,0.03215,14,0.03216,91,0.03218,15,0.03219,89,0.03221,15,0.03222,90
binance,gate,FUNUSDT,0.00144700,0.03202,2112.8542,1774096566887,,,,0.00144400,2039793.00000000,0.00144300,864362.00000000,0.00144200,1387800.00000000,0.00144100,527455.00000000,0.00144000,936406.00000000,0.00143900,592645.00000000,0.00143800,68532.00000000,0.00143700,601055.00000000,0.00143600,1898773.00000000,0.00143500,193012.00000000,0.00144700,197296.00000000,0.00144800,587246.00000000,0.00144900,949159.00000000,0.00145000,78911.00000000,0.00145100,580061.00000000,0.00145200,254000.00000000,0.00145300,599578.00000000,0.00145400,199536.00000000,0.00145500,516528.00000000,0.00145600,228907.00000000,0.03202,15,0.03201,90,0.03199,70,0.03198,90,0.03192,24,0.03191,90,0.03189,30,0.03188,10,0.03187,14,0.03186,10,0.0321,15,0.03211,70,0.03212,14,0.03213,75,0.03215,14,0.03216,91,0.03218,15,0.03219,89,0.03221,15,0.03222,90
binance,gate,FUNUSDT,0.00144700,0.03202,2112.8542,1774096567187,,,,0.00144400,2039793.00000000,0.00144300,864362.00000000,0.00144200,1387800.00000000,0.00144100,527455.00000000,0.00144000,936406.00000000,0.00143900,592645.00000000,0.00143800,68532.00000000,0.00143700,601055.00000000,0.00143600,1898773.00000000,0.00143500,193012.00000000,0.00144700,201276.00000000,0.00144800,587246.00000000,0.00144900,949159.00000000,0.00145000,78911.00000000,0.00145100,580061.00000000,0.00145200,254000.00000000,0.00145300,599578.00000000,0.00145400,199536.00000000,0.00145500,516528.00000000,0.00145600,228907.00000000,0.03202,15,0.03201,90,0.03199,70,0.03198,90,0.03192,24,0.03191,90,0.03189,30,0.03188,10,0.03187,14,0.03186,10,0.0321,15,0.03211,70,0.03212,14,0.03213,75,0.03215,14,0.03216,91,0.03218,15,0.03219,89,0.03221,15,0.03222,90
binance,gate,FUNUSDT,0.00144700,0.03202,2112.8542,1774096567487,,,,0.00144400,2039793.00000000,0.00144300,864362.00000000,0.00144200,1387800.00000000,0.00144100,527455.00000000,0.00144000,936406.00000000,0.00143900,592645.00000000,0.00143800,68532.00000000,0.00143700,601055.00000000,0.00143600,1898773.00000000,0.00143500,193012.00000000,0.00144700,197296.00000000,0.00144800,587246.00000000,0.00144900,949159.00000000,0.00145000,78911.00000000,0.00145100,580061.00000000,0.00145200,254000.00000000,0.00145300,599578.00000000,0.00145400,199536.00000000,0.00145500,516528.00000000,0.00145600,228907.00000000,0.03202,15,0.03201,90,0.03199,70,0.03198,90,0.03192,24,0.03191,90,0.03189,30,0.03188,10,0.03187,14,0.03186,10,0.03211,15,0.03212,84,0.03213,75,0.03215,14,0.03216,91,0.03218,15,0.03219,89,0.03221,15,0.03222,90,0.03224,14
binance,gate,FUNUSDT,0.00144700,0.03202,2112.8542,1774096567787,,,,0.00144400,2039793.00000000,0.00144300,864362.00000000,0.00144200,1387800.00000000,0.00144100,527455.00000000,0.00144000,936406.00000000,0.00143900,592645.00000000,0.00143800,68532.00000000,0.00143700,601055.00000000,0.00143600,1898773.00000000,0.00143500,193012.00000000,0.00144700,197296.00000000,0.00144800,587246.00000000,0.00144900,949159.00000000,0.00145000,78911.00000000,0.00145100,580061.00000000,0.00145200,254000.00000000,0.00145300,599578.00000000,0.00145400,199536.00000000,0.00145500,516528.00000000,0.00145600,228907.00000000,0.03202,15,0.03201,90,0.03199,70,0.03198,90,0.03192,24,0.03191,90,0.03189,30,0.03188,10,0.03187,14,0.03186,10,0.03211,15,0.03212,84,0.03213,75,0.03215,14,0.03216,91,0.03218,15,0.03219,89,0.03221,15,0.03222,90,0.03224,14
binance,gate,FUNUSDT,0.00144700,0.03202,2112.8542,1774096568087,,,,0.00144400,2039793.00000000,0.00144300,864362.00000000,0.00144200,1387800.00000000,0.00144100,527455.00000000,0.00144000,936406.00000000,0.00143900,592645.00000000,0.00143800,68532.00000000,0.00143700,601055.00000000,0.00143600,1898773.00000000,0.00143500,193012.00000000,0.00144700,201276.00000000,0.00144800,587246.00000000,0.00144900,949159.00000000,0.00145000,78911.00000000,0.00145100,580061.00000000,0.00145200,254000.00000000,0.00145300,599578.00000000,0.00145400,199536.00000000,0.00145500,516528.00000000,0.00145600,228907.00000000,0.03202,15,0.03201,90,0.03199,70,0.03198,90,0.03192,24,0.03191,90,0.03189,30,0.03188,10,0.03187,14,0.03186,10,0.03211,15,0.03212,84,0.03213,75,0.03215,14,0.03216,91,0.03218,15,0.03219,89,0.03221,15,0.03222,90,0.03224,14
binance,gate,FUNUSDT,0.00144700,0.03202,2112.8542,1774096568387,,,,0.00144400,2039793.00000000,0.00144300,864362.00000000,0.00144200,1387800.00000000,0.00144100,527455.00000000,0.00144000,936406.00000000,0.00143900,592645.00000000,0.00143800,68532.00000000,0.00143700,601055.00000000,0.00143600,1898773.00000000,0.00143500,193012.00000000,0.00144700,197296.00000000,0.00144800,587246.00000000,0.00144900,949159.00000000,0.00145000,78911.00000000,0.00145100,580061.00000000,0.00145200,254000.00000000,0.00145300,599578.00000000,0.00145400,199536.00000000,0.00145500,516528.00000000,0.00145600,228907.00000000,0.03202,15,0.03201,90,0.03199,70,0.03198,90,0.03192,24,0.03191,90,0.03189,30,0.03188,10,0.03187,14,0.03186,10,0.03211,15,0.03212,84,0.03213,75,0.03215,14,0.03216,91,0.03218,15,0.03219,89,0.03221,15,0.03222,90,0.03224,14
binance,gate,FUNUSDT,0.00144700,0.03202,2112.8542,1774096568688,,,,0.00144400,2039793.00000000,0.00144300,864362.00000000,0.00144200,1387800.00000000,0.00144100,527455.00000000,0.00144000,936406.00000000,0.00143900,592645.00000000,0.00143800,68532.00000000,0.00143700,601055.00000000,0.00143600,1898773.00000000,0.00143500,193012.00000000,0.00144700,197296.00000000,0.00144800,587246.00000000,0.00144900,949159.00000000,0.00145000,78911.00000000,0.00145100,580061.00000000,0.00145200,254000.00000000,0.00145300,599578.00000000,0.00145400,199536.00000000,0.00145500,516528.00000000,0.00145600,228907.00000000,0.03202,15,0.03201,90,0.03199,70,0.03198,90,0.03192,24,0.03191,90,0.03189,30,0.03188,10,0.03187,14,0.03186,10,0.03211,15,0.03212,84,0.03213,75,0.03215,14,0.03216,91,0.03218,15,0.03219,89,0.03221,15,0.03222,90,0.03224,14
binance,gate,FUNUSDT,0.00144700,0.03202,2112.8542,1774096568988,,,,0.00144400,2111121.00000000,0.00144300,864362.00000000,0.00144200,1387800.00000000,0.00144100,527455.00000000,0.00144000,936406.00000000,0.00143900,592645.00000000,0.00143800,68532.00000000,0.00143700,601055.00000000,0.00143600,1898773.00000000,0.00143500,193012.00000000,0.00144700,201276.00000000,0.00144800,587246.00000000,0.00144900,949159.00000000,0.00145000,78911.00000000,0.00145100,580061.00000000,0.00145200,254000.00000000,0.00145300,599578.00000000,0.00145400,199536.00000000,0.00145500,516528.00000000,0.00145600,228907.00000000,0.03202,15,0.03201,90,0.03199,70,0.03198,90,0.03192,24,0.03191,90,0.03189,30,0.03188,10,0.03187,14,0.03186,10,0.03211,15,0.03212,84,0.03213,75,0.03215,14,0.03216,91,0.03218,15,0.03219,89,0.03221,15,0.03222,90,0.03224,14
binance,gate,FUNUSDT,0.00144700,0.03202,2112.8542,1774096569288,,,,0.00144400,2111121.00000000,0.00144300,864362.00000000,0.00144200,1387800.00000000,0.00144100,527455.00000000,0.00144000,936406.00000000,0.00143900,592645.00000000,0.00143800,68532.00000000,0.00143700,601055.00000000,0.00143600,1898773.00000000,0.00143500,193012.00000000,0.00144700,193316.00000000,0.00144800,587246.00000000,0.00144900,949159.00000000,0.00145000,78911.00000000,0.00145100,580061.00000000,0.00145200,254000.00000000,0.00145300,599578.00000000,0.00145400,199536.00000000,0.00145500,516528.00000000,0.00145600,228907.00000000,0.03202,15,0.03201,90,0.03199,70,0.03198,90,0.03192,24,0.03191,90,0.03189,30,0.03188,10,0.03187,14,0.03186,10,0.03211,15,0.03212,84,0.03213,75,0.03215,14,0.03216,91,0.03218,15,0.03219,89,0.03221,15,0.03222,90,0.03224,14
binance,gate,FUNUSDT,0.00144700,0.03202,2112.8542,1774096569588,,,,0.00144400,2111121.00000000,0.00144300,864362.00000000,0.00144200,1387800.00000000,0.00144100,527455.00000000,0.00144000,936406.00000000,0.00143900,592645.00000000,0.00143800,68532.00000000,0.00143700,601055.00000000,0.00143600,1898773.00000000,0.00143500,193012.00000000,0.00144700,189336.00000000,0.00144800,587246.00000000,0.00144900,949159.00000000,0.00145000,78911.00000000,0.00145100,580061.00000000,0.00145200,254000.00000000,0.00145300,599578.00000000,0.00145400,199536.00000000,0.00145500,516528.00000000,0.00145600,228907.00000000,0.03202,15,0.03201,90,0.03199,70,0.03198,90,0.03192,24,0.03191,90,0.03189,30,0.03188,10,0.03187,14,0.03186,10,0.03211,15,0.03212,84,0.03213,75,0.03215,14,0.03216,91,0.03218,15,0.03219,89,0.03221,15,0.03222,90,0.03224,14
binance,gate,FUNUSDT,0.00144700,0.03202,2112.8542,1774096569888,,,,0.00144400,2111121.00000000,0.00144300,864362.00000000,0.00144200,1387800.00000000,0.00144100,527455.00000000,0.00144000,936406.00000000,0.00143900,592645.00000000,0.00143800,68532.00000000,0.00143700,601055.00000000,0.00143600,1898773.00000000,0.00143500,193012.00000000,0.00144700,193316.00000000,0.00144800,587246.00000000,0.00144900,949159.00000000,0.00145000,78911.00000000,0.00145100,580061.00000000,0.00145200,254000.00000000,0.00145300,599578.00000000,0.00145400,199536.00000000,0.00145500,516528.00000000,0.00145600,228907.00000000,0.03202,15,0.03201,90,0.03199,70,0.03198,90,0.03192,24,0.03191,90,0.03189,30,0.03188,10,0.03187,14,0.03186,10,0.03211,15,0.03212,84,0.03213,75,0.03215,14,0.03216,91,0.03218,15,0.03219,89,0.03221,15,0.03222,90,0.03224,14
binance,gate,FUNUSDT,0.00144700,0.03202,2112.8542,1774096570188,,,,0.00144400,2111121.00000000,0.00144300,864362.00000000,0.00144200,1387800.00000000,0.00144100,527455.00000000,0.00144000,936406.00000000,0.00143900,592645.00000000,0.00143800,68532.00000000,0.00143700,601055.00000000,0.00143600,1898773.00000000,0.00143500,193012.00000000,0.00144700,197296.00000000,0.00144800,587246.00000000,0.00144900,949159.00000000,0.00145000,78911.00000000,0.00145100,580061.00000000,0.00145200,254000.00000000,0.00145300,599578.00000000,0.00145400,199536.00000000,0.00145500,516528.00000000,0.00145600,228907.00000000,0.03202,15,0.03201,90,0.03199,70,0.03198,90,0.03192,24,0.03191,90,0.03189,30,0.03188,10,0.03187,14,0.03186,10,0.03211,15,0.03212,84,0.03213,75,0.03215,14,0.03216,91,0.03218,15,0.03219,89,0.03221,15,0.03222,90,0.03224,14
binance,gate,FUNUSDT,0.00144700,0.03202,2112.8542,1774096570488,,,,0.00144400,2111121.00000000,0.00144300,864362.00000000,0.00144200,1387800.00000000,0.00144100,527455.00000000,0.00144000,936406.00000000,0.00143900,592645.00000000,0.00143800,68532.00000000,0.00143700,601055.00000000,0.00143600,1898773.00000000,0.00143500,193012.00000000,0.00144700,189336.00000000,0.00144800,587246.00000000,0.00144900,949159.00000000,0.00145000,78911.00000000,0.00145100,580061.00000000,0.00145200,254000.00000000,0.00145300,599578.00000000,0.00145400,199536.00000000,0.00145500,516528.00000000,0.00145600,228907.00000000,0.03202,15,0.03201,90,0.03199,70,0.03198,90,0.03192,24,0.03191,90,0.03189,30,0.03188,10,0.03187,14,0.03186,10,0.03211,15,0.03212,84,0.03213,75,0.03215,14,0.03216,91,0.03218,15,0.03219,89,0.03221,15,0.03222,90,0.03224,14
binance,gate,FUNUSDT,0.00144700,0.03202,2112.8542,1774096570788,,,,0.00144400,2111121.00000000,0.00144300,864362.00000000,0.00144200,1387800.00000000,0.00144100,527455.00000000,0.00144000,936406.00000000,0.00143900,592645.00000000,0.00143800,68532.00000000,0.00143700,601055.00000000,0.00143600,1898773.00000000,0.00143500,193012.00000000,0.00144700,193316.00000000,0.00144800,587246.00000000,0.00144900,949159.00000000,0.00145000,78911.00000000,0.00145100,580061.00000000,0.00145200,254000.00000000,0.00145300,599578.00000000,0.00145400,199536.00000000,0.00145500,516528.00000000,0.00145600,228907.00000000,0.03202,15,0.03201,90,0.03199,70,0.03198,90,0.03192,24,0.03191,90,0.03189,30,0.03188,10,0.03187,14,0.03186,10,0.03211,15,0.03212,84,0.03213,75,0.03215,14,0.03216,91,0.03218,15,0.03219,89,0.03221,15,0.03222,90,0.03224,14
