spot_exch,fut_exch,symbol,ask_spot,bid_futures,spread_pct,ts,s_b1,s_b2,s_b3,s_b4,s_b5,s_b6,s_b7,s_b8,s_b9,s_b10,s_bq1,s_bq2,s_bq3,s_bq4,s_bq5,s_bq6,s_bq7,s_bq8,s_bq9,s_bq10,s_a1,s_a2,s_a3,s_a4,s_a5,s_a6,s_a7,s_a8,s_a9,s_a10,s_aq1,s_aq2,s_aq3,s_aq4,s_aq5,s_aq6,s_aq7,s_aq8,s_aq9,s_aq10,f_b1,f_b2,f_b3,f_b4,f_b5,f_b6,f_b7,f_b8,f_b9,f_b10,f_bq1,f_bq2,f_bq3,f_bq4,f_bq5,f_bq6,f_bq7,f_bq8,f_bq9,f_bq10,f_a1,f_a2,f_a3,f_a4,f_a5,f_a6,f_a7,f_a8,f_a9,f_a10,f_aq1,f_aq2,f_aq3,f_aq4,f_aq5,f_aq6,f_aq7,f_aq8,f_aq9,f_aq10
binance,gate,NTRNUSDT,0.00650000,0.00642,-1.2308,1774112807000,0.00630000,2147862.90000000,0.00620000,2865197.50000000,0.00610000,1433480.30000000,0.00600000,1129760.50000000,0.00590000,1087340.70000000,0.00580000,963509.80000000,0.00570000,877.20000000,0.00560000,33820.10000000,0.00550000,108061.60000000,0.00540000,6852.20000000,0.00650000,1486154.30000000,0.00660000,1358459.40000000,0.00670000,701661.10000000,0.00680000,967301.00000000,0.00690000,236552.40000000,0.00700000,645719.60000000,0.00710000,511329.50000000,0.00720000,294783.60000000,0.00730000,138359.00000000,0.00740000,115185.40000000,0.00642,744,0.00641,1061,0.0064,526,0.00639,1848,0.00638,14063,0.00637,1091,0.00636,5140,0.00635,544,0.00634,3691,0.00633,3698,0.00643,1129,0.00644,709,0.00645,578,0.00646,553,0.00647,3356,0.00648,2341,0.00649,500,0.0065,9856,0.00651,8304,0.00652,3576
binance,gate,NTRNUSDT,0.00640000,0.00641,0.1562,1774112808000,0.00630000,2140892.10000000,0.00620000,2865197.50000000,0.00610000,1433480.30000000,0.00600000,1247547.70000000,0.00590000,1087340.70000000,0.00580000,963509.80000000,0.00570000,877.20000000,0.00560000,33820.10000000,0.00550000,108061.60000000,0.00540000,6852.20000000,0.00640000,80105.40000000,0.00650000,1484935.60000000,0.00660000,1358459.40000000,0.00670000,701661.10000000,0.00680000,967301.00000000,0.00690000,236552.40000000,0.00700000,645719.60000000,0.00710000,511329.50000000,0.00720000,294783.60000000,0.00730000,138359.00000000,0.00641,20,0.0064,26,0.00639,576,0.00638,542,0.00637,714,0.00636,12252,0.00635,544,0.00634,579,0.00633,539,0.00632,544,0.00642,653,0.00643,551,0.00645,1377,0.00646,661,0.00647,1090,0.00648,8318,0.00649,7293,0.0065,550,0.00651,1717,0.00652,550
binance,gate,NTRNUSDT,0.00640000,0.00641,0.1562,1774112809000,0.00630000,2128404.90000000,0.00620000,2865197.50000000,0.00610000,1472600.00000000,0.00600000,1247547.70000000,0.00590000,1088188.20000000,0.00580000,963509.80000000,0.00570000,877.20000000,0.00560000,34713.00000000,0.00550000,108061.60000000,0.00540000,6852.20000000,0.00640000,789955.10000000,0.00650000,1406195.50000000,0.00660000,1435978.70000000,0.00670000,701661.10000000,0.00680000,967301.00000000,0.00690000,236552.40000000,0.00700000,645719.60000000,0.00710000,511329.50000000,0.00720000,294783.60000000,0.00730000,138359.00000000,0.00641,20,0.0064,26,0.00639,576,0.00638,542,0.00637,2772,0.00636,12252,0.00635,544,0.00634,3712,0.00632,3666,0.00631,3723,0.00642,677,0.00643,551,0.00644,799,0.00645,2117,0.00646,1161,0.00647,1090,0.00648,11383,0.00649,6793,0.0065,3585,0.00651,4789
binance,gate,NTRNUSDT,0.00640000,0.00641,0.1562,1774112810000,0.00630000,2131211.90000000,0.00620000,2865197.50000000,0.00610000,1472600.00000000,0.00600000,1247547.70000000,0.00590000,1088188.20000000,0.00580000,963509.80000000,0.00570000,877.20000000,0.00560000,34713.00000000,0.00550000,108061.60000000,0.00540000,6852.20000000,0.00640000,789955.10000000,0.00650000,1406195.50000000,0.00660000,1435978.70000000,0.00670000,701661.10000000,0.00680000,967301.00000000,0.00690000,236552.40000000,0.00700000,645719.60000000,0.00710000,511329.50000000,0.00720000,294783.60000000,0.00730000,138359.00000000,0.00641,20,0.0064,26,0.00639,576,0.00638,1042,0.00637,2772,0.00636,12252,0.00635,544,0.00634,3712,0.00632,3666,0.00631,3723,0.00642,677,0.00643,551,0.00644,799,0.00645,3621,0.00646,1161,0.00647,1090,0.00648,9879,0.00649,6793,0.0065,3585,0.00651,4789
binance,gate,NTRNUSDT,0.00640000,0.00641,0.1562,1774112812000,,,,,,,,,,,,,,,,,,,,,,,,,,,,,,,,,,,,,,,,,0.00641,20,0.0064,26,0.00639,576,0.00638,1042,0.00637,2772,0.00636,12752,0.00635,544,0.00634,3712,0.00632,3666,0.00631,3723,0.00642,653,0.00643,551,0.00645,3621,0.00646,1961,0.00647,1090,0.00648,9879,0.00649,6793,0.0065,3585,0.00651,4789,0.00652,550
binance,gate,NTRNUSDT,0.00640000,0.00641,0.1562,1774112818000,0.00630000,2133058.90000000,0.00620000,2865197.50000000,0.00610000,1337832.60000000,0.00600000,1247547.70000000,0.00590000,1088188.20000000,0.00580000,963509.80000000,0.00570000,877.20000000,0.00560000,34713.00000000,0.00550000,108061.60000000,0.00540000,6852.20000000,0.00640000,789955.10000000,0.00650000,1406195.50000000,0.00660000,1435978.70000000,0.00670000,701661.10000000,0.00680000,967301.00000000,0.00690000,236552.40000000,0.00700000,645719.60000000,0.00710000,511329.50000000,0.00720000,294783.60000000,0.00730000,138359.00000000,0.00641,20,0.0064,26,0.00639,576,0.00638,1042,0.00637,2772,0.00636,12752,0.00635,544,0.00634,3712,0.00632,3666,0.00631,3723,0.00642,685,0.00643,551,0.00644,800,0.00645,3621,0.00646,1161,0.00647,1090,0.00648,9879,0.00649,6793,0.0065,3585,0.00651,4789
binance,gate,NTRNUSDT,0.00640000,0.00641,0.1562,1774112820000,0.00630000,2133058.90000000,0.00620000,2865197.50000000,0.00610000,1337832.60000000,0.00600000,1247547.70000000,0.00590000,1088188.20000000,0.00580000,963509.80000000,0.00570000,877.20000000,0.00560000,34713.00000000,0.00550000,108061.60000000,0.00540000,6852.20000000,0.00640000,778100.90000000,0.00650000,1406195.50000000,0.00660000,1435978.70000000,0.00670000,701661.10000000,0.00680000,967301.00000000,0.00690000,236552.40000000,0.00700000,645719.60000000,0.00710000,511329.50000000,0.00720000,294783.60000000,0.00730000,138359.00000000,0.00641,10,0.0064,26,0.00639,576,0.00638,1042,0.00637,2772,0.00636,12752,0.00635,544,0.00634,3712,0.00632,4244,0.00631,3723,0.00642,709,0.00643,552,0.00644,800,0.00645,3621,0.00646,1161,0.00647,1090,0.00648,9879,0.00649,6793,0.0065,3585,0.00651,4789
binance,gate,NTRNUSDT,0.00640000,0.0064,0.0,1774112847000,0.00630000,2129077.80000000,0.00620000,2865197.50000000,0.00610000,1337832.60000000,0.00600000,1247547.70000000,0.00590000,1087340.70000000,0.00580000,963509.80000000,0.00570000,877.20000000,0.00560000,34713.00000000,0.00550000,108061.60000000,0.00540000,6852.20000000,0.00640000,1082763.70000000,0.00650000,1369075.30000000,0.00660000,1435978.70000000,0.00670000,701661.10000000,0.00680000,851030.10000000,0.00690000,258720.90000000,0.00700000,645719.60000000,0.00710000,511329.50000000,0.00720000,294783.60000000,0.00730000,138359.00000000,0.00641,13,0.0064,549,0.00639,589,0.00638,1055,0.00637,2746,0.00636,12765,0.00635,544,0.00634,3687,0.00632,4244,0.00631,3723,0.00642,636,0.00643,586,0.00644,800,0.00645,3608,0.00646,1187,0.00647,1077,0.00648,9867,0.00649,6818,0.0065,3598,0.00651,4789
binance,gate,NTRNUSDT,0.00640000,0.0064,0.0,1774112849000,0.00630000,2343739.00000000,0.00620000,2984269.30000000,0.00610000,1337832.60000000,0.00600000,1247547.70000000,0.00590000,1087340.70000000,0.00580000,963509.80000000,0.00570000,877.20000000,0.00560000,34713.00000000,0.00550000,108061.60000000,0.00540000,6852.20000000,0.00640000,85114.30000000,0.00650000,1369075.30000000,0.00660000,1435978.70000000,0.00670000,701661.10000000,0.00680000,967826.40000000,0.00690000,258720.90000000,0.00700000,645719.60000000,0.00710000,511329.50000000,0.00720000,294783.60000000,0.00730000,138359.00000000,0.0064,556,0.00639,589,0.00638,1055,0.00637,1188,0.00636,2087,0.00635,1044,0.00634,14368,0.00633,1579,0.00632,544,0.00631,6850,0.00642,656,0.00643,551,0.00645,4149,0.00646,1879,0.00647,14879,0.00648,2843,0.00649,25,0.0065,6674,0.00651,1717,0.00652,550
binance,gate,NTRNUSDT,0.00640000,0.00641,0.1562,1774112850000,0.00630000,2273402.10000000,0.00620000,2984269.30000000,0.00610000,1337832.60000000,0.00600000,1247547.70000000,0.00590000,1088188.20000000,0.00580000,153233.30000000,0.00570000,877.20000000,0.00560000,34713.00000000,0.00550000,108061.60000000,0.00540000,6852.20000000,0.00640000,75581.80000000,0.00650000,1378839.70000000,0.00660000,1435978.70000000,0.00670000,701661.10000000,0.00680000,967826.40000000,0.00690000,258720.90000000,0.00700000,645719.60000000,0.00710000,511329.50000000,0.00720000,294783.60000000,0.00730000,138359.00000000,0.00641,556,0.0064,568,0.00639,589,0.00638,1055,0.00637,2746,0.00636,12794,0.00635,1044,0.00634,3687,0.00632,3666,0.00631,3723,0.00642,13,0.00643,551,0.00645,2606,0.00646,1879,0.00647,1077,0.00648,3755,0.00649,1529,0.0065,15856,0.00651,5002,0.00652,550
binance,gate,NTRNUSDT,0.00640000,0.00641,0.1562,1774112851000,0.00630000,2273402.10000000,0.00620000,2952075.90000000,0.00610000,1337832.60000000,0.00600000,1247547.70000000,0.00590000,1088188.20000000,0.00580000,153233.30000000,0.00570000,877.20000000,0.00560000,34713.00000000,0.00550000,108061.60000000,0.00540000,6852.20000000,0.00640000,75581.80000000,0.00650000,1378839.70000000,0.00660000,1435978.70000000,0.00670000,701661.10000000,0.00680000,967826.40000000,0.00690000,258720.90000000,0.00700000,645719.60000000,0.00710000,511329.50000000,0.00720000,294783.60000000,0.00730000,138359.00000000,0.00641,556,0.0064,568,0.00639,1089,0.00638,1055,0.00637,2746,0.00636,12794,0.00635,1044,0.00634,3687,0.00632,3666,0.00631,3723,0.00642,13,0.00643,551,0.00645,2604,0.00646,1879,0.00647,1077,0.00648,3755,0.00649,1529,0.0065,15856,0.00651,5002,0.00652,550
binance,gate,NTRNUSDT,0.00640000,0.00642,0.3125,1774112853000,0.00630000,2314829.90000000,0.00620000,2952075.90000000,0.00610000,1478071.10000000,0.00600000,1247547.70000000,0.00590000,1087340.70000000,0.00580000,153233.30000000,0.00570000,877.20000000,0.00560000,34713.00000000,0.00550000,108061.60000000,0.00540000,6852.20000000,0.00640000,41254.50000000,0.00650000,1378839.70000000,0.00660000,1454784.00000000,0.00670000,701661.10000000,0.00680000,967826.40000000,0.00690000,258720.90000000,0.00700000,645719.60000000,0.00710000,511329.50000000,0.00720000,294783.60000000,0.00730000,138359.00000000,0.00642,587,0.00641,1056,0.0064,556,0.00639,1089,0.00638,2611,0.00637,1188,0.00636,14345,0.00635,2118,0.00634,554,0.00633,6276,0.00644,556,0.00645,577,0.00646,1879,0.00647,2611,0.00648,1190,0.00649,3549,0.0065,14359,0.00651,1930,0.00652,6643,0.00657,775
binance,gate,NTRNUSDT,0.00640000,0.00643,0.4687,1774112854000,0.00630000,2333735.20000000,0.00620000,2952075.90000000,0.00610000,1337832.60000000,0.00600000,1247547.70000000,0.00590000,1087340.70000000,0.00580000,153233.30000000,0.00570000,877.20000000,0.00560000,34713.00000000,0.00550000,108061.60000000,0.00540000,6852.20000000,0.00640000,41254.50000000,0.00650000,1378839.70000000,0.00660000,1454784.00000000,0.00670000,701661.10000000,0.00680000,967826.40000000,0.00690000,258720.90000000,0.00700000,645719.60000000,0.00710000,511329.50000000,0.00720000,294783.60000000,0.00730000,138359.00000000,0.00642,556,0.00641,1056,0.0064,1056,0.00639,1861,0.00638,14057,0.00637,1188,0.00636,3649,0.00635,544,0.00634,3666,0.00633,3159,0.00644,556,0.00645,584,0.00646,1079,0.00647,1839,0.00648,1961,0.00649,2029,0.0065,15876,0.00651,1930,0.00652,3576,0.00653,3062
binance,gate,NTRNUSDT,0.00640000,0.00643,0.4687,1774112855000,0.00630000,2350027.50000000,0.00620000,2952075.90000000,0.00610000,1478071.10000000,0.00600000,1247547.70000000,0.00590000,1088188.20000000,0.00580000,153233.30000000,0.00570000,877.20000000,0.00560000,34713.00000000,0.00550000,108061.60000000,0.00540000,6852.20000000,0.00640000,41254.50000000,0.00650000,1378839.70000000,0.00660000,1454784.00000000,0.00670000,701661.10000000,0.00680000,967826.40000000,0.00690000,258720.90000000,0.00700000,645719.60000000,0.00710000,511329.50000000,0.00720000,294783.60000000,0.00730000,138359.00000000,0.00643,546,0.00642,630,0.00641,1057,0.0064,1056,0.00639,1861,0.00638,14057,0.00637,1188,0.00636,3149,0.00635,544,0.00634,4068,0.00644,556,0.00645,576,0.00646,1079,0.00647,1839,0.00648,1961,0.00649,2029,0.0065,15876,0.00651,1930,0.00652,3576,0.00653,3062
binance,gate,NTRNUSDT,0.00640000,0.00643,0.4687,1774112856000,0.00630000,2342100.50000000,0.00620000,2952075.90000000,0.00610000,1478071.10000000,0.00600000,1247547.70000000,0.00590000,1087340.70000000,0.00580000,153233.30000000,0.00570000,877.20000000,0.00560000,34713.00000000,0.00550000,108061.60000000,0.00540000,6852.20000000,0.00640000,41254.50000000,0.00650000,1378839.70000000,0.00660000,1454784.00000000,0.00670000,701661.10000000,0.00680000,967826.40000000,0.00690000,258720.90000000,0.00700000,645719.60000000,0.00710000,511329.50000000,0.00720000,294783.60000000,0.00730000,138359.00000000,0.00643,546,0.00642,630,0.00641,1056,0.0064,1056,0.00639,1861,0.00638,14057,0.00637,1188,0.00636,3149,0.00635,544,0.00634,4068,0.00644,556,0.00645,587,0.00646,1079,0.00647,1839,0.00648,1961,0.00649,2029,0.0065,15876,0.00651,1930,0.00652,3576,0.00653,3062
binance,gate,NTRNUSDT,0.00640000,0.00643,0.4687,1774112858000,0.00630000,2342042.70000000,0.00620000,2952075.90000000,0.00610000,1478071.10000000,0.00600000,1247547.70000000,0.00590000,1087340.70000000,0.00580000,153233.30000000,0.00570000,877.20000000,0.00560000,34713.00000000,0.00550000,108061.60000000,0.00540000,6852.20000000,0.00640000,41254.50000000,0.00650000,1378839.70000000,0.00660000,1454784.00000000,0.00670000,701661.10000000,0.00680000,967826.40000000,0.00690000,258720.90000000,0.00700000,645719.60000000,0.00710000,511329.50000000,0.00720000,294783.60000000,0.00730000,138359.00000000,0.00643,546,0.00642,630,0.00641,1057,0.0064,1056,0.00639,1861,0.00638,14057,0.00637,1188,0.00636,3149,0.00635,544,0.00634,4068,0.00644,556,0.00645,576,0.00646,1079,0.00647,1839,0.00648,1961,0.00649,2029,0.0065,15876,0.00651,1930,0.00652,3576,0.00653,3062
binance,gate,NTRNUSDT,0.00640000,0.00642,0.3125,1774112860000,0.00630000,2339804.40000000,0.00620000,2952075.90000000,0.00610000,1478071.10000000,0.00600000,1247547.70000000,0.00590000,1087340.70000000,0.00580000,153233.30000000,0.00570000,877.20000000,0.00560000,34713.00000000,0.00550000,108061.60000000,0.00540000,6852.20000000,0.00640000,41254.50000000,0.00650000,1378839.70000000,0.00660000,1454784.00000000,0.00670000,701661.10000000,0.00680000,967826.40000000,0.00690000,258720.90000000,0.00700000,645719.60000000,0.00710000,511329.50000000,0.00720000,294783.60000000,0.00730000,138359.00000000,0.00642,678,0.00641,1056,0.0064,1056,0.00639,1861,0.00638,14057,0.00637,1188,0.00636,3149,0.00635,544,0.00634,3907,0.00633,3159,0.00644,556,0.00645,584,0.00646,1079,0.00647,1839,0.00648,1961,0.00649,2029,0.0065,15876,0.00651,1930,0.00652,3576,0.00653,3062
binance,gate,NTRNUSDT,0.00640000,0.00642,0.3125,1774112861000,0.00630000,2339804.40000000,0.00620000,2952075.90000000,0.00610000,1478071.10000000,0.00600000,1247547.70000000,0.00590000,1087340.70000000,0.00580000,153233.30000000,0.00570000,877.20000000,0.00560000,34713.00000000,0.00550000,108061.60000000,0.00540000,6852.20000000,0.00640000,40382.50000000,0.00650000,1378839.70000000,0.00660000,1454784.00000000,0.00670000,701661.10000000,0.00680000,967826.40000000,0.00690000,258720.90000000,0.00700000,645719.60000000,0.00710000,511329.50000000,0.00720000,294783.60000000,0.00730000,138359.00000000,0.00642,630,0.00641,1056,0.0064,1056,0.00639,1861,0.00638,14044,0.00637,1188,0.00636,3149,0.00635,544,0.00634,3907,0.00633,3159,0.00644,556,0.00645,577,0.00646,1079,0.00647,1839,0.00648,1961,0.00649,2029,0.0065,15876,0.00651,1930,0.00652,3576,0.00653,3062
binance,gate,NTRNUSDT,0.00640000,0.00642,0.3125,1774112874000,0.00630000,2268386.30000000,0.00620000,2887689.10000000,0.00610000,1443877.20000000,0.00600000,1247547.70000000,0.00590000,1088188.20000000,0.00580000,153233.30000000,0.00570000,877.20000000,0.00560000,34713.00000000,0.00550000,108061.60000000,0.00540000,6852.20000000,0.00640000,105096.50000000,0.00650000,1378839.70000000,0.00660000,1454784.00000000,0.00670000,701661.10000000,0.00680000,967826.40000000,0.00690000,258720.90000000,0.00700000,645719.60000000,0.00710000,511329.50000000,0.00720000,294783.60000000,0.00730000,138359.00000000,0.00642,556,0.00641,1056,0.0064,1056,0.00639,1861,0.00638,14044,0.00637,1214,0.00636,3123,0.00635,569,0.00634,3919,0.00633,3185,0.00643,26,0.00644,569,0.00645,590,0.00646,1053,0.00647,1852,0.00648,1961,0.00649,2004,0.0065,15901,0.00651,1930,0.00652,3576
binance,gate,NTRNUSDT,0.00640000,0.00641,0.1562,1774112881000,0.00630000,2253618.70000000,0.00620000,2841240.90000000,0.00610000,1443877.20000000,0.00600000,1247547.70000000,0.00590000,1088188.20000000,0.00580000,153233.30000000,0.00570000,877.20000000,0.00560000,34713.00000000,0.00550000,108061.60000000,0.00540000,6852.20000000,0.00640000,105096.50000000,0.00650000,1378839.70000000,0.00660000,2612645.30000000,0.00670000,701661.10000000,0.00680000,967826.40000000,0.00690000,258720.90000000,0.00700000,645719.60000000,0.00710000,511329.50000000,0.00720000,294783.60000000,0.00730000,138359.00000000,0.00641,1056,0.0064,1056,0.00639,1089,0.00638,1042,0.00637,2772,0.00636,12258,0.00635,569,0.00634,3687,0.00633,26,0.00632,3328,0.00642,562,0.00643,591,0.00644,556,0.00645,2129,0.00646,1053,0.00647,1090,0.00648,3755,0.0065,15881,0.00651,5002,0.00652,550
binance,gate,NTRNUSDT,0.00640000,0.0064,0.0,1774112885000,0.00630000,2285812.10000000,0.00620000,2738269.90000000,0.00610000,1337832.60000000,0.00600000,1247547.70000000,0.00590000,1088188.20000000,0.00580000,153233.30000000,0.00570000,877.20000000,0.00560000,34713.00000000,0.00550000,108061.60000000,0.00540000,6852.20000000,0.00640000,326335.30000000,0.00650000,1378839.70000000,0.00660000,2612645.30000000,0.00670000,701661.10000000,0.00680000,851030.10000000,0.00690000,258720.90000000,0.00700000,645719.60000000,0.00710000,511329.50000000,0.00720000,294783.60000000,0.00730000,138359.00000000,0.0064,1132,0.00639,1089,0.00638,1042,0.00637,2772,0.00636,12258,0.00635,569,0.00634,3687,0.00633,26,0.00632,3122,0.00631,3749,0.00642,562,0.00643,602,0.00644,556,0.00645,2129,0.00646,3211,0.00647,1090,0.00648,9877,0.00649,6126,0.0065,4102,0.00651,4789
binance,gate,NTRNUSDT,0.00640000,0.00638,-0.3125,1774112911000,0.00630000,2241172.10000000,0.00620000,2743757.90000000,0.00610000,1333084.50000000,0.00600000,1247547.70000000,0.00590000,1088188.20000000,0.00580000,153233.30000000,0.00570000,877.20000000,0.00560000,34713.00000000,0.00550000,108061.60000000,0.00540000,6852.20000000,0.00640000,1117136.30000000,0.00650000,1378839.70000000,0.00660000,2593840.00000000,0.00670000,701661.10000000,0.00680000,851030.10000000,0.00690000,258720.90000000,0.00700000,645719.60000000,0.00710000,511329.50000000,0.00720000,294783.60000000,0.00730000,138359.00000000,0.00638,666,0.00637,714,0.00636,1056,0.00635,2632,0.00634,1054,0.00633,12326,0.00632,3699,0.00631,580,0.0063,3861,0.00629,4595,0.0064,556,0.00641,1403,0.00642,1330,0.00643,2592,0.00644,2685,0.00645,14924,0.00646,1053,0.00647,2514,0.00648,3644,0.00649,3081
binance,gate,NTRNUSDT,0.00640000,0.00637,-0.4688,1774112918000,0.00630000,2618506.70000000,0.00620000,3135700.70000000,0.00610000,1378044.50000000,0.00600000,1247547.70000000,0.00590000,1088188.20000000,0.00580000,153233.30000000,0.00570000,877.20000000,0.00560000,34713.00000000,0.00550000,108061.60000000,0.00540000,6852.20000000,0.00640000,1494292.50000000,0.00650000,1782257.10000000,0.00660000,2593840.00000000,0.00670000,701661.10000000,0.00680000,851030.10000000,0.00690000,258720.90000000,0.00700000,645719.60000000,0.00710000,511329.50000000,0.00720000,294783.60000000,0.00730000,138359.00000000,0.00638,542,0.00637,714,0.00636,1056,0.00635,2632,0.00634,1054,0.00633,12326,0.00632,3699,0.00631,580,0.0063,3861,0.00629,4169,0.0064,556,0.00641,1403,0.00642,1330,0.00643,2592,0.00644,2685,0.00645,14924,0.00646,1053,0.00647,2514,0.00648,4531,0.00649,3081
binance,gate,NTRNUSDT,0.00640000,0.00637,-0.4688,1774112921000,0.00630000,2578376.80000000,0.00620000,3135700.70000000,0.00610000,1378044.50000000,0.00600000,1247547.70000000,0.00590000,1088188.20000000,0.00580000,153233.30000000,0.00570000,877.20000000,0.00560000,34713.00000000,0.00550000,108061.60000000,0.00540000,6852.20000000,0.00640000,1494292.50000000,0.00650000,1782257.10000000,0.00660000,2593840.00000000,0.00670000,701661.10000000,0.00680000,851030.10000000,0.00690000,258720.90000000,0.00700000,645719.60000000,0.00710000,511329.50000000,0.00720000,294783.60000000,0.00730000,138359.00000000,0.00637,805,0.00636,1056,0.00635,1845,0.00634,1054,0.00633,1315,0.00632,14427,0.00631,580,0.0063,2274,0.00629,3896,0.00628,3184,0.00639,544,0.0064,570,0.00641,1381,0.00642,3757,0.00643,1088,0.00644,13376,0.00645,4412,0.00646,553,0.00647,3655,0.00648,3644
binance,gate,NTRNUSDT,0.00640000,0.00636,-0.625,1774112941000,0.00630000,2546183.40000000,0.00620000,3173382.10000000,0.00610000,1378044.50000000,0.00600000,1247547.70000000,0.00590000,1087340.70000000,0.00580000,153233.30000000,0.00570000,877.20000000,0.00560000,34713.00000000,0.00550000,108061.60000000,0.00540000,6852.20000000,0.00640000,1591848.20000000,0.00650000,1684701.40000000,0.00660000,2593840.00000000,0.00670000,701661.10000000,0.00680000,851030.10000000,0.00690000,258720.90000000,0.00700000,645719.60000000,0.00710000,511329.50000000,0.00720000,294783.60000000,0.00730000,138359.00000000,0.00636,595,0.00635,1055,0.00634,1079,0.00633,2632,0.00632,1056,0.00631,12923,0.0063,3840,0.00629,759,0.00628,3184,0.00627,3701,0.00638,564,0.00639,1,0.0064,1570,0.00641,2560,0.00642,2023,0.00643,2596,0.00644,13524,0.00645,2358,0.00646,3607,0.00647,3694
binance,gate,NTRNUSDT,0.00640000,0.00634,-0.9375,1774112943000,0.00630000,2406098.40000000,0.00620000,3200087.50000000,0.00610000,1378044.50000000,0.00600000,1247547.70000000,0.00590000,1087340.70000000,0.00580000,153233.30000000,0.00570000,877.20000000,0.00560000,34713.00000000,0.00550000,108061.60000000,0.00540000,6852.20000000,0.00640000,1601649.40000000,0.00650000,1674937.00000000,0.00660000,2593840.00000000,0.00670000,701661.10000000,0.00680000,851030.10000000,0.00690000,258720.90000000,0.00700000,645719.60000000,0.00710000,511329.50000000,0.00720000,294783.60000000,0.00730000,138359.00000000,0.00634,579,0.00633,1843,0.00632,1847,0.00631,593,0.0063,2253,0.00629,8648,0.00627,6890,0.00626,3754,0.00625,237,0.00624,553,0.00636,171,0.00637,559,0.00638,1364,0.00639,500,0.0064,3020,0.00641,1836,0.00642,7400,0.00643,2596,0.00644,2256,0.00645,565
binance,gate,NTRNUSDT,0.00640000,0.00634,-0.9375,1774112953000,,,,,,,,,,,,,,,,,,,,,,,,,,,,,,,,,,,,,,,,,0.00634,584,0.00633,1075,0.00632,1056,0.00631,1874,0.0063,1980,0.00629,1259,0.00628,15546,0.00627,554,0.00626,3743,0.00625,3437,0.00637,559,0.00638,1364,0.00639,2776,0.0064,1281,0.00641,13439,0.00642,4910,0.00643,562,0.00644,3768,0.00645,3971,0.00646,553
binance,gate,NTRNUSDT,0.00640000,0.00634,-0.9375,1774112956000,,,,,,,,,,,,,,,,,,,,,,,,,,,,,,,,,,,,,,,,,,,,,,,,,,,,,,,,,,,,,,,,,,,,,,,,,,,,,,,,
binance,gate,NTRNUSDT,0.00640000,0.00634,-0.9375,1774112993000,0.00630000,2308673.30000000,0.00620000,3199261.80000000,0.00610000,1378044.50000000,0.00600000,1247547.70000000,0.00590000,1088188.20000000,0.00580000,153233.30000000,0.00570000,877.20000000,0.00560000,34713.00000000,0.00550000,108061.60000000,0.00540000,6852.20000000,0.00640000,1653974.40000000,0.00650000,1674937.00000000,0.00660000,1435978.70000000,0.00670000,701661.10000000,0.00680000,851030.10000000,0.00690000,258720.90000000,0.00700000,645719.60000000,0.00710000,511329.50000000,0.00720000,294783.60000000,0.00730000,138359.00000000,0.00633,575,0.00632,556,0.00631,1093,0.0063,1970,0.00629,1852,0.00628,12921,0.00627,3107,0.00626,2141,0.00625,817,0.00624,7216,0.00635,556,0.00636,1342,0.00637,2858,0.00638,2147,0.00639,500,0.0064,14472,0.00641,2940,0.00642,562,0.00643,8429,0.00644,904
binance,gate,NTRNUSDT,0.00640000,0.00633,-1.0938,1774113006000,0.00630000,2318317.30000000,0.00620000,3214507.30000000,0.00610000,1378044.50000000,0.00600000,1247547.70000000,0.00590000,1087340.70000000,0.00580000,153233.30000000,0.00570000,877.20000000,0.00560000,34713.00000000,0.00550000,108061.60000000,0.00540000,6852.20000000,0.00640000,1653974.40000000,0.00650000,1674937.00000000,0.00660000,1435978.70000000,0.00670000,701661.10000000,0.00680000,851030.10000000,0.00690000,258720.90000000,0.00700000,645719.60000000,0.00710000,511329.50000000,0.00720000,294783.60000000,0.00730000,138359.00000000,0.00635,5,0.00633,550,0.00632,1056,0.00631,1874,0.0063,1980,0.00629,13461,0.00628,3751,0.00627,1534,0.00626,3696,0.00625,4017,0.00636,542,0.00637,584,0.00638,564,0.00639,2072,0.0064,2823,0.00641,13778,0.00642,3655,0.00643,2251,0.00644,3968,0.00645,3100
binance,gate,NTRNUSDT,0.00640000,0.00633,-1.0938,1774113007000,0.00630000,2314869.30000000,0.00620000,3214507.30000000,0.00610000,1378044.50000000,0.00600000,1247547.70000000,0.00590000,1087340.70000000,0.00580000,153233.30000000,0.00570000,877.20000000,0.00560000,34713.00000000,0.00550000,108061.60000000,0.00540000,6852.20000000,0.00640000,1653974.40000000,0.00650000,1674937.00000000,0.00660000,1435978.70000000,0.00670000,701661.10000000,0.00680000,851030.10000000,0.00690000,258720.90000000,0.00700000,645719.60000000,0.00710000,511329.50000000,0.00720000,294783.60000000,0.00730000,138359.00000000,0.00633,550,0.00632,1059,0.00631,1874,0.0063,1980,0.00629,13461,0.00628,3751,0.00627,1534,0.00626,3696,0.00625,4017,0.00624,849,0.00636,542,0.00637,584,0.00638,1364,0.00639,1272,0.0064,2823,0.00641,13778,0.00642,3655,0.00643,2251,0.00644,3968,0.00645,3100
binance,gate,NTRNUSDT,0.00640000,0.00634,-0.9375,1774113024000,0.00630000,2320164.30000000,0.00620000,3214507.30000000,0.00610000,1378044.50000000,0.00600000,1247547.70000000,0.00590000,1088188.20000000,0.00580000,153233.30000000,0.00570000,877.20000000,0.00560000,34713.00000000,0.00550000,108061.60000000,0.00540000,6852.20000000,0.00640000,1665251.10000000,0.00650000,1674937.00000000,0.00660000,1435978.70000000,0.00670000,701661.10000000,0.00680000,851030.10000000,0.00690000,258720.90000000,0.00700000,645719.60000000,0.00710000,511329.50000000,0.00720000,294783.60000000,0.00730000,138359.00000000,0.00634,542,0.00633,550,0.00632,1056,0.00631,1874,0.0063,1980,0.00629,13461,0.00628,3751,0.00627,1534,0.00626,3696,0.00625,4017,0.00636,542,0.00637,584,0.00638,1364,0.00639,1272,0.0064,2823,0.00641,13778,0.00642,3655,0.00643,2251,0.00644,3968,0.00645,3100
binance,gate,NTRNUSDT,0.00640000,0.00634,-0.9375,1774113025000,0.00630000,2320164.30000000,0.00620000,3214507.30000000,0.00610000,1378044.50000000,0.00600000,1247547.70000000,0.00590000,1088188.20000000,0.00580000,153233.30000000,0.00570000,877.20000000,0.00560000,34713.00000000,0.00550000,108061.60000000,0.00540000,6852.20000000,0.00640000,1653974.40000000,0.00650000,1674937.00000000,0.00660000,1435978.70000000,0.00670000,701661.10000000,0.00680000,851030.10000000,0.00690000,258720.90000000,0.00700000,645719.60000000,0.00710000,511329.50000000,0.00720000,294783.60000000,0.00730000,138359.00000000,0.00634,542,0.00633,588,0.00632,1056,0.00631,1874,0.0063,1980,0.00629,13461,0.00628,3751,0.00627,1534,0.00626,3696,0.00625,4017,0.00636,587,0.00637,584,0.00638,1364,0.00639,1272,0.0064,2823,0.00641,13778,0.00642,3655,0.00643,2251,0.00644,3968,0.00645,3100
binance,gate,NTRNUSDT,0.00640000,0.00633,-1.0938,1774113030000,0.00630000,2329917.80000000,0.00620000,3204655.50000000,0.00610000,1378044.50000000,0.00600000,1247547.70000000,0.00590000,1087340.70000000,0.00580000,153233.30000000,0.00570000,877.20000000,0.00560000,34713.00000000,0.00550000,108061.60000000,0.00540000,6852.20000000,0.00640000,1653974.40000000,0.00650000,1674937.00000000,0.00660000,1435978.70000000,0.00670000,701661.10000000,0.00680000,851030.10000000,0.00690000,258720.90000000,0.00700000,645719.60000000,0.00710000,511329.50000000,0.00720000,294783.60000000,0.00730000,138359.00000000,0.00633,565,0.00632,1056,0.00631,1874,0.0063,1980,0.00629,13461,0.00628,3751,0.00627,1534,0.00626,3696,0.00625,4017,0.00624,849,0.00636,572,0.00637,589,0.00638,1364,0.00639,1272,0.0064,2823,0.00641,13778,0.00642,3655,0.00643,2251,0.00644,3968,0.00645,3100
binance,gate,NTRNUSDT,0.00640000,0.00635,-0.7813,1774113052000,0.00630000,2362111.20000000,0.00620000,3172462.10000000,0.00610000,1378044.50000000,0.00600000,1247547.70000000,0.00590000,1088188.20000000,0.00580000,153233.30000000,0.00570000,877.20000000,0.00560000,34713.00000000,0.00550000,108061.60000000,0.00540000,6852.20000000,0.00640000,1653974.40000000,0.00650000,1674937.00000000,0.00660000,1435978.70000000,0.00670000,701661.10000000,0.00680000,851030.10000000,0.00690000,258720.90000000,0.00700000,645719.60000000,0.00710000,511329.50000000,0.00720000,294783.60000000,0.00730000,138359.00000000,0.00635,1,0.00633,550,0.00632,1082,0.00631,1835,0.0063,1980,0.00629,13499,0.00628,3713,0.00627,1560,0.00626,3696,0.00625,3979,0.00636,565,0.00637,602,0.00638,1364,0.00639,1298,0.0064,2785,0.00641,13803,0.00642,3655,0.00643,2212,0.00644,5037,0.00645,3100
binance,gate,NTRNUSDT,0.00640000,0.00633,-1.0938,1774113103000,0.00630000,2346779.50000000,0.00620000,3175470.90000000,0.00610000,1378044.50000000,0.00600000,1247547.70000000,0.00590000,1087340.70000000,0.00580000,153233.30000000,0.00570000,877.20000000,0.00560000,34713.00000000,0.00550000,108061.60000000,0.00540000,6852.20000000,0.00640000,1653974.40000000,0.00650000,1674937.00000000,0.00660000,1435978.70000000,0.00670000,701661.10000000,0.00680000,851030.10000000,0.00690000,258720.90000000,0.00700000,645719.60000000,0.00710000,511329.50000000,0.00720000,294783.60000000,0.00730000,138359.00000000,0.00633,10,0.00632,1082,0.00631,1054,0.0063,1995,0.00629,1852,0.00628,550,0.00627,9471,0.00626,2141,0.00625,804,0.00624,7216,0.00634,561,0.00635,558,0.00636,573,0.00637,1316,0.00638,1347,0.00639,539,0.0064,9870,0.00641,2465,0.00642,562,0.00643,8416
binance,gate,NTRNUSDT,0.00640000,0.00632,-1.25,1774113105000,0.00630000,2348192.00000000,0.00620000,3172462.10000000,0.00610000,1378044.50000000,0.00600000,1247547.70000000,0.00590000,1087340.70000000,0.00580000,153233.30000000,0.00570000,877.20000000,0.00560000,34713.00000000,0.00550000,108061.60000000,0.00540000,6852.20000000,0.00640000,1653974.40000000,0.00650000,1673637.50000000,0.00660000,1435978.70000000,0.00670000,701661.10000000,0.00680000,851030.10000000,0.00690000,258720.90000000,0.00700000,645719.60000000,0.00710000,511329.50000000,0.00720000,294783.60000000,0.00730000,138359.00000000,0.00633,10,0.00632,1082,0.00631,1054,0.0063,1995,0.00629,1852,0.00628,1050,0.00627,15554,0.00626,2141,0.00625,804,0.00624,7216,0.00634,561,0.00635,559,0.00636,567,0.00637,1316,0.00638,1347,0.00639,539,0.0064,15953,0.00641,2465,0.00642,562,0.00643,8416
binance,gate,NTRNUSDT,0.00640000,0.00632,-1.25,1774113120000,0.00630000,2348192.00000000,0.00620000,3172462.10000000,0.00610000,1378044.50000000,0.00600000,1247547.70000000,0.00590000,1088188.20000000,0.00580000,153233.30000000,0.00570000,877.20000000,0.00560000,34713.00000000,0.00550000,108061.60000000,0.00540000,6852.20000000,0.00640000,1654337.40000000,0.00650000,1673637.50000000,0.00660000,1435978.70000000,0.00670000,701661.10000000,0.00680000,851030.10000000,0.00690000,258720.90000000,0.00700000,645719.60000000,0.00710000,511329.50000000,0.00720000,294783.60000000,0.00730000,138359.00000000,0.00632,1115,0.00631,1054,0.0063,1995,0.00629,1852,0.00628,1050,0.00627,15720,0.00626,2141,0.00625,804,0.00624,7216,0.00623,726,0.00634,561,0.00635,566,0.00636,567,0.00637,1316,0.00638,2851,0.00639,539,0.0064,14449,0.00641,2465,0.00642,562,0.00643,6766
binance,gate,NTRNUSDT,0.00640000,0.00634,-0.9375,1774113123000,0.00630000,2348211.10000000,0.00620000,3172462.10000000,0.00610000,1378044.50000000,0.00600000,1247547.70000000,0.00590000,1088188.20000000,0.00580000,153233.30000000,0.00570000,877.20000000,0.00560000,34713.00000000,0.00550000,108061.60000000,0.00540000,6852.20000000,0.00640000,1654337.40000000,0.00650000,1673637.50000000,0.00660000,1435978.70000000,0.00670000,701661.10000000,0.00680000,851030.10000000,0.00690000,258720.90000000,0.00700000,645719.60000000,0.00710000,511329.50000000,0.00720000,294783.60000000,0.00730000,138359.00000000,0.00634,2,0.00633,564,0.00632,1090,0.00631,1054,0.0063,1995,0.00629,14270,0.00628,1050,0.00627,3146,0.00626,2141,0.00625,804,0.00635,551,0.00636,567,0.00637,1316,0.00638,1347,0.00639,539,0.0064,3545,0.00641,2465,0.00642,12980,0.00643,6766,0.00644,904
binance,gate,NTRNUSDT,0.00640000,0.00633,-1.0938,1774113157000,0.00630000,2348211.10000000,0.00620000,3169242.00000000,0.00610000,1378044.50000000,0.00600000,1247547.70000000,0.00590000,1087340.70000000,0.00580000,153233.30000000,0.00570000,877.20000000,0.00560000,34713.00000000,0.00550000,108061.60000000,0.00540000,6852.20000000,0.00640000,1654337.40000000,0.00650000,1673637.50000000,0.00660000,1435978.70000000,0.00670000,701661.10000000,0.00680000,851030.10000000,0.00690000,258720.90000000,0.00700000,645719.60000000,0.00710000,511329.50000000,0.00720000,294783.60000000,0.00730000,138359.00000000,0.00633,574,0.00632,1082,0.00631,1054,0.0063,1995,0.00629,14270,0.00628,1050,0.00627,4740,0.00626,544,0.00625,3961,0.00624,4054,0.00635,551,0.00636,567,0.00637,542,0.00638,1837,0.00639,2325,0.0064,500,0.00641,4004,0.00642,12980,0.00643,3656,0.00644,5657
binance,gate,NTRNUSDT,0.00640000,0.00633,-1.0938,1774113165000,0.00630000,2359702.10000000,0.00620000,3169242.00000000,0.00610000,1378044.50000000,0.00600000,1247547.70000000,0.00590000,1088188.20000000,0.00580000,153233.30000000,0.00570000,877.20000000,0.00560000,34713.00000000,0.00550000,108061.60000000,0.00540000,6852.20000000,0.00640000,1654337.40000000,0.00650000,1673637.50000000,0.00660000,1435978.70000000,0.00670000,701661.10000000,0.00680000,851030.10000000,0.00690000,258720.90000000,0.00700000,645719.60000000,0.00710000,511329.50000000,0.00720000,294783.60000000,0.00730000,138359.00000000,0.00633,579,0.00632,1082,0.00631,1067,0.0063,1970,0.00629,14295,0.00628,1050,0.00627,4727,0.00626,556,0.00625,3936,0.00624,4054,0.00635,551,0.00636,567,0.00637,555,0.00638,1837,0.00639,2312,0.0064,500,0.00641,4004,0.00642,12980,0.00643,3630,0.00644,5657
binance,gate,NTRNUSDT,0.00640000,0.00633,-1.0938,1774113166000,0.00630000,2359702.10000000,0.00620000,3169242.00000000,0.00610000,1378044.50000000,0.00600000,1247547.70000000,0.00590000,1088188.20000000,0.00580000,153233.30000000,0.00570000,877.20000000,0.00560000,34713.00000000,0.00550000,108061.60000000,0.00540000,6852.20000000,0.00640000,1654337.40000000,0.00650000,1673637.50000000,0.00660000,1435978.70000000,0.00670000,701661.10000000,0.00680000,851030.10000000,0.00690000,258720.90000000,0.00700000,645719.60000000,0.00710000,511329.50000000,0.00720000,294783.60000000,0.00730000,138359.00000000,0.00633,574,0.00632,1082,0.00631,1067,0.0063,1970,0.00629,14295,0.00628,1050,0.00627,4727,0.00626,556,0.00625,3936,0.00624,4054,0.00635,551,0.00636,567,0.00637,555,0.00638,1837,0.00639,2312,0.0064,500,0.00641,4004,0.00642,12980,0.00643,3630,0.00644,5657
binance,gate,NTRNUSDT,0.00640000,0.00633,-1.0938,1774113167000,,,,,,,,,,,,,,,,,,,,,,,,,,,,,,,,,,,,,,,,,0.00633,579,0.00632,1082,0.00631,1067,0.0063,1970,0.00629,14295,0.00628,1050,0.00627,4727,0.00626,556,0.00625,3936,0.00624,4054,0.00635,551,0.00636,567,0.00637,555,0.00638,1837,0.00639,2312,0.0064,500,0.00641,4004,0.00642,12980,0.00643,3630,0.00644,5657
binance,gate,NTRNUSDT,0.00640000,0.00633,-1.0938,1774113180000,0.00630000,2348211.10000000,0.00620000,3291533.90000000,0.00610000,1378044.50000000,0.00600000,1247547.70000000,0.00590000,1088188.20000000,0.00580000,153233.30000000,0.00570000,877.20000000,0.00560000,34713.00000000,0.00550000,108061.60000000,0.00540000,6852.20000000,0.00640000,1665614.10000000,0.00650000,1673637.50000000,0.00660000,1435978.70000000,0.00670000,701661.10000000,0.00680000,851030.10000000,0.00690000,258720.90000000,0.00700000,645719.60000000,0.00710000,511329.50000000,0.00720000,294783.60000000,0.00730000,138359.00000000,0.00634,554,0.00633,571,0.00632,1082,0.00631,1067,0.0063,2763,0.00629,13501,0.00628,2621,0.00627,3154,0.00626,556,0.00625,7302,0.00636,567,0.00637,556,0.00638,1064,0.00639,1580,0.0064,3604,0.00641,2944,0.00642,14537,0.00643,562,0.00644,8721,0.00645,827
binance,gate,NTRNUSDT,0.00640000,0.00634,-0.9375,1774113181000,0.00630000,2348211.10000000,0.00620000,3291533.90000000,0.00610000,1378044.50000000,0.00600000,1247547.70000000,0.00590000,1088188.20000000,0.00580000,153233.30000000,0.00570000,877.20000000,0.00560000,34713.00000000,0.00550000,108061.60000000,0.00540000,6852.20000000,0.00640000,1654337.40000000,0.00650000,1673637.50000000,0.00660000,1435978.70000000,0.00670000,701661.10000000,0.00680000,851030.10000000,0.00690000,258720.90000000,0.00700000,645719.60000000,0.00710000,511329.50000000,0.00720000,294783.60000000,0.00730000,138359.00000000,0.00634,554,0.00633,579,0.00632,1082,0.00631,1067,0.0063,2763,0.00629,13501,0.00628,2621,0.00627,3154,0.00626,556,0.00625,7136,0.00636,582,0.00637,575,0.00638,1064,0.00639,1580,0.0064,3604,0.00641,2944,0.00642,14537,0.00643,562,0.00644,8721,0.00645,827
binance,gate,NTRNUSDT,0.00640000,0.00634,-0.9375,1774113485000,0.00630000,2530922.80000000,0.00620000,3439653.70000000,0.00610000,1336061.60000000,0.00600000,1247547.70000000,0.00590000,1088188.20000000,0.00580000,153233.30000000,0.00570000,877.20000000,0.00560000,34713.00000000,0.00550000,108061.60000000,0.00540000,6852.20000000,0.00640000,1623339.70000000,0.00650000,1673637.50000000,0.00660000,1548567.90000000,0.00670000,589071.90000000,0.00680000,851030.10000000,0.00690000,258720.90000000,0.00700000,645719.60000000,0.00710000,511329.50000000,0.00720000,294783.60000000,0.00730000,118866.50000000,0.00634,580,0.00633,1077,0.00632,1056,0.00631,2653,0.0063,1199,0.00629,2626,0.00628,8478,0.00627,1534,0.00626,6890,0.00625,779,0.00637,549,0.00638,2992,0.00639,553,0.0064,4104,0.00641,13779,0.00642,2611,0.00643,2117,0.00644,904,0.00645,7804,0.00646,553
binance,gate,NTRNUSDT,0.00640000,0.00634,-0.9375,1774113509000,0.00630000,2519431.80000000,0.00620000,3188554.70000000,0.00610000,1336061.60000000,0.00600000,1247547.70000000,0.00590000,1088188.20000000,0.00580000,153233.30000000,0.00570000,14470.90000000,0.00560000,34713.00000000,0.00550000,108061.60000000,0.00540000,6852.20000000,0.00640000,1623339.70000000,0.00650000,1673637.50000000,0.00660000,1548567.90000000,0.00670000,589071.90000000,0.00680000,851030.10000000,0.00690000,258720.90000000,0.00700000,645719.60000000,0.00710000,511329.50000000,0.00720000,294783.60000000,0.00730000,118866.50000000,0.00634,582,0.00633,1081,0.00632,1056,0.00631,1861,0.0063,1992,0.00629,1058,0.00628,3905,0.00627,13927,0.00626,3696,0.00625,3979,0.00637,2219,0.00638,3694,0.00639,1825,0.0064,14223,0.00641,1405,0.00642,3668,0.00643,1554,0.00644,3968,0.00645,4745,0.00646,553
binance,gate,NTRNUSDT,0.00640000,0.00634,-0.9375,1774113519000,0.00630000,2519431.80000000,0.00620000,3188554.70000000,0.00610000,1337958.00000000,0.00600000,1247547.70000000,0.00590000,1088188.20000000,0.00580000,153233.30000000,0.00570000,14470.90000000,0.00560000,34713.00000000,0.00550000,108061.60000000,0.00540000,6852.20000000,0.00640000,1847399.60000000,0.00650000,1673637.50000000,0.00660000,1435978.70000000,0.00670000,476482.70000000,0.00680000,851030.10000000,0.00690000,258720.90000000,0.00700000,693816.60000000,0.00710000,511329.50000000,0.00720000,294783.60000000,0.00730000,118866.50000000,0.00634,582,0.00633,1079,0.00632,1056,0.00631,1861,0.0063,1992,0.00629,1224,0.00628,3739,0.00627,13927,0.00626,3696,0.00625,3979,0.00637,2449,0.00638,2896,0.00639,1825,0.0064,15151,0.00641,1405,0.00642,3668,0.00643,562,0.00644,5077,0.00645,4745,0.00646,553
binance,gate,NTRNUSDT,0.00640000,0.00634,-0.9375,1774113532000,0.00630000,2531359.50000000,0.00620000,3188554.70000000,0.00610000,1337958.00000000,0.00600000,1247547.70000000,0.00590000,1087340.70000000,0.00580000,153233.30000000,0.00570000,14470.90000000,0.00560000,34713.00000000,0.00550000,108061.60000000,0.00540000,6852.20000000,0.00640000,1780916.10000000,0.00650000,1673637.50000000,0.00660000,1435978.70000000,0.00670000,476482.70000000,0.00680000,851030.10000000,0.00690000,258720.90000000,0.00700000,693816.60000000,0.00710000,511329.50000000,0.00720000,294783.60000000,0.00730000,118866.50000000,0.00634,582,0.00633,1101,0.00632,1056,0.00631,1861,0.0063,1992,0.00629,1058,0.00628,3739,0.00627,13927,0.00626,3696,0.00625,3979,0.00637,3625,0.00638,590,0.00639,4129,0.0064,14223,0.00641,1405,0.00642,3668,0.00643,562,0.00644,3968,0.00645,4745,0.00646,553
binance,gate,NTRNUSDT,0.00640000,0.00634,-0.9375,1774113537000,0.00630000,2531359.50000000,0.00620000,3188554.70000000,0.00610000,1337958.00000000,0.00600000,1247547.70000000,0.00590000,1088188.20000000,0.00580000,153233.30000000,0.00570000,14470.90000000,0.00560000,34713.00000000,0.00550000,108061.60000000,0.00540000,6852.20000000,0.00640000,1796491.60000000,0.00650000,1673637.50000000,0.00660000,1435978.70000000,0.00670000,476482.70000000,0.00680000,851030.10000000,0.00690000,258720.90000000,0.00700000,693816.60000000,0.00710000,511329.50000000,0.00720000,294783.60000000,0.00730000,118866.50000000,0.00635,1,0.00634,582,0.00633,1077,0.00632,1056,0.00631,1861,0.0063,1992,0.00629,1058,0.00628,3739,0.00627,13927,0.00626,3696,0.00636,552,0.00637,2168,0.00638,2094,0.00639,2625,0.0064,14223,0.00641,905,0.00642,3668,0.00643,562,0.00644,3968,0.00645,4745
binance,gate,NTRNUSDT,0.00640000,0.00634,-0.9375,1774113539000,0.00630000,2531359.50000000,0.00620000,3188554.70000000,0.00610000,1337958.00000000,0.00600000,1247547.70000000,0.00590000,1088188.20000000,0.00580000,153233.30000000,0.00570000,14470.90000000,0.00560000,34713.00000000,0.00550000,108061.60000000,0.00540000,6852.20000000,0.00640000,1796491.60000000,0.00650000,1673637.50000000,0.00660000,1435978.70000000,0.00670000,476482.70000000,0.00680000,851030.10000000,0.00690000,258720.90000000,0.00700000,693816.60000000,0.00710000,511329.50000000,0.00720000,294783.60000000,0.00730000,118866.50000000,0.00634,582,0.00633,1077,0.00632,1056,0.00631,1861,0.0063,1992,0.00629,1058,0.00628,3739,0.00627,13927,0.00626,3696,0.00625,3979,0.00636,552,0.00637,2072,0.00638,590,0.00639,4225,0.0064,14223,0.00641,905,0.00642,3668,0.00643,562,0.00644,5075,0.00645,4745
binance,gate,NTRNUSDT,0.00640000,0.00634,-0.9375,1774113540000,0.00630000,2531359.50000000,0.00620000,3187564.00000000,0.00610000,1337958.00000000,0.00600000,1247547.70000000,0.00590000,1088188.20000000,0.00580000,153233.30000000,0.00570000,14470.90000000,0.00560000,34713.00000000,0.00550000,108061.60000000,0.00540000,6852.20000000,0.00640000,1796491.60000000,0.00650000,1673637.50000000,0.00660000,1435978.70000000,0.00670000,476482.70000000,0.00680000,851030.10000000,0.00690000,258720.90000000,0.00700000,693816.60000000,0.00710000,511329.50000000,0.00720000,294783.60000000,0.00730000,118866.50000000,0.00634,582,0.00633,1077,0.00632,1056,0.00631,1861,0.0063,1992,0.00629,1058,0.00628,3739,0.00627,13927,0.00626,3696,0.00625,3979,0.00635,552,0.00636,1354,0.00637,2853,0.00638,2190,0.00639,1825,0.0064,14223,0.00641,905,0.00642,3668,0.00643,1669,0.00644,3968
binance,gate,NTRNUSDT,0.00640000,0.00635,-0.7813,1774113566000,0.00630000,2530407.20000000,0.00620000,3187564.00000000,0.00610000,1337958.00000000,0.00600000,1247547.70000000,0.00590000,1088188.20000000,0.00580000,153233.30000000,0.00570000,14470.90000000,0.00560000,34713.00000000,0.00550000,108061.60000000,0.00540000,6852.20000000,0.00640000,1793211.40000000,0.00650000,1673637.50000000,0.00660000,1435978.70000000,0.00670000,476482.70000000,0.00680000,851030.10000000,0.00690000,258720.90000000,0.00700000,693816.60000000,0.00710000,511329.50000000,0.00720000,294783.60000000,0.00730000,118866.50000000,0.00635,538,0.00634,581,0.00633,1077,0.00632,1056,0.00631,1861,0.0063,1992,0.00629,1058,0.00628,3739,0.00627,13927,0.00626,3696,0.00636,564,0.00637,2149,0.00638,4814,0.00639,2625,0.0064,14223,0.00641,905,0.00642,3668,0.00643,562,0.00644,3968,0.00645,4745
binance,gate,NTRNUSDT,0.00640000,0.00635,-0.7813,1774113579000,0.00630000,2631044.70000000,0.00620000,3322736.60000000,0.00610000,1337958.00000000,0.00600000,1247547.70000000,0.00590000,1087340.70000000,0.00580000,153233.30000000,0.00570000,14470.90000000,0.00560000,34713.00000000,0.00550000,108061.60000000,0.00540000,6852.20000000,0.00640000,1643210.30000000,0.00650000,1673637.50000000,0.00660000,1435978.70000000,0.00670000,476482.70000000,0.00680000,851030.10000000,0.00690000,258720.90000000,0.00700000,693816.60000000,0.00710000,511329.50000000,0.00720000,294783.60000000,0.00730000,118866.50000000,0.00635,538,0.00634,581,0.00633,1077,0.00632,1056,0.00631,1861,0.0063,1992,0.00629,1058,0.00628,3739,0.00627,13927,0.00626,3696,0.00636,559,0.00637,2950,0.00638,4814,0.00639,1325,0.0064,14223,0.00641,905,0.00642,3668,0.00643,562,0.00644,3968,0.00645,4745
binance,gate,NTRNUSDT,0.00640000,0.00636,-0.625,1774113595000,0.00630000,2792075.10000000,0.00620000,3322736.60000000,0.00610000,1337958.00000000,0.00600000,1247547.70000000,0.00590000,1087340.70000000,0.00580000,153233.30000000,0.00570000,14470.90000000,0.00560000,34713.00000000,0.00550000,108061.60000000,0.00540000,6852.20000000,0.00640000,1610523.20000000,0.00650000,1673637.50000000,0.00660000,1435978.70000000,0.00670000,476482.70000000,0.00680000,851030.10000000,0.00690000,258720.90000000,0.00700000,693816.60000000,0.00710000,511329.50000000,0.00720000,294783.60000000,0.00730000,118866.50000000,0.00636,553,0.00635,551,0.00634,1081,0.00633,1856,0.00632,7896,0.00631,7375,0.0063,2765,0.00629,2147,0.00628,576,0.00627,7870,0.00638,3869,0.00639,553,0.0064,2823,0.00641,3605,0.00642,575,0.00643,2096,0.00644,14800,0.00645,2237,0.00646,6702,0.00648,115
binance,gate,NTRNUSDT,0.00640000,0.00636,-0.625,1774113596000,0.00630000,2793313.10000000,0.00620000,3322736.60000000,0.00610000,1651900.90000000,0.00600000,1247547.70000000,0.00590000,1088188.20000000,0.00580000,153233.30000000,0.00570000,14470.90000000,0.00560000,34713.00000000,0.00550000,108061.60000000,0.00540000,6852.20000000,0.00640000,1530904.60000000,0.00650000,1664575.50000000,0.00660000,663983.00000000,0.00670000,476482.70000000,0.00680000,851030.10000000,0.00690000,258720.90000000,0.00700000,693816.60000000,0.00710000,511329.50000000,0.00720000,294783.60000000,0.00730000,118866.50000000,0.00636,553,0.00635,551,0.00634,1081,0.00633,1856,0.00632,7896,0.00631,7375,0.0063,2938,0.00629,2147,0.00628,576,0.00627,6998,0.00638,3869,0.00639,553,0.0064,1319,0.00641,1685,0.00642,2079,0.00643,2096,0.00644,14800,0.00645,2237,0.00646,6702,0.00648,115
binance,gate,NTRNUSDT,0.00640000,0.00639,-0.1563,1774113603000,0.00630000,2793313.10000000,0.00620000,3203664.80000000,0.00610000,1651900.90000000,0.00600000,1247547.70000000,0.00590000,1088188.20000000,0.00580000,153233.30000000,0.00570000,14470.90000000,0.00560000,34713.00000000,0.00550000,108061.60000000,0.00540000,6852.20000000,0.00640000,1534352.60000000,0.00650000,1664575.50000000,0.00660000,663983.00000000,0.00670000,476482.70000000,0.00680000,851030.10000000,0.00690000,258720.90000000,0.00700000,693816.60000000,0.00710000,511329.50000000,0.00720000,294783.60000000,0.00730000,118866.50000000,0.0064,770,0.00639,565,0.00638,555,0.00637,500,0.00636,1053,0.00635,1825,0.00634,1081,0.00633,9926,0.00632,6605,0.00631,580,0.00641,2826,0.00642,576,0.00643,2066,0.00644,1404,0.00645,3512,0.00646,12849,0.00647,1545,0.00648,115,0.0065,4902,0.00651,123
binance,gate,NTRNUSDT,0.00640000,0.00639,-0.1563,1774113630000,0.00630000,2793313.10000000,0.00620000,3187564.00000000,0.00610000,1651900.90000000,0.00600000,1247547.70000000,0.00590000,1088188.20000000,0.00580000,153233.30000000,0.00570000,14470.90000000,0.00560000,34713.00000000,0.00550000,108061.60000000,0.00540000,6852.20000000,0.00640000,1593183.10000000,0.00650000,1654832.20000000,0.00660000,663983.00000000,0.00670000,476482.70000000,0.00680000,851030.10000000,0.00690000,258720.90000000,0.00700000,693816.60000000,0.00710000,511329.50000000,0.00720000,294783.60000000,0.00730000,118866.50000000,0.00639,565,0.00638,555,0.00637,526,0.00636,1841,0.00635,1825,0.00634,1081,0.00633,9980,0.00632,6771,0.00631,580,0.0063,7205,0.00641,5452,0.00642,3296,0.00643,562,0.00644,2194,0.00645,15812,0.00646,2080,0.00647,1545,0.00648,115,0.00649,3039,0.0065,3769
binance,gate,NTRNUSDT,0.00640000,0.00637,-0.4688,1774113660000,0.00630000,2793313.10000000,0.00620000,3480795.80000000,0.00610000,1651900.90000000,0.00600000,1247547.70000000,0.00590000,1088188.20000000,0.00580000,153233.30000000,0.00570000,14470.90000000,0.00560000,34713.00000000,0.00550000,108061.60000000,0.00540000,6852.20000000,0.00640000,1604459.80000000,0.00650000,1654832.20000000,0.00660000,701262.70000000,0.00670000,476482.70000000,0.00680000,851030.10000000,0.00690000,258720.90000000,0.00700000,693816.60000000,0.00710000,511329.50000000,0.00720000,257503.90000000,0.00730000,118866.50000000,0.00637,1072,0.00636,1066,0.00635,1814,0.00634,1869,0.00633,1077,0.00632,8665,0.00631,8434,0.0063,687,0.00629,6315,0.00628,1363,0.00639,546,0.0064,2861,0.00641,6187,0.00642,1343,0.00643,1339,0.00644,4469,0.00645,16568,0.00646,2100,0.00648,6245,0.0065,693
binance,gate,NTRNUSDT,0.00640000,0.00637,-0.4688,1774113661000,0.00630000,2793313.10000000,0.00620000,3480795.80000000,0.00610000,1651900.90000000,0.00600000,1247547.70000000,0.00590000,1087340.70000000,0.00580000,153233.30000000,0.00570000,14470.90000000,0.00560000,34713.00000000,0.00550000,108061.60000000,0.00540000,6852.20000000,0.00640000,1593183.10000000,0.00650000,1654832.20000000,0.00660000,701262.70000000,0.00670000,476482.70000000,0.00680000,851030.10000000,0.00690000,258720.90000000,0.00700000,693816.60000000,0.00710000,511329.50000000,0.00720000,257503.90000000,0.00730000,118866.50000000,0.00637,1069,0.00636,1066,0.00635,1814,0.00634,1869,0.00633,1077,0.00632,2616,0.00631,8434,0.0063,6727,0.00629,6315,0.00628,1363,0.00639,546,0.0064,3491,0.00641,5547,0.00642,1343,0.00643,13664,0.00644,4469,0.00645,4281,0.00646,2100,0.00648,6245,0.0065,693
binance,gate,NTRNUSDT,0.00640000,0.00634,-0.9375,1774113710000,0.00630000,2338455.80000000,0.00620000,3203664.80000000,0.00610000,1455523.60000000,0.00600000,1247547.70000000,0.00590000,1087340.70000000,0.00580000,153233.30000000,0.00570000,19774.80000000,0.00560000,34713.00000000,0.00550000,108061.60000000,0.00540000,6852.20000000,0.00640000,1593183.10000000,0.00650000,1654832.20000000,0.00660000,692064.00000000,0.00670000,476482.70000000,0.00680000,851030.10000000,0.00690000,258720.90000000,0.00700000,693816.60000000,0.00710000,511329.50000000,0.00720000,257503.90000000,0.00730000,118866.50000000,0.00635,1038,0.00634,1081,0.00633,1077,0.00632,2627,0.00631,1080,0.0063,8804,0.00629,8447,0.00628,1389,0.00627,6889,0.00626,2715,0.00637,563,0.00638,4813,0.00639,814,0.0064,1188,0.00641,2954,0.00642,1075,0.00643,14420,0.00644,2456,0.00645,2237,0.00646,7687
binance,gate,NTRNUSDT,0.00640000,0.00634,-0.9375,1774113711000,0.00630000,2326964.80000000,0.00620000,3203664.80000000,0.00610000,1455523.60000000,0.00600000,1247547.70000000,0.00590000,1088188.20000000,0.00580000,153233.30000000,0.00570000,19774.80000000,0.00560000,34713.00000000,0.00550000,108061.60000000,0.00540000,6852.20000000,0.00640000,1604459.80000000,0.00650000,1654832.20000000,0.00660000,692064.00000000,0.00670000,476482.70000000,0.00680000,851030.10000000,0.00690000,258720.90000000,0.00700000,693816.60000000,0.00710000,511329.50000000,0.00720000,257503.90000000,0.00730000,118866.50000000,0.00634,598,0.00633,1077,0.00632,1056,0.00631,1080,0.0063,2774,0.00629,7358,0.00628,9018,0.00627,2148,0.00626,3253,0.00625,6356,0.00636,547,0.00637,2868,0.00638,5864,0.00639,1566,0.0064,3587,0.00641,15317,0.00642,2632,0.00643,562,0.00644,7072,0.00645,2449
binance,gate,NTRNUSDT,0.00640000,0.00634,-0.9375,1774113714000,0.00630000,2326964.80000000,0.00620000,3203664.80000000,0.00610000,1455523.60000000,0.00600000,1247547.70000000,0.00590000,1088188.20000000,0.00580000,153233.30000000,0.00570000,19774.80000000,0.00560000,34713.00000000,0.00550000,108061.60000000,0.00540000,6852.20000000,0.00640000,1608041.10000000,0.00650000,1654832.20000000,0.00660000,692064.00000000,0.00670000,476482.70000000,0.00680000,851030.10000000,0.00690000,258720.90000000,0.00700000,693816.60000000,0.00710000,511329.50000000,0.00720000,257503.90000000,0.00730000,118866.50000000,0.00634,581,0.00633,1080,0.00632,1056,0.00631,1080,0.0063,2774,0.00629,7358,0.00628,9018,0.00627,2148,0.00626,3253,0.00625,6356,0.00636,547,0.00637,2868,0.00638,5864,0.00639,1566,0.0064,3587,0.00641,15317,0.00642,2632,0.00643,562,0.00644,7072,0.00645,2237
binance,gate,NTRNUSDT,0.00640000,0.00634,-0.9375,1774113716000,0.00630000,2326964.80000000,0.00620000,3203664.80000000,0.00610000,1651900.90000000,0.00600000,1247547.70000000,0.00590000,1088188.20000000,0.00580000,153233.30000000,0.00570000,19774.80000000,0.00560000,34713.00000000,0.00550000,108061.60000000,0.00540000,6852.20000000,0.00640000,1602381.80000000,0.00650000,1654832.20000000,0.00660000,692064.00000000,0.00670000,476482.70000000,0.00680000,851030.10000000,0.00690000,258720.90000000,0.00700000,693816.60000000,0.00710000,511329.50000000,0.00720000,257503.90000000,0.00730000,118866.50000000,0.00634,581,0.00633,1080,0.00632,1056,0.00631,1080,0.0063,2774,0.00629,7358,0.00628,9018,0.00627,2148,0.00626,3253,0.00625,6356,0.00636,541,0.00637,2868,0.00638,5864,0.00639,1566,0.0064,3585,0.00641,15317,0.00642,2632,0.00643,562,0.00644,7072,0.00645,2237
binance,gate,NTRNUSDT,0.00640000,0.00634,-0.9375,1774113717000,0.00630000,2326964.80000000,0.00620000,3203664.80000000,0.00610000,1651900.90000000,0.00600000,1247547.70000000,0.00590000,1088188.20000000,0.00580000,153233.30000000,0.00570000,19774.80000000,0.00560000,34713.00000000,0.00550000,108061.60000000,0.00540000,6852.20000000,0.00640000,1638393.10000000,0.00650000,1654832.20000000,0.00660000,692064.00000000,0.00670000,476482.70000000,0.00680000,851030.10000000,0.00690000,258720.90000000,0.00700000,693816.60000000,0.00710000,511329.50000000,0.00720000,257503.90000000,0.00730000,118866.50000000,0.00634,581,0.00633,1080,0.00632,1056,0.00631,1080,0.0063,2774,0.00629,7358,0.00628,9018,0.00627,2148,0.00626,3253,0.00625,6356,0.00636,544,0.00637,2868,0.00638,5864,0.00639,1566,0.0064,3585,0.00641,15317,0.00642,2632,0.00643,562,0.00644,7072,0.00645,2237
binance,gate,NTRNUSDT,0.00640000,0.00634,-0.9375,1774113718000,0.00630000,2326964.80000000,0.00620000,3203664.80000000,0.00610000,1651900.90000000,0.00600000,1247547.70000000,0.00590000,1088188.20000000,0.00580000,153233.30000000,0.00570000,19774.80000000,0.00560000,34713.00000000,0.00550000,108061.60000000,0.00540000,6852.20000000,0.00640000,1613658.50000000,0.00650000,1654832.20000000,0.00660000,692064.00000000,0.00670000,476482.70000000,0.00680000,851030.10000000,0.00690000,258720.90000000,0.00700000,693816.60000000,0.00710000,511329.50000000,0.00720000,257503.90000000,0.00730000,118866.50000000,0.00634,581,0.00633,1080,0.00632,1056,0.00631,1080,0.0063,2774,0.00629,7358,0.00628,9018,0.00627,2148,0.00626,3253,0.00625,6356,0.00636,544,0.00637,2868,0.00638,5864,0.00639,1566,0.0064,3585,0.00641,15317,0.00642,2632,0.00643,562,0.00644,7072,0.00645,2237
binance,gate,NTRNUSDT,0.00640000,0.00634,-0.9375,1774113719000,0.00630000,2326964.80000000,0.00620000,3203664.80000000,0.00610000,1651900.90000000,0.00600000,1247547.70000000,0.00590000,1088188.20000000,0.00580000,153233.30000000,0.00570000,19774.80000000,0.00560000,34713.00000000,0.00550000,108061.60000000,0.00540000,6852.20000000,0.00640000,1613658.50000000,0.00650000,1654832.20000000,0.00660000,692064.00000000,0.00670000,476482.70000000,0.00680000,851030.10000000,0.00690000,258720.90000000,0.00700000,693816.60000000,0.00710000,511329.50000000,0.00720000,257503.90000000,0.00730000,118866.50000000,0.00634,581,0.00633,1080,0.00632,1056,0.00631,1080,0.0063,2774,0.00629,7358,0.00628,9018,0.00627,2148,0.00626,3253,0.00625,6356,0.00636,544,0.00637,2868,0.00638,5864,0.00639,1566,0.0064,3585,0.00641,15317,0.00642,2632,0.00643,562,0.00644,7072,0.00645,2237
binance,gate,NTRNUSDT,0.00640000,0.00634,-0.9375,1774113720000,0.00630000,2326964.80000000,0.00620000,3203664.80000000,0.00610000,1651900.90000000,0.00600000,1247547.70000000,0.00590000,1088188.20000000,0.00580000,153233.30000000,0.00570000,19774.80000000,0.00560000,34713.00000000,0.00550000,108061.60000000,0.00540000,6852.20000000,0.00640000,1617239.80000000,0.00650000,1654832.20000000,0.00660000,692064.00000000,0.00670000,476482.70000000,0.00680000,851030.10000000,0.00690000,258720.90000000,0.00700000,693816.60000000,0.00710000,511329.50000000,0.00720000,257503.90000000,0.00730000,118866.50000000,0.00634,581,0.00633,1077,0.00632,1056,0.00631,1080,0.0063,2774,0.00629,7358,0.00628,9018,0.00627,2148,0.00626,3253,0.00625,6356,0.00636,544,0.00637,2869,0.00638,5864,0.00639,1566,0.0064,3585,0.00641,15317,0.00642,2632,0.00643,562,0.00644,7072,0.00645,2237
binance,gate,NTRNUSDT,0.00640000,0.00634,-0.9375,1774113721000,0.00630000,2325132.90000000,0.00620000,3203664.80000000,0.00610000,1651900.90000000,0.00600000,1247547.70000000,0.00590000,1088188.20000000,0.00580000,153233.30000000,0.00570000,19774.80000000,0.00560000,34713.00000000,0.00550000,108061.60000000,0.00540000,6852.20000000,0.00640000,1627116.40000000,0.00650000,1654832.20000000,0.00660000,692064.00000000,0.00670000,476482.70000000,0.00680000,851030.10000000,0.00690000,258720.90000000,0.00700000,693816.60000000,0.00710000,511329.50000000,0.00720000,257503.90000000,0.00730000,118866.50000000,0.00634,25,0.00633,1077,0.00632,1056,0.00631,1080,0.0063,3061,0.00629,1204,0.00628,9018,0.00627,8468,0.00626,3253,0.00625,6916,0.00635,560,0.00636,550,0.00637,3928,0.00638,2087,0.00639,2366,0.0064,4085,0.00641,15317,0.00642,2632,0.00643,562,0.00644,7072
binance,gate,NTRNUSDT,0.00640000,0.00634,-0.9375,1774113739000,0.00630000,2325132.90000000,0.00620000,3203664.80000000,0.00610000,1651900.90000000,0.00600000,1247547.70000000,0.00590000,1088188.20000000,0.00580000,153233.30000000,0.00570000,19774.80000000,0.00560000,34713.00000000,0.00550000,108061.60000000,0.00540000,6852.20000000,0.00640000,1617239.80000000,0.00650000,1654832.20000000,0.00660000,659870.60000000,0.00670000,508195.60000000,0.00680000,851030.10000000,0.00690000,258720.90000000,0.00700000,693816.60000000,0.00710000,511329.50000000,0.00720000,257503.90000000,0.00730000,118866.50000000,0.00634,25,0.00633,1084,0.00632,1056,0.00631,1080,0.0063,2774,0.00629,1063,0.00628,15338,0.00627,2148,0.00626,3253,0.00625,6916,0.00635,560,0.00636,1343,0.00637,3507,0.00638,1991,0.00639,2066,0.0064,4085,0.00641,15317,0.00642,2132,0.00643,564,0.00644,7072
binance,gate,NTRNUSDT,0.00640000,0.00634,-0.9375,1774113751000,0.00630000,2190451.20000000,0.00620000,3203664.80000000,0.00610000,1651900.90000000,0.00600000,1247547.70000000,0.00590000,1087340.70000000,0.00580000,153233.30000000,0.00570000,19774.80000000,0.00560000,34713.00000000,0.00550000,108061.60000000,0.00540000,6852.20000000,0.00640000,1467700.10000000,0.00650000,1654832.20000000,0.00660000,659870.60000000,0.00670000,508195.60000000,0.00680000,851030.10000000,0.00690000,258720.90000000,0.00700000,693816.60000000,0.00710000,511329.50000000,0.00720000,257503.90000000,0.00730000,118866.50000000,0.00634,573,0.00633,1078,0.00632,1056,0.00631,1080,0.0063,2774,0.00629,1063,0.00628,15338,0.00627,2148,0.00626,3253,0.00625,6916,0.00636,543,0.00637,1363,0.00638,2727,0.00639,2866,0.0064,1046,0.00641,15317,0.00642,2132,0.00643,562,0.00644,7072,0.00646,1119
binance,gate,NTRNUSDT,0.00640000,0.00636,-0.625,1774114012000,0.00630000,1175508.50000000,0.00620000,3203664.80000000,0.00610000,1651900.90000000,0.00600000,1247547.70000000,0.00590000,1087340.70000000,0.00580000,153233.30000000,0.00570000,19774.80000000,0.00560000,34713.00000000,0.00550000,108061.60000000,0.00540000,6852.20000000,0.00640000,1469473.50000000,0.00650000,1658188.80000000,0.00660000,693421.50000000,0.00670000,475125.20000000,0.00680000,851030.10000000,0.00690000,258720.90000000,0.00700000,693816.60000000,0.00710000,511329.50000000,0.00720000,305638.60000000,0.00730000,118866.50000000,0.00636,26,0.00635,492,0.00634,568,0.00633,1077,0.00632,2627,0.00631,1080,0.0063,15138,0.00629,2152,0.00628,1389,0.00627,6889,0.00638,549,0.00639,515,0.0064,1686,0.00641,4934,0.00642,2765,0.00643,14469,0.00644,2231,0.00646,6701,0.00648,115,0.0065,550
binance,gate,NTRNUSDT,0.00640000,0.00633,-1.0938,1774114018000,0.00630000,658671.80000000,0.00620000,3422890.00000000,0.00610000,1354824.90000000,0.00600000,1247547.70000000,0.00590000,1087340.70000000,0.00580000,278084.80000000,0.00570000,19774.80000000,0.00560000,34713.00000000,0.00550000,108061.60000000,0.00540000,6852.20000000,0.00640000,1563561.40000000,0.00650000,1655689.40000000,0.00660000,693421.50000000,0.00670000,475125.20000000,0.00680000,851030.10000000,0.00690000,258720.90000000,0.00700000,693816.60000000,0.00710000,511329.50000000,0.00720000,305638.60000000,0.00730000,118866.50000000,0.00632,547,0.00631,580,0.0063,1481,0.00629,1357,0.00628,576,0.00627,14471,0.00626,2226,0.00625,547,0.00624,6994,0.00623,3905,0.00634,1047,0.00635,547,0.00636,2314,0.00637,4922,0.00638,2632,0.00639,2400,0.0064,14931,0.00641,2748,0.00642,2265,0.00643,6833
binance,gate,NTRNUSDT,0.00640000,0.00632,-1.25,1774114019000,0.00630000,1450426.80000000,0.00620000,3423775.20000000,0.00610000,1519582.50000000,0.00600000,1247547.70000000,0.00590000,1088188.20000000,0.00580000,278084.80000000,0.00570000,19774.80000000,0.00560000,34713.00000000,0.00550000,108061.60000000,0.00540000,6852.20000000,0.00640000,1598622.50000000,0.00650000,1734429.50000000,0.00660000,615902.20000000,0.00670000,475125.20000000,0.00680000,851030.10000000,0.00690000,258720.90000000,0.00700000,693816.60000000,0.00710000,511329.50000000,0.00720000,305638.60000000,0.00730000,118866.50000000,0.00633,547,0.00632,560,0.00631,580,0.0063,1481,0.00629,1357,0.00628,1076,0.00627,14471,0.00626,2135,0.00625,876,0.00624,6919,0.00634,547,0.00635,2051,0.00636,1440,0.00637,1274,0.00638,1832,0.00639,2400,0.0064,14931,0.00641,2248,0.00642,2267,0.00643,6833
binance,gate,NTRNUSDT,0.00640000,0.00633,-1.0938,1774114020000,0.00630000,1443058.50000000,0.00620000,3423775.20000000,0.00610000,1519582.50000000,0.00600000,1247547.70000000,0.00590000,1088188.20000000,0.00580000,278084.80000000,0.00570000,19774.80000000,0.00560000,34713.00000000,0.00550000,108061.60000000,0.00540000,6852.20000000,0.00640000,1598622.50000000,0.00650000,1734429.50000000,0.00660000,615902.20000000,0.00670000,475125.20000000,0.00680000,851030.10000000,0.00690000,258720.90000000,0.00700000,693816.60000000,0.00710000,511329.50000000,0.00720000,305638.60000000,0.00730000,118866.50000000,0.00633,547,0.00632,547,0.00631,580,0.0063,1981,0.00629,1857,0.00628,14239,0.00627,2127,0.00626,2135,0.00625,882,0.00624,6919,0.00635,554,0.00637,2715,0.00638,3336,0.00639,3521,0.0064,2587,0.00641,14666,0.00642,2265,0.00643,6833,0.00644,679,0.00646,553
binance,gate,NTRNUSDT,0.00640000,0.00633,-1.0938,1774114035000,0.00630000,1557562.40000000,0.00620000,3314822.40000000,0.00610000,1159267.30000000,0.00600000,1247547.70000000,0.00590000,1088188.20000000,0.00580000,278084.80000000,0.00570000,19774.80000000,0.00560000,34713.00000000,0.00550000,108061.60000000,0.00540000,6852.20000000,0.00640000,1598622.50000000,0.00650000,1734429.50000000,0.00660000,615902.20000000,0.00670000,475125.20000000,0.00680000,851030.10000000,0.00690000,258720.90000000,0.00700000,693816.60000000,0.00710000,511329.50000000,0.00720000,305638.60000000,0.00730000,118866.50000000,0.00633,547,0.00632,1049,0.00631,1054,0.0063,1981,0.00629,1857,0.00628,14239,0.00627,2127,0.00626,2135,0.00625,882,0.00624,6919,0.00635,532,0.00636,12,0.00637,4218,0.00638,1832,0.00639,3521,0.0064,2587,0.00641,14641,0.00642,2252,0.00643,6833,0.00644,679
binance,gate,NTRNUSDT,0.00640000,0.00633,-1.0938,1774114048000,0.00630000,1565862.20000000,0.00620000,3305248.20000000,0.00610000,1323705.80000000,0.00600000,1247547.70000000,0.00590000,1088188.20000000,0.00580000,278084.80000000,0.00570000,19774.80000000,0.00560000,43160.90000000,0.00550000,108061.60000000,0.00540000,6852.20000000,0.00640000,1598622.50000000,0.00650000,1734429.50000000,0.00660000,615902.20000000,0.00670000,475125.20000000,0.00680000,851030.10000000,0.00690000,258720.90000000,0.00700000,693816.60000000,0.00710000,511329.50000000,0.00720000,305638.60000000,0.00730000,118866.50000000,0.00633,376,0.00632,1060,0.00631,1054,0.0063,1994,0.00629,1870,0.00628,14213,0.00627,3747,0.00626,538,0.00625,4038,0.00624,3758,0.00635,532,0.00636,4,0.00637,2829,0.00638,3274,0.00639,1282,0.0064,1071,0.00641,16192,0.00642,2252,0.00643,3723,0.00644,3784
binance,gate,NTRNUSDT,0.00640000,0.00633,-1.0938,1774114049000,0.00630000,1565862.20000000,0.00620000,3305248.20000000,0.00610000,1323705.80000000,0.00600000,1247547.70000000,0.00590000,1088188.20000000,0.00580000,278084.80000000,0.00570000,19774.80000000,0.00560000,43160.90000000,0.00550000,108061.60000000,0.00540000,6852.20000000,0.00640000,1576069.10000000,0.00650000,1734429.50000000,0.00660000,615902.20000000,0.00670000,475125.20000000,0.00680000,851030.10000000,0.00690000,258720.90000000,0.00700000,693816.60000000,0.00710000,511329.50000000,0.00720000,305638.60000000,0.00730000,118866.50000000,0.00633,376,0.00632,1062,0.00631,1054,0.0063,1994,0.00629,1870,0.00628,14213,0.00627,3747,0.00626,538,0.00625,4038,0.00624,3924,0.00635,532,0.00637,2829,0.00638,6282,0.00639,1282,0.0064,1071,0.00641,16192,0.00642,2254,0.00643,3723,0.00644,3784,0.00646,553
binance,gate,NTRNUSDT,0.00640000,0.00634,-0.9375,1774114050000,0.00630000,1565862.20000000,0.00620000,3305248.20000000,0.00610000,1323705.80000000,0.00600000,1247547.70000000,0.00590000,1088188.20000000,0.00580000,278084.80000000,0.00570000,19774.80000000,0.00560000,43160.90000000,0.00550000,108061.60000000,0.00540000,6852.20000000,0.00640000,1598622.50000000,0.00650000,1734429.50000000,0.00660000,615902.20000000,0.00670000,475125.20000000,0.00680000,851030.10000000,0.00690000,258720.90000000,0.00700000,693816.60000000,0.00710000,511329.50000000,0.00720000,305638.60000000,0.00730000,118866.50000000,0.00633,376,0.00632,1060,0.00631,1054,0.0063,1994,0.00629,1870,0.00628,14213,0.00627,3747,0.00626,538,0.00625,4038,0.00624,3758,0.00635,610,0.00636,1,0.00637,2829,0.00638,5482,0.00639,1282,0.0064,1071,0.00641,16192,0.00642,2252,0.00643,3723,0.00644,3784
binance,gate,NTRNUSDT,0.00640000,0.00634,-0.9375,1774114051000,0.00630000,1565862.20000000,0.00620000,3305248.20000000,0.00610000,1323705.80000000,0.00600000,1247547.70000000,0.00590000,1087340.70000000,0.00580000,278084.80000000,0.00570000,19774.80000000,0.00560000,43160.90000000,0.00550000,108061.60000000,0.00540000,6852.20000000,0.00640000,1598622.50000000,0.00650000,1734429.50000000,0.00660000,615902.20000000,0.00670000,475125.20000000,0.00680000,851030.10000000,0.00690000,258720.90000000,0.00700000,693816.60000000,0.00710000,511329.50000000,0.00720000,305638.60000000,0.00730000,118866.50000000,0.00634,512,0.00633,376,0.00632,1060,0.00631,1054,0.0063,1994,0.00629,1870,0.00628,14213,0.00627,3747,0.00626,538,0.00625,4038,0.00635,532,0.00636,1,0.00637,525,0.00638,6282,0.00639,2786,0.0064,1071,0.00641,16192,0.00642,2252,0.00643,3723,0.00644,3966
binance,gate,NTRNUSDT,0.00640000,0.00634,-0.9375,1774114055000,0.00630000,1565862.20000000,0.00620000,3305248.20000000,0.00610000,1323705.80000000,0.00600000,1247547.70000000,0.00590000,1088188.20000000,0.00580000,278084.80000000,0.00570000,19774.80000000,0.00560000,43160.90000000,0.00550000,108061.60000000,0.00540000,6852.20000000,0.00640000,1561211.10000000,0.00650000,1734429.50000000,0.00660000,615902.20000000,0.00670000,475125.20000000,0.00680000,851030.10000000,0.00690000,258720.90000000,0.00700000,693816.60000000,0.00710000,511329.50000000,0.00720000,305638.60000000,0.00730000,118866.50000000,0.00634,512,0.00633,376,0.00632,1060,0.00631,1054,0.0063,1994,0.00629,1870,0.00628,14213,0.00627,3747,0.00626,538,0.00625,4038,0.00635,532,0.00636,1,0.00637,525,0.00638,7786,0.00639,1282,0.0064,1071,0.00641,16192,0.00642,2252,0.00643,3723,0.00644,3784
binance,gate,NTRNUSDT,0.00640000,0.00634,-0.9375,1774114063000,0.00630000,1565862.20000000,0.00620000,3305248.20000000,0.00610000,1323705.80000000,0.00600000,1247547.70000000,0.00590000,1087340.70000000,0.00580000,278084.80000000,0.00570000,19774.80000000,0.00560000,43160.90000000,0.00550000,108061.60000000,0.00540000,6852.20000000,0.00640000,1587345.80000000,0.00650000,1734429.50000000,0.00660000,615902.20000000,0.00670000,475125.20000000,0.00680000,851030.10000000,0.00690000,258720.90000000,0.00700000,693816.60000000,0.00710000,511329.50000000,0.00720000,305638.60000000,0.00730000,118866.50000000,0.00634,489,0.00633,376,0.00632,1047,0.00631,1080,0.0063,1981,0.00629,1857,0.00628,1821,0.00627,3721,0.00626,563,0.00625,4038,0.00636,542,0.00637,525,0.00638,7773,0.00639,1308,0.0064,1046,0.00641,3786,0.00642,2265,0.00643,3723,0.00644,3784,0.00646,553
binance,gate,NTRNUSDT,0.00640000,0.00634,-0.9375,1774114064000,0.00630000,1565862.20000000,0.00620000,3424320.00000000,0.00610000,1323705.80000000,0.00600000,1247547.70000000,0.00590000,1087340.70000000,0.00580000,278084.80000000,0.00570000,19774.80000000,0.00560000,43160.90000000,0.00550000,108061.60000000,0.00540000,6852.20000000,0.00640000,1587345.80000000,0.00650000,1734429.50000000,0.00660000,615902.20000000,0.00670000,475125.20000000,0.00680000,851030.10000000,0.00690000,258720.90000000,0.00700000,693816.60000000,0.00710000,511329.50000000,0.00720000,305638.60000000,0.00730000,118866.50000000,0.00634,489,0.00633,376,0.00632,1047,0.00631,1080,0.0063,2774,0.00629,13446,0.00628,3391,0.00627,2148,0.00626,563,0.00625,7238,0.00636,542,0.00637,525,0.00638,1049,0.00639,8031,0.0064,1046,0.00641,2726,0.00642,16205,0.00643,656,0.00644,6847,0.00646,553
binance,gate,NTRNUSDT,0.00640000,0.00634,-0.9375,1774114065000,0.00630000,1565862.20000000,0.00620000,3424320.00000000,0.00610000,1323705.80000000,0.00600000,1247547.70000000,0.00590000,1087340.70000000,0.00580000,278084.80000000,0.00570000,19774.80000000,0.00560000,43160.90000000,0.00550000,108061.60000000,0.00540000,6852.20000000,0.00640000,1576069.10000000,0.00650000,1734429.50000000,0.00660000,615902.20000000,0.00670000,475125.20000000,0.00680000,851030.10000000,0.00690000,258720.90000000,0.00700000,693816.60000000,0.00710000,511329.50000000,0.00720000,305638.60000000,0.00730000,118866.50000000,0.00634,489,0.00633,376,0.00632,1047,0.00631,1080,0.0063,2774,0.00629,13446,0.00628,3391,0.00627,2148,0.00626,563,0.00625,7238,0.00636,568,0.00637,525,0.00638,1049,0.00639,8031,0.0064,1046,0.00641,2726,0.00642,16205,0.00643,656,0.00644,6847,0.00646,978
binance,gate,NTRNUSDT,0.00640000,0.00634,-0.9375,1774114066000,0.00630000,1565862.20000000,0.00620000,3424320.00000000,0.00610000,1323705.80000000,0.00600000,1247547.70000000,0.00590000,1088188.20000000,0.00580000,278084.80000000,0.00570000,19774.80000000,0.00560000,43160.90000000,0.00550000,108061.60000000,0.00540000,6852.20000000,0.00640000,1576069.10000000,0.00650000,1734429.50000000,0.00660000,615902.20000000,0.00670000,475125.20000000,0.00680000,851030.10000000,0.00690000,258720.90000000,0.00700000,693816.60000000,0.00710000,511329.50000000,0.00720000,305638.60000000,0.00730000,118866.50000000,0.00634,489,0.00633,376,0.00632,1047,0.00631,1080,0.0063,2774,0.00629,13446,0.00628,3391,0.00627,2148,0.00626,563,0.00625,7238,0.00636,594,0.00637,525,0.00638,1849,0.00639,7231,0.0064,1046,0.00641,2726,0.00642,16205,0.00643,656,0.00644,6847,0.00646,978
binance,gate,NTRNUSDT,0.00640000,0.00634,-0.9375,1774114067000,0.00630000,1565862.20000000,0.00620000,3424320.00000000,0.00610000,1323705.80000000,0.00600000,1247547.70000000,0.00590000,1088188.20000000,0.00580000,278084.80000000,0.00570000,19774.80000000,0.00560000,43160.90000000,0.00550000,108061.60000000,0.00540000,6852.20000000,0.00640000,1587345.80000000,0.00650000,1734429.50000000,0.00660000,615902.20000000,0.00670000,475125.20000000,0.00680000,851030.10000000,0.00690000,258720.90000000,0.00700000,693816.60000000,0.00710000,511329.50000000,0.00720000,305638.60000000,0.00730000,118866.50000000,0.00634,489,0.00633,376,0.00632,1047,0.00631,1080,0.0063,2774,0.00629,13446,0.00628,3391,0.00627,2148,0.00626,563,0.00625,7238,0.00636,594,0.00637,525,0.00638,1849,0.00639,7231,0.0064,1046,0.00641,2726,0.00642,16205,0.00643,656,0.00644,6847,0.00646,978
binance,gate,NTRNUSDT,0.00640000,0.00634,-0.9375,1774114068000,0.00630000,1480209.90000000,0.00620000,2656884.60000000,0.00610000,2103727.50000000,0.00600000,1247547.70000000,0.00590000,1087340.70000000,0.00580000,278084.80000000,0.00570000,19774.80000000,0.00560000,43160.90000000,0.00550000,108061.60000000,0.00540000,6852.20000000,0.00640000,1819652.60000000,0.00650000,1734429.50000000,0.00660000,615902.20000000,0.00670000,475125.20000000,0.00680000,851030.10000000,0.00690000,258720.90000000,0.00700000,693816.60000000,0.00710000,511329.50000000,0.00720000,305638.60000000,0.00730000,118866.50000000,0.00634,489,0.00633,376,0.00632,1047,0.00631,1080,0.0063,2774,0.00629,13446,0.00628,3391,0.00627,2148,0.00626,563,0.00625,7238,0.00636,568,0.00637,525,0.00638,1849,0.00639,7231,0.0064,1046,0.00641,2726,0.00642,16205,0.00643,656,0.00644,6847,0.00646,978
binance,gate,NTRNUSDT,0.00640000,0.00634,-0.9375,1774114080000,0.00630000,1517057.30000000,0.00620000,2624691.20000000,0.00610000,1989341.30000000,0.00600000,1247547.70000000,0.00590000,1088188.20000000,0.00580000,278084.80000000,0.00570000,19774.80000000,0.00560000,43160.90000000,0.00550000,108061.60000000,0.00540000,6852.20000000,0.00640000,1819652.60000000,0.00650000,1734429.50000000,0.00660000,615902.20000000,0.00670000,475125.20000000,0.00680000,851030.10000000,0.00690000,258720.90000000,0.00700000,693816.60000000,0.00710000,511329.50000000,0.00720000,305638.60000000,0.00730000,118866.50000000,0.00634,489,0.00633,376,0.00632,1047,0.00631,1080,0.0063,2774,0.00629,13446,0.00628,3391,0.00627,2148,0.00626,563,0.00625,7238,0.00636,593,0.00637,526,0.00638,3993,0.00639,5087,0.0064,1046,0.00641,2726,0.00642,16205,0.00643,656,0.00644,6847,0.00646,553
binance,gate,NTRNUSDT,0.00640000,0.00634,-0.9375,1774114093000,0.00630000,1517057.30000000,0.00620000,2624691.20000000,0.00610000,3273920.40000000,0.00600000,1247547.70000000,0.00590000,1088188.20000000,0.00580000,278084.80000000,0.00570000,19774.80000000,0.00560000,43160.90000000,0.00550000,108061.60000000,0.00540000,6852.20000000,0.00640000,1808375.90000000,0.00650000,1734429.50000000,0.00660000,615902.20000000,0.00670000,475125.20000000,0.00680000,851030.10000000,0.00690000,258720.90000000,0.00700000,693816.60000000,0.00710000,511329.50000000,0.00720000,305638.60000000,0.00730000,118866.50000000,0.00634,489,0.00633,375,0.00632,1047,0.00631,1080,0.0063,2774,0.00629,13446,0.00628,3391,0.00627,2148,0.00626,563,0.00625,7238,0.00636,619,0.00637,529,0.00638,3993,0.00639,5087,0.0064,1046,0.00641,2726,0.00642,16205,0.00643,656,0.00644,6847,0.00646,553
binance,gate,NTRNUSDT,0.00640000,0.00634,-0.9375,1774114094000,0.00630000,1517057.30000000,0.00620000,2624691.20000000,0.00610000,3273920.40000000,0.00600000,1247547.70000000,0.00590000,1088188.20000000,0.00580000,278084.80000000,0.00570000,19774.80000000,0.00560000,43160.90000000,0.00550000,108061.60000000,0.00540000,6852.20000000,0.00640000,1808375.90000000,0.00650000,1734429.50000000,0.00660000,615902.20000000,0.00670000,475125.20000000,0.00680000,851030.10000000,0.00690000,258720.90000000,0.00700000,693816.60000000,0.00710000,511329.50000000,0.00720000,305638.60000000,0.00730000,118866.50000000,0.00634,489,0.00633,375,0.00632,1047,0.00631,1080,0.0063,2774,0.00629,13446,0.00628,3391,0.00627,2148,0.00626,563,0.00625,7238,0.00636,541,0.00637,528,0.00638,3993,0.00639,5087,0.0064,1046,0.00641,2726,0.00642,16205,0.00643,656,0.00644,6847,0.00646,553
binance,gate,NTRNUSDT,0.00640000,0.00634,-0.9375,1774114095000,0.00630000,1517057.30000000,0.00620000,2624691.20000000,0.00610000,3273920.40000000,0.00600000,1247547.70000000,0.00590000,1088188.20000000,0.00580000,278084.80000000,0.00570000,19774.80000000,0.00560000,43160.90000000,0.00550000,108061.60000000,0.00540000,6852.20000000,0.00640000,1808375.90000000,0.00650000,1734429.50000000,0.00660000,615902.20000000,0.00670000,475125.20000000,0.00680000,851030.10000000,0.00690000,258720.90000000,0.00700000,693816.60000000,0.00710000,511329.50000000,0.00720000,305638.60000000,0.00730000,118866.50000000,0.00634,489,0.00633,375,0.00632,1047,0.00631,1080,0.0063,2774,0.00629,13446,0.00628,3391,0.00627,2148,0.00626,563,0.00625,7238,0.00636,567,0.00637,530,0.00638,3993,0.00639,5087,0.0064,1046,0.00641,2726,0.00642,16205,0.00643,656,0.00644,6847,0.00646,553
binance,gate,NTRNUSDT,0.00640000,0.00634,-0.9375,1774114096000,0.00630000,1517057.30000000,0.00620000,2624691.20000000,0.00610000,3273920.40000000,0.00600000,1247547.70000000,0.00590000,1088188.20000000,0.00580000,278084.80000000,0.00570000,19774.80000000,0.00560000,43160.90000000,0.00550000,108061.60000000,0.00540000,6852.20000000,0.00640000,1819652.60000000,0.00650000,1734429.50000000,0.00660000,615902.20000000,0.00670000,475125.20000000,0.00680000,851030.10000000,0.00690000,258720.90000000,0.00700000,693816.60000000,0.00710000,511329.50000000,0.00720000,305638.60000000,0.00730000,118866.50000000,0.00634,489,0.00633,375,0.00632,1047,0.00631,1080,0.0063,2774,0.00629,13446,0.00628,3391,0.00627,2148,0.00626,563,0.00625,7238,0.00636,567,0.00637,529,0.00638,3993,0.00639,5087,0.0064,1046,0.00641,2726,0.00642,16205,0.00643,656,0.00644,6847,0.00646,553
binance,gate,NTRNUSDT,0.00640000,0.00634,-0.9375,1774114125000,0.00630000,1517057.30000000,0.00620000,2624691.20000000,0.00610000,3520579.80000000,0.00600000,1247547.70000000,0.00590000,1088188.20000000,0.00580000,278084.80000000,0.00570000,19774.80000000,0.00560000,43160.90000000,0.00550000,108061.60000000,0.00540000,6852.20000000,0.00640000,1783641.30000000,0.00650000,1734429.50000000,0.00660000,615902.20000000,0.00670000,475125.20000000,0.00680000,851030.10000000,0.00690000,258720.90000000,0.00700000,693816.60000000,0.00710000,511329.50000000,0.00720000,305638.60000000,0.00730000,118866.50000000,0.00634,489,0.00633,375,0.00632,1060,0.00631,1054,0.0063,2787,0.00629,13459,0.00628,3365,0.00627,2174,0.00626,538,0.00625,7238,0.00636,541,0.00637,531,0.00638,4006,0.00639,5061,0.0064,1071,0.00641,4407,0.00642,14502,0.00643,656,0.00644,6847,0.00645,829
binance,gate,NTRNUSDT,0.00640000,0.00634,-0.9375,1774114126000,,,,,,,,,,,,,,,,,,,,,,,,,,,,,,,,,,,,,,,,,0.00634,489,0.00633,375,0.00632,1060,0.00631,1054,0.0063,2787,0.00629,13459,0.00628,3365,0.00627,2174,0.00626,538,0.00625,7238,0.00636,567,0.00637,531,0.00638,4006,0.00639,5061,0.0064,1071,0.00641,4407,0.00642,14502,0.00643,656,0.00644,6847,0.00645,829
binance,gate,NTRNUSDT,0.00640000,0.00634,-0.9375,1774114127000,0.00630000,1517057.30000000,0.00620000,2624691.20000000,0.00610000,3520579.80000000,0.00600000,1247547.70000000,0.00590000,1088188.20000000,0.00580000,278084.80000000,0.00570000,19774.80000000,0.00560000,43160.90000000,0.00550000,108061.60000000,0.00540000,6852.20000000,0.00640000,1808375.90000000,0.00650000,1734429.50000000,0.00660000,615902.20000000,0.00670000,475125.20000000,0.00680000,851030.10000000,0.00690000,258720.90000000,0.00700000,693816.60000000,0.00710000,511329.50000000,0.00720000,305638.60000000,0.00730000,118866.50000000,0.00634,489,0.00633,375,0.00632,1060,0.00631,1054,0.0063,2787,0.00629,13459,0.00628,3365,0.00627,2174,0.00626,538,0.00625,7238,0.00636,619,0.00637,531,0.00638,4006,0.00639,5061,0.0064,1071,0.00641,4407,0.00642,14502,0.00643,656,0.00644,7676,0.00646,553
binance,gate,NTRNUSDT,0.00640000,0.00634,-0.9375,1774114129000,0.00630000,1517057.30000000,0.00620000,2624691.20000000,0.00610000,3520579.80000000,0.00600000,1247547.70000000,0.00590000,1087340.70000000,0.00580000,278084.80000000,0.00570000,19774.80000000,0.00560000,43160.90000000,0.00550000,108061.60000000,0.00540000,6852.20000000,0.00640000,1808375.90000000,0.00650000,1734429.50000000,0.00660000,615902.20000000,0.00670000,475125.20000000,0.00680000,851030.10000000,0.00690000,258720.90000000,0.00700000,693816.60000000,0.00710000,511329.50000000,0.00720000,305638.60000000,0.00730000,118866.50000000,0.00634,489,0.00633,375,0.00632,1060,0.00631,1054,0.0063,2787,0.00629,13459,0.00628,3365,0.00627,2340,0.00626,538,0.00625,7238,0.00636,567,0.00637,532,0.00638,4006,0.00639,5061,0.0064,1071,0.00641,4407,0.00642,14502,0.00643,656,0.00644,6847,0.00645,400
binance,gate,NTRNUSDT,0.00640000,0.00634,-0.9375,1774114130000,0.00630000,1517057.30000000,0.00620000,2624691.20000000,0.00610000,3520579.80000000,0.00600000,1247547.70000000,0.00590000,1088188.20000000,0.00580000,278084.80000000,0.00570000,19774.80000000,0.00560000,43160.90000000,0.00550000,108061.60000000,0.00540000,6852.20000000,0.00640000,1793517.90000000,0.00650000,1734429.50000000,0.00660000,615902.20000000,0.00670000,475125.20000000,0.00680000,851030.10000000,0.00690000,258720.90000000,0.00700000,693816.60000000,0.00710000,511329.50000000,0.00720000,305638.60000000,0.00730000,118866.50000000,0.00634,489,0.00633,375,0.00632,1060,0.00631,1054,0.0063,2787,0.00629,13459,0.00628,3365,0.00627,2340,0.00626,538,0.00625,7238,0.00636,593,0.00637,528,0.00638,4006,0.00639,5061,0.0064,1071,0.00641,4407,0.00642,14502,0.00643,656,0.00644,6847,0.00645,400
binance,gate,NTRNUSDT,0.00640000,0.00634,-0.9375,1774114131000,0.00630000,1517057.30000000,0.00620000,2624691.20000000,0.00610000,3520579.80000000,0.00600000,1247547.70000000,0.00590000,1088188.20000000,0.00580000,278084.80000000,0.00570000,19774.80000000,0.00560000,43160.90000000,0.00550000,108061.60000000,0.00540000,6852.20000000,0.00640000,1819652.60000000,0.00650000,1734429.50000000,0.00660000,615902.20000000,0.00670000,475125.20000000,0.00680000,851030.10000000,0.00690000,258720.90000000,0.00700000,693816.60000000,0.00710000,511329.50000000,0.00720000,305638.60000000,0.00730000,118866.50000000,0.00634,489,0.00633,375,0.00632,1060,0.00631,1054,0.0063,2787,0.00629,13459,0.00628,3365,0.00627,2340,0.00626,538,0.00625,7238,0.00636,619,0.00637,528,0.00638,4006,0.00639,5061,0.0064,1071,0.00641,4407,0.00642,14502,0.00643,656,0.00644,6847,0.00645,400
binance,gate,NTRNUSDT,0.00640000,0.00634,-0.9375,1774114133000,0.00630000,1517057.30000000,0.00620000,2624691.20000000,0.00610000,3520579.80000000,0.00600000,1247547.70000000,0.00590000,1088188.20000000,0.00580000,278084.80000000,0.00570000,19774.80000000,0.00560000,43160.90000000,0.00550000,108061.60000000,0.00540000,6852.20000000,0.00640000,1808375.90000000,0.00650000,1734429.50000000,0.00660000,615902.20000000,0.00670000,475125.20000000,0.00680000,851030.10000000,0.00690000,258720.90000000,0.00700000,693816.60000000,0.00710000,511329.50000000,0.00720000,305638.60000000,0.00730000,118866.50000000,0.00634,489,0.00633,375,0.00632,1060,0.00631,1054,0.0063,2787,0.00629,13459,0.00628,3365,0.00627,2340,0.00626,538,0.00625,7238,0.00636,593,0.00637,531,0.00638,4006,0.00639,5061,0.0064,1071,0.00641,4407,0.00642,14502,0.00643,656,0.00644,6847,0.00646,553
binance,gate,NTRNUSDT,0.00640000,0.00634,-0.9375,1774114145000,0.00630000,1517057.30000000,0.00620000,2624691.20000000,0.00610000,3520579.80000000,0.00600000,1247547.70000000,0.00590000,1088188.20000000,0.00580000,278084.80000000,0.00570000,19774.80000000,0.00560000,43160.90000000,0.00550000,108061.60000000,0.00540000,6852.20000000,0.00640000,1808375.90000000,0.00650000,1734429.50000000,0.00660000,615902.20000000,0.00670000,475125.20000000,0.00680000,851030.10000000,0.00690000,258720.90000000,0.00700000,693816.60000000,0.00710000,511329.50000000,0.00720000,305638.60000000,0.00730000,118866.50000000,0.00634,489,0.00633,376,0.00632,1060,0.00631,1054,0.0063,2787,0.00629,13459,0.00628,3365,0.00627,2174,0.00626,538,0.00625,7238,0.00636,541,0.00637,528,0.00638,4006,0.00639,5061,0.0064,1071,0.00641,4407,0.00642,14502,0.00643,656,0.00644,6847,0.00646,553
binance,gate,NTRNUSDT,0.00640000,0.00634,-0.9375,1774114148000,0.00630000,1616131.00000000,0.00620000,2524056.10000000,0.00610000,3520579.80000000,0.00600000,1247547.70000000,0.00590000,1088188.20000000,0.00580000,278084.80000000,0.00570000,19774.80000000,0.00560000,43160.90000000,0.00550000,108061.60000000,0.00540000,6852.20000000,0.00640000,1819652.60000000,0.00650000,1734429.50000000,0.00660000,615902.20000000,0.00670000,475125.20000000,0.00680000,851030.10000000,0.00690000,258720.90000000,0.00700000,693816.60000000,0.00710000,511329.50000000,0.00720000,305638.60000000,0.00730000,118866.50000000,0.00634,97,0.00633,390,0.00632,1060,0.00631,1054,0.0063,15170,0.00629,1076,0.00628,3365,0.00627,2174,0.00626,538,0.00625,7238,0.00636,645,0.00637,528,0.00638,4006,0.00639,5061,0.0064,1071,0.00641,4407,0.00642,14502,0.00643,656,0.00644,6847,0.00646,553
binance,gate,NTRNUSDT,0.00640000,0.00634,-0.9375,1774114154000,0.00630000,1616131.00000000,0.00620000,2524056.10000000,0.00610000,3520579.80000000,0.00600000,1247547.70000000,0.00590000,1088188.20000000,0.00580000,278084.80000000,0.00570000,19774.80000000,0.00560000,43160.90000000,0.00550000,108061.60000000,0.00540000,6852.20000000,0.00640000,1793517.90000000,0.00650000,1734429.50000000,0.00660000,583708.80000000,0.00670000,506838.10000000,0.00680000,851030.10000000,0.00690000,258720.90000000,0.00700000,693816.60000000,0.00710000,511329.50000000,0.00720000,305638.60000000,0.00730000,118866.50000000,0.00634,97,0.00633,390,0.00632,1060,0.00631,1054,0.0063,15170,0.00629,1076,0.00628,3365,0.00627,2174,0.00626,538,0.00625,7238,0.00636,593,0.00637,528,0.00638,1062,0.00639,2053,0.0064,2511,0.00641,5911,0.00642,14502,0.00643,656,0.00644,6847,0.00646,841
binance,gate,NTRNUSDT,0.00640000,0.00634,-0.9375,1774114155000,,,,,,,,,,,,,,,,,,,,,,,,,,,,,,,,,,,,,,,,,0.00634,97,0.00633,390,0.00632,1060,0.00631,1054,0.0063,15170,0.00629,1076,0.00628,3365,0.00627,2174,0.00626,538,0.00625,7238,0.00636,593,0.00637,528,0.00638,1062,0.00639,2053,0.0064,2511,0.00641,5911,0.00642,14502,0.00643,656,0.00644,6847,0.00646,553
binance,gate,NTRNUSDT,0.00640000,0.00634,-0.9375,1774114156000,0.00630000,1616131.00000000,0.00620000,2524056.10000000,0.00610000,3520579.80000000,0.00600000,1247547.70000000,0.00590000,1088188.20000000,0.00580000,278084.80000000,0.00570000,19774.80000000,0.00560000,43160.90000000,0.00550000,108061.60000000,0.00540000,6852.20000000,0.00640000,1793517.90000000,0.00650000,1734429.50000000,0.00660000,583708.80000000,0.00670000,506838.10000000,0.00680000,851030.10000000,0.00690000,258720.90000000,0.00700000,693816.60000000,0.00710000,511329.50000000,0.00720000,305638.60000000,0.00730000,118866.50000000,0.00634,97,0.00633,390,0.00632,1060,0.00631,1054,0.0063,15170,0.00629,1076,0.00628,3365,0.00627,2174,0.00626,538,0.00625,7238,0.00636,593,0.00637,528,0.00638,1062,0.00639,2053,0.0064,2511,0.00641,5911,0.00642,14502,0.00643,656,0.00644,6847,0.00646,553
binance,gate,NTRNUSDT,0.00640000,0.00634,-0.9375,1774114159000,0.00630000,1616131.00000000,0.00620000,2524056.10000000,0.00610000,3520579.80000000,0.00600000,1247547.70000000,0.00590000,1088188.20000000,0.00580000,278084.80000000,0.00570000,19774.80000000,0.00560000,43160.90000000,0.00550000,108061.60000000,0.00540000,6852.20000000,0.00640000,1783641.30000000,0.00650000,1734429.50000000,0.00660000,583708.80000000,0.00670000,506838.10000000,0.00680000,851030.10000000,0.00690000,258720.90000000,0.00700000,693816.60000000,0.00710000,511329.50000000,0.00720000,305638.60000000,0.00730000,118866.50000000,0.00634,97,0.00633,390,0.00632,1060,0.00631,1054,0.0063,15170,0.00629,1076,0.00628,3365,0.00627,2340,0.00626,538,0.00625,7238,0.00636,593,0.00637,528,0.00638,1062,0.00639,2053,0.0064,2511,0.00641,5911,0.00642,14502,0.00643,656,0.00644,6847,0.00645,290
binance,gate,NTRNUSDT,0.00640000,0.00634,-0.9375,1774114160000,0.00630000,1616131.00000000,0.00620000,2524056.10000000,0.00610000,3520579.80000000,0.00600000,1247547.70000000,0.00590000,1088188.20000000,0.00580000,278084.80000000,0.00570000,19774.80000000,0.00560000,43160.90000000,0.00550000,108061.60000000,0.00540000,6852.20000000,0.00640000,1783641.30000000,0.00650000,1734429.50000000,0.00660000,583708.80000000,0.00670000,506838.10000000,0.00680000,851030.10000000,0.00690000,258720.90000000,0.00700000,693816.60000000,0.00710000,511329.50000000,0.00720000,305638.60000000,0.00730000,118866.50000000,0.00634,97,0.00633,390,0.00632,1060,0.00631,1054,0.0063,15170,0.00629,1076,0.00628,3365,0.00627,2340,0.00626,538,0.00625,7238,0.00636,567,0.00637,528,0.00638,1062,0.00639,2053,0.0064,2511,0.00641,5911,0.00642,14502,0.00643,656,0.00644,6847,0.00645,290
binance,gate,NTRNUSDT,0.00640000,0.00634,-0.9375,1774114161000,0.00630000,1616131.00000000,0.00620000,2524056.10000000,0.00610000,3520579.80000000,0.00600000,1247547.70000000,0.00590000,1088188.20000000,0.00580000,278084.80000000,0.00570000,19774.80000000,0.00560000,43160.90000000,0.00550000,108061.60000000,0.00540000,6852.20000000,0.00640000,1768783.30000000,0.00650000,1734429.50000000,0.00660000,583708.80000000,0.00670000,506838.10000000,0.00680000,851030.10000000,0.00690000,258720.90000000,0.00700000,693816.60000000,0.00710000,511329.50000000,0.00720000,305638.60000000,0.00730000,118866.50000000,0.00634,97,0.00633,390,0.00632,1060,0.00631,1054,0.0063,15170,0.00629,1076,0.00628,3365,0.00627,2340,0.00626,538,0.00625,7238,0.00636,619,0.00637,528,0.00638,1062,0.00639,2053,0.0064,2511,0.00641,5911,0.00642,14502,0.00643,656,0.00644,6847,0.00646,553
binance,gate,NTRNUSDT,0.00640000,0.00634,-0.9375,1774114175000,0.00630000,1616131.00000000,0.00620000,2524056.10000000,0.00610000,3520579.80000000,0.00600000,1247547.70000000,0.00590000,1087340.70000000,0.00580000,278084.80000000,0.00570000,19774.80000000,0.00560000,43160.90000000,0.00550000,108061.60000000,0.00540000,6852.20000000,0.00640000,1783641.30000000,0.00650000,1734429.50000000,0.00660000,588623.20000000,0.00670000,506838.10000000,0.00680000,851030.10000000,0.00690000,258720.90000000,0.00700000,693816.60000000,0.00710000,511329.50000000,0.00720000,305638.60000000,0.00730000,118866.50000000,0.00634,97,0.00633,390,0.00632,1060,0.00631,1054,0.0063,15170,0.00629,1076,0.00628,3365,0.00627,2174,0.00626,538,0.00625,7238,0.00636,619,0.00637,528,0.00638,1062,0.00639,2053,0.0064,4719,0.00641,6711,0.00642,14502,0.00643,656,0.00644,6847,0.00646,553
binance,gate,NTRNUSDT,0.00640000,0.00634,-0.9375,1774114176000,0.00630000,1616131.00000000,0.00620000,2524056.10000000,0.00610000,3420245.40000000,0.00600000,1247547.70000000,0.00590000,1088188.20000000,0.00580000,278084.80000000,0.00570000,19774.80000000,0.00560000,43160.90000000,0.00550000,108061.60000000,0.00540000,6852.20000000,0.00640000,1783641.30000000,0.00650000,1734429.50000000,0.00660000,588623.20000000,0.00670000,506838.10000000,0.00680000,851030.10000000,0.00690000,258720.90000000,0.00700000,693816.60000000,0.00710000,511329.50000000,0.00720000,305638.60000000,0.00730000,118866.50000000,0.00634,97,0.00633,390,0.00632,1060,0.00631,1054,0.0063,15170,0.00629,1076,0.00628,3365,0.00627,2174,0.00626,538,0.00625,7238,0.00635,540,0.00636,541,0.00637,525,0.00638,1062,0.00639,3557,0.0064,4719,0.00641,4407,0.00642,14502,0.00643,656,0.00644,6847
binance,gate,NTRNUSDT,0.00640000,0.00635,-0.7813,1774114205000,0.00630000,1583937.60000000,0.00620000,2716589.50000000,0.00610000,3533612.40000000,0.00600000,1247547.70000000,0.00590000,1088188.20000000,0.00580000,278084.80000000,0.00570000,19774.80000000,0.00560000,43160.90000000,0.00550000,108061.60000000,0.00540000,6852.20000000,0.00640000,1763272.00000000,0.00650000,1734429.50000000,0.00660000,588623.20000000,0.00670000,506838.10000000,0.00680000,851030.10000000,0.00690000,258720.90000000,0.00700000,693816.60000000,0.00710000,511329.50000000,0.00720000,305638.60000000,0.00730000,118866.50000000,0.00635,554,0.00634,612,0.00633,375,0.00632,1060,0.00631,16601,0.0063,1212,0.00629,2810,0.00628,2887,0.00627,580,0.00626,6883,0.00637,588,0.00638,562,0.00639,500,0.0064,5630,0.00641,2762,0.00642,4102,0.00643,2117,0.00644,13053,0.00645,6158,0.00646,553
binance,gate,NTRNUSDT,0.00640000,0.00636,-0.625,1774114207000,0.00630000,1583937.60000000,0.00620000,2716589.50000000,0.00610000,3533612.40000000,0.00600000,1247547.70000000,0.00590000,1087340.70000000,0.00580000,278084.80000000,0.00570000,19774.80000000,0.00560000,43160.90000000,0.00550000,108061.60000000,0.00540000,6852.20000000,0.00640000,1778130.00000000,0.00650000,1734429.50000000,0.00660000,588623.20000000,0.00670000,506838.10000000,0.00680000,851030.10000000,0.00690000,258720.90000000,0.00700000,693816.60000000,0.00710000,511329.50000000,0.00720000,305638.60000000,0.00730000,118866.50000000,0.00636,565,0.00635,571,0.00634,597,0.00633,875,0.00632,2631,0.00631,15028,0.0063,1212,0.00629,3899,0.00628,1295,0.00627,3726,0.00637,23,0.00638,562,0.00639,500,0.0064,2622,0.00641,2762,0.00642,5574,0.00643,3650,0.00644,13053,0.00645,3058,0.00646,3648
binance,gate,NTRNUSDT,0.00640000,0.00636,-0.625,1774114215000,0.00630000,1583937.60000000,0.00620000,2716589.50000000,0.00610000,3533612.40000000,0.00600000,1247547.70000000,0.00590000,1088188.20000000,0.00580000,278084.80000000,0.00570000,19774.80000000,0.00560000,43160.90000000,0.00550000,108061.60000000,0.00540000,6852.20000000,0.00640000,1802864.60000000,0.00650000,1734429.50000000,0.00660000,620816.60000000,0.00670000,475125.20000000,0.00680000,851030.10000000,0.00690000,258720.90000000,0.00700000,693816.60000000,0.00710000,511329.50000000,0.00720000,305638.60000000,0.00730000,118866.50000000,0.00636,565,0.00635,557,0.00634,597,0.00633,849,0.00632,2631,0.00631,15028,0.0063,1212,0.00629,3733,0.00628,1295,0.00627,3726,0.00637,23,0.00638,564,0.00639,500,0.0064,8572,0.00641,2762,0.00642,1062,0.00643,3650,0.00644,13053,0.00645,3058,0.00646,3648
binance,gate,NTRNUSDT,0.00640000,0.00635,-0.7813,1774114234000,0.00630000,1583937.60000000,0.00620000,2716589.50000000,0.00610000,3533612.40000000,0.00600000,1247547.70000000,0.00590000,1088188.20000000,0.00580000,278084.80000000,0.00570000,19774.80000000,0.00560000,43160.90000000,0.00550000,108061.60000000,0.00540000,6852.20000000,0.00640000,1874720.00000000,0.00650000,1734429.50000000,0.00660000,942229.60000000,0.00670000,475125.20000000,0.00680000,851030.10000000,0.00690000,258720.90000000,0.00700000,693816.60000000,0.00710000,511329.50000000,0.00720000,305638.60000000,0.00730000,118866.50000000,0.00635,557,0.00634,615,0.00633,849,0.00632,1073,0.00631,15001,0.0063,1212,0.00629,576,0.00628,4457,0.00627,580,0.00626,3689,0.00636,538,0.00637,584,0.00638,1432,0.00639,4196,0.0064,6766,0.00641,2749,0.00642,4181,0.00643,562,0.00644,16116,0.00645,3100
binance,gate,NTRNUSDT,0.00640000,0.00635,-0.7813,1774114244000,0.00630000,1583937.60000000,0.00620000,2716589.50000000,0.00610000,3533612.40000000,0.00600000,1247547.70000000,0.00590000,1088188.20000000,0.00580000,278084.80000000,0.00570000,19774.80000000,0.00560000,43160.90000000,0.00550000,108061.60000000,0.00540000,6852.20000000,0.00640000,1903029.80000000,0.00650000,1734429.50000000,0.00660000,942229.60000000,0.00670000,475125.20000000,0.00680000,851030.10000000,0.00690000,258720.90000000,0.00700000,693816.60000000,0.00710000,511329.50000000,0.00720000,305638.60000000,0.00730000,118866.50000000,0.00635,557,0.00634,612,0.00633,849,0.00632,1073,0.00631,15001,0.0063,1212,0.00629,576,0.00628,4457,0.00627,580,0.00626,3689,0.00636,538,0.00637,585,0.00638,1432,0.00639,4196,0.0064,6766,0.00641,2749,0.00642,4181,0.00643,562,0.00644,16116,0.00645,3100
binance,gate,NTRNUSDT,0.00640000,0.00635,-0.7813,1774114245000,0.00630000,1583937.60000000,0.00620000,2716589.50000000,0.00610000,3533612.40000000,0.00600000,1247547.70000000,0.00590000,1088188.20000000,0.00580000,278084.80000000,0.00570000,19774.80000000,0.00560000,43160.90000000,0.00550000,108061.60000000,0.00540000,6852.20000000,0.00640000,1893153.20000000,0.00650000,1734429.50000000,0.00660000,942229.60000000,0.00670000,475125.20000000,0.00680000,851030.10000000,0.00690000,258720.90000000,0.00700000,693816.60000000,0.00710000,511329.50000000,0.00720000,305638.60000000,0.00730000,118866.50000000,0.00635,557,0.00634,612,0.00633,849,0.00632,1073,0.00631,13428,0.0063,1212,0.00629,576,0.00628,1295,0.00627,580,0.00626,538,0.00637,585,0.00638,1432,0.00639,2643,0.0064,4078,0.00641,2749,0.00642,1088,0.00643,562,0.00644,13053,0.00646,553,0.00647,13
binance,gate,NTRNUSDT,0.00640000,0.00635,-0.7813,1774114246000,0.00630000,1583937.60000000,0.00620000,2716589.50000000,0.00610000,3533612.40000000,0.00600000,1247547.70000000,0.00590000,1088188.20000000,0.00580000,278084.80000000,0.00570000,19774.80000000,0.00560000,43160.90000000,0.00550000,108061.60000000,0.00540000,6852.20000000,0.00640000,1893153.20000000,0.00650000,1734429.50000000,0.00660000,942229.60000000,0.00670000,475125.20000000,0.00680000,851030.10000000,0.00690000,258720.90000000,0.00700000,693816.60000000,0.00710000,511329.50000000,0.00720000,305638.60000000,0.00730000,118866.50000000,0.00635,557,0.00634,614,0.00633,849,0.00632,1073,0.00631,15001,0.0063,1212,0.00629,2144,0.00628,2887,0.00627,580,0.00626,6883,0.00637,584,0.00638,1432,0.00639,2643,0.0064,5629,0.00641,2749,0.00642,2624,0.00643,2117,0.00644,13053,0.00645,6158,0.00646,553
binance,gate,NTRNUSDT,0.00640000,0.00635,-0.7813,1774114247000,0.00630000,1583937.60000000,0.00620000,2716589.50000000,0.00610000,3533612.40000000,0.00600000,1247547.70000000,0.00590000,1088188.20000000,0.00580000,278084.80000000,0.00570000,19774.80000000,0.00560000,43160.90000000,0.00550000,108061.60000000,0.00540000,6852.20000000,0.00640000,1903029.80000000,0.00650000,1734429.50000000,0.00660000,942229.60000000,0.00670000,475125.20000000,0.00680000,851030.10000000,0.00690000,258720.90000000,0.00700000,693816.60000000,0.00710000,511329.50000000,0.00720000,305638.60000000,0.00730000,118866.50000000,0.00635,557,0.00634,614,0.00633,849,0.00632,1073,0.00631,15001,0.0063,1212,0.00629,2144,0.00628,2887,0.00627,580,0.00626,6883,0.00637,584,0.00638,1432,0.00639,2643,0.0064,5629,0.00641,2749,0.00642,2624,0.00643,2117,0.00644,13053,0.00645,6158,0.00646,553
binance,gate,NTRNUSDT,0.00640000,0.00636,-0.625,1774114248000,0.00630000,1583937.60000000,0.00620000,2716589.50000000,0.00610000,3533612.40000000,0.00600000,1247547.70000000,0.00590000,1087340.70000000,0.00580000,278084.80000000,0.00570000,19774.80000000,0.00560000,43160.90000000,0.00550000,108061.60000000,0.00540000,6852.20000000,0.00640000,1881876.50000000,0.00650000,1734429.50000000,0.00660000,942229.60000000,0.00670000,475125.20000000,0.00680000,851030.10000000,0.00690000,258720.90000000,0.00700000,693816.60000000,0.00710000,511329.50000000,0.00720000,305638.60000000,0.00730000,118866.50000000,0.00635,557,0.00634,614,0.00633,849,0.00632,1073,0.00631,15001,0.0063,1212,0.00629,2144,0.00628,3053,0.00627,580,0.00626,6883,0.00637,584,0.00638,1432,0.00639,2643,0.0064,5629,0.00641,2749,0.00642,2624,0.00643,2117,0.00644,13053,0.00645,6158,0.00646,553
binance,gate,NTRNUSDT,0.00640000,0.00636,-0.625,1774114264000,0.00630000,1597237.00000000,0.00620000,2668295.30000000,0.00610000,3518713.90000000,0.00600000,1247547.70000000,0.00590000,1088188.20000000,0.00580000,278084.80000000,0.00570000,19774.80000000,0.00560000,43160.90000000,0.00550000,108061.60000000,0.00540000,6852.20000000,0.00640000,1917887.80000000,0.00650000,1734429.50000000,0.00660000,942229.60000000,0.00670000,475125.20000000,0.00680000,851030.10000000,0.00690000,258720.90000000,0.00700000,693816.60000000,0.00710000,511329.50000000,0.00720000,305638.60000000,0.00730000,118866.50000000,0.00636,543,0.00635,556,0.00634,612,0.00633,849,0.00632,2644,0.00631,13428,0.0063,1212,0.00629,3733,0.00628,1295,0.00627,3726,0.00637,584,0.00638,1437,0.00639,1140,0.0064,2622,0.00641,4448,0.00642,4095,0.00643,3650,0.00644,13053,0.00645,3058,0.00646,3648
