spot_exch,fut_exch,symbol,ask_spot,bid_futures,spread_pct,ts,s_b1,s_b2,s_b3,s_b4,s_b5,s_b6,s_b7,s_b8,s_b9,s_b10,s_bq1,s_bq2,s_bq3,s_bq4,s_bq5,s_bq6,s_bq7,s_bq8,s_bq9,s_bq10,s_a1,s_a2,s_a3,s_a4,s_a5,s_a6,s_a7,s_a8,s_a9,s_a10,s_aq1,s_aq2,s_aq3,s_aq4,s_aq5,s_aq6,s_aq7,s_aq8,s_aq9,s_aq10,f_b1,f_b2,f_b3,f_b4,f_b5,f_b6,f_b7,f_b8,f_b9,f_b10,f_bq1,f_bq2,f_bq3,f_bq4,f_bq5,f_bq6,f_bq7,f_bq8,f_bq9,f_bq10,f_a1,f_a2,f_a3,f_a4,f_a5,f_a6,f_a7,f_a8,f_a9,f_a10,f_aq1,f_aq2,f_aq3,f_aq4,f_aq5,f_aq6,f_aq7,f_aq8,f_aq9,f_aq10
gate,bybit,VANRYUSDT,0.005684,0.006108,7.4595,1774056439000,,,,,,,,,,,,,,,,,,,,,,,,,,,,,,,,,,,,,,,,,0.006107,22508,0.006106,6116,0.006105,66191,0.006104,17436,0.006103,20754,0.006102,23304,0.006101,64194,0.006100,41350,0.006099,22358,0.006098,34888,0.006108,5041,0.006109,1638,0.006110,20545,0.006111,22532,0.006112,21624,0.006113,26219,0.006114,31373,0.006115,46207,0.006116,50679,0.006117,59930
gate,bybit,VANRYUSDT,0.005684,0.006108,7.4595,1774056439729,,,,,,,,,,,,,,,,,,,,,,,,,,,,,,,,,,,,,,,,,0.006108,17829,0.006107,1638,0.006106,10222,0.006105,76972,0.006104,13518,0.006103,20754,0.006102,23304,0.006101,64194,0.006100,36164,0.006099,22358,0.006109,1638,0.006110,19377,0.006111,5743,0.006112,27503,0.006113,16219,0.006114,31373,0.006115,46207,0.006116,50679,0.006117,59930,0.006118,52335
gate,bybit,VANRYUSDT,0.005684,0.006108,7.4595,1774056440029,,,,,,,,,,,,,,,,,,,,,,,,,,,,,,,,,,,,,,,,,0.006108,17829,0.006107,1638,0.006106,11688,0.006105,76972,0.006104,13518,0.006103,20754,0.006102,23304,0.006101,64194,0.006100,36164,0.006099,22358,0.006109,1638,0.006110,19377,0.006111,5743,0.006112,27503,0.006113,16219,0.006114,31373,0.006115,46207,0.006116,50679,0.006117,59930,0.006118,52335
gate,bybit,VANRYUSDT,0.005684,0.006108,7.4595,1774056440329,,,,,,,,,,,,,,,,,,,,,,,,,,,,,,,,,,,,,,,,,0.006108,17829,0.006107,1638,0.006106,11688,0.006105,76972,0.006104,13518,0.006103,20754,0.006102,23304,0.006101,64194,0.006100,36164,0.006099,22358,0.006109,1638,0.006110,19377,0.006111,5743,0.006112,27503,0.006113,16219,0.006114,31373,0.006115,46207,0.006116,50679,0.006117,59930,0.006118,52335
gate,bybit,VANRYUSDT,0.005684,0.006108,7.4595,1774056440630,,,,,,,,,,,,,,,,,,,,,,,,,,,,,,,,,,,,,,,,,0.006108,17829,0.006107,1638,0.006106,11688,0.006105,76972,0.006104,13518,0.006103,20754,0.006102,23304,0.006101,64194,0.006100,36164,0.006099,22358,0.006109,1638,0.006110,19377,0.006111,5743,0.006112,27503,0.006113,16219,0.006114,31373,0.006115,46207,0.006116,50679,0.006117,59930,0.006118,52335
gate,bybit,VANRYUSDT,0.005684,0.006108,7.4595,1774056440931,,,,,,,,,,,,,,,,,,,,,,,,,,,,,,,,,,,,,,,,,0.006108,17829,0.006107,1638,0.006106,11688,0.006105,76972,0.006104,13518,0.006103,20754,0.006102,23304,0.006101,64194,0.006100,36164,0.006099,22358,0.006109,1638,0.006110,19377,0.006111,5743,0.006112,28672,0.006113,16219,0.006114,31373,0.006115,46207,0.006116,50679,0.006117,59930,0.006118,52335
gate,bybit,VANRYUSDT,0.005684,0.006108,7.4595,1774056441231,,,,,,,,,,,,,,,,,,,,,,,,,,,,,,,,,,,,,,,,,0.006108,17829,0.006107,3104,0.006106,11688,0.006105,76972,0.006104,13518,0.006103,20754,0.006102,23304,0.006101,64194,0.006100,36164,0.006099,22358,0.006109,1638,0.006110,19377,0.006111,1637,0.006112,28672,0.006113,16219,0.006114,31373,0.006115,46207,0.006116,46573,0.006117,59930,0.006118,52335
gate,bybit,VANRYUSDT,0.005684,0.006108,7.4595,1774056441531,,,,,,,,,,,,,,,,,,,,,,,,,,,,,,,,,,,,,,,,,0.006108,17829,0.006107,3104,0.006106,11688,0.006105,76972,0.006104,13518,0.006103,20754,0.006102,23304,0.006101,64194,0.006100,36164,0.006099,22358,0.006109,172,0.006110,19377,0.006111,1637,0.006112,20312,0.006113,16219,0.006114,31373,0.006115,46207,0.006116,46573,0.006117,59930,0.006118,52335
gate,bybit,VANRYUSDT,0.005684,0.006108,7.4595,1774056441831,,,,,,,,,,,,,,,,,,,,,,,,,,,,,,,,,,,,,,,,,0.006108,17829,0.006107,3104,0.006106,11688,0.006105,76972,0.006104,13518,0.006103,20754,0.006102,23304,0.006101,64194,0.006100,36164,0.006099,22358,0.006109,172,0.006110,19377,0.006111,1637,0.006112,20312,0.006113,16219,0.006114,31373,0.006115,46207,0.006116,46573,0.006117,59930,0.006118,52335
gate,bybit,VANRYUSDT,0.005684,0.006108,7.4595,1774056442132,,,,,,,,,,,,,,,,,,,,,,,,,,,,,,,,,,,,,,,,,0.006108,17829,0.006107,3104,0.006106,11688,0.006105,76972,0.006104,13518,0.006103,20754,0.006102,23304,0.006101,64194,0.006100,36164,0.006099,22358,0.006109,164,0.006110,19377,0.006111,1637,0.006112,20312,0.006113,16219,0.006114,31373,0.006115,46207,0.006116,46573,0.006117,59930,0.006118,52335
gate,bybit,VANRYUSDT,0.005684,0.006109,7.4771,1774056442432,,,,,,,,,,,,,,,,,,,,,,,,,,,,,,,,,,,,,,,,,0.006109,21768,0.006108,3107,0.006107,3104,0.006106,22469,0.006105,85332,0.006104,13518,0.006103,20754,0.006102,23304,0.006101,64194,0.006100,36164,0.006110,19377,0.006111,1637,0.006112,7813,0.006113,22098,0.006114,21373,0.006115,46207,0.006116,46573,0.006117,51718,0.006118,52335,0.006119,28532
gate,bybit,VANRYUSDT,0.005684,0.006109,7.4771,1774056442732,,,,,,,,,,,,,,,,,,,,,,,,,,,,,,,,,,,,,,,,,0.006109,21768,0.006108,1638,0.006107,3104,0.006106,22469,0.006105,81414,0.006104,13518,0.006103,30754,0.006102,23304,0.006101,64194,0.006100,36164,0.006110,19377,0.006111,1637,0.006112,7813,0.006113,22098,0.006114,21373,0.006115,46207,0.006116,46573,0.006117,51718,0.006118,52335,0.006119,28532
gate,bybit,VANRYUSDT,0.005684,0.006109,7.4771,1774056443032,,,,,,,,,,,,,,,,,,,,,,,,,,,,,,,,,,,,,,,,,0.006109,20466,0.006108,1638,0.006107,3104,0.006106,37222,0.006105,81414,0.006104,13518,0.006103,30754,0.006102,23304,0.006101,64194,0.006100,36164,0.006110,19377,0.006111,1637,0.006112,7813,0.006113,22098,0.006114,21373,0.006115,46207,0.006116,46573,0.006117,51718,0.006118,52335,0.006119,28532
gate,bybit,VANRYUSDT,0.005684,0.006109,7.4771,1774056443333,,,,,,,,,,,,,,,,,,,,,,,,,,,,,,,,,,,,,,,,,0.006109,20466,0.006108,1638,0.006107,3104,0.006106,37222,0.006105,81414,0.006104,13518,0.006103,30754,0.006102,23304,0.006101,64194,0.006100,36164,0.006110,19377,0.006111,1637,0.006112,7813,0.006113,22098,0.006114,21373,0.006115,46207,0.006116,46573,0.006117,51718,0.006118,52335,0.006119,28532
gate,bybit,VANRYUSDT,0.005684,0.006109,7.4771,1774056443633,,,,,,,,,,,,,,,,,,,,,,,,,,,,,,,,,,,,,,,,,0.006109,22669,0.006108,1638,0.006107,3104,0.006106,37222,0.006105,81414,0.006104,13518,0.006103,30754,0.006102,23304,0.006101,64194,0.006100,36164,0.006110,19377,0.006111,1637,0.006112,7813,0.006113,22098,0.006114,21373,0.006115,46207,0.006116,46573,0.006117,51718,0.006118,52335,0.006119,28532
gate,bybit,VANRYUSDT,0.005684,0.006109,7.4771,1774056443933,,,,,,,,,,,,,,,,,,,,,,,,,,,,,,,,,,,,,,,,,0.006109,22669,0.006108,1638,0.006107,3104,0.006106,37222,0.006105,81414,0.006104,13518,0.006103,30754,0.006102,23304,0.006101,64194,0.006100,36164,0.006110,19377,0.006111,1637,0.006112,7813,0.006113,22098,0.006114,21373,0.006115,46207,0.006116,46573,0.006117,51718,0.006118,52335,0.006119,28532
gate,bybit,VANRYUSDT,0.005684,0.006109,7.4771,1774056444233,,,,,,,,,,,,,,,,,,,,,,,,,,,,,,,,,,,,,,,,,0.006109,27075,0.006108,1638,0.006107,3104,0.006106,37222,0.006105,81414,0.006104,13518,0.006103,30754,0.006102,23304,0.006101,64194,0.006100,36164,0.006110,19377,0.006111,1637,0.006112,7813,0.006113,22098,0.006114,21373,0.006115,46207,0.006116,46573,0.006117,51718,0.006118,52335,0.006119,28532
gate,bybit,VANRYUSDT,0.005684,0.006109,7.4771,1774056444533,,,,,,,,,,,,,,,,,,,,,,,,,,,,,,,,,,,,,,,,,0.006109,27075,0.006108,1638,0.006107,3104,0.006106,37222,0.006105,81414,0.006104,13518,0.006103,30754,0.006102,23304,0.006101,64194,0.006100,36164,0.006110,19377,0.006111,1637,0.006112,7813,0.006113,22098,0.006114,21373,0.006115,46207,0.006116,46573,0.006117,51718,0.006118,52335,0.006119,28532
gate,bybit,VANRYUSDT,0.005684,0.006109,7.4771,1774056444833,,,,,,,,,,,,,,,,,,,,,,,,,,,,,,,,,,,,,,,,,0.006109,16692,0.006108,1638,0.006107,1638,0.006106,35756,0.006105,81414,0.006104,13518,0.006103,30754,0.006102,23304,0.006101,64194,0.006100,36164,0.006110,19377,0.006111,1637,0.006112,9278,0.006113,22098,0.006114,21373,0.006115,46207,0.006116,46573,0.006117,51718,0.006118,52335,0.006119,28532
gate,bybit,VANRYUSDT,0.005684,0.006109,7.4771,1774056445133,0.005683,11600,0.005682,11600,0.005681,28224,0.00568,25927,0.005679,26544,0.005678,56779,0.005677,46158,0.005676,31600,0.005675,31600,0.005674,31600,0.005684,108004,0.005685,114475,0.005686,107363,0.005687,90372,0.005688,46930,0.005689,36779,0.00569,11600,0.005691,11600,0.005719,11600,0.00572,580,0.006109,12286,0.006108,1638,0.006107,1638,0.006106,35756,0.006105,81414,0.006104,13518,0.006103,30754,0.006102,23304,0.006101,64194,0.006100,36164,0.006110,19377,0.006111,1637,0.006112,9278,0.006113,22098,0.006114,21373,0.006115,46207,0.006116,46573,0.006117,51718,0.006118,52335,0.006119,28532
gate,bybit,VANRYUSDT,0.005684,0.006108,7.4595,1774056445433,0.005683,28656,0.005682,11600,0.005681,28224,0.00568,25927,0.005679,26544,0.005678,56779,0.005677,46158,0.005676,31600,0.005675,31600,0.005674,31600,0.005684,107445,0.005685,114704,0.005686,107365,0.005687,100017,0.005688,46930,0.005689,36779,0.005691,11600,0.005719,11600,0.00572,580,0.005732,5213,0.006108,1638,0.006107,1638,0.006106,24975,0.006105,85328,0.006104,13518,0.006103,30754,0.006102,23304,0.006101,64194,0.006100,36164,0.006099,22358,0.006109,8180,0.006110,19377,0.006111,3102,0.006112,22009,0.006113,16219,0.006114,21373,0.006115,46207,0.006116,46573,0.006117,51718,0.006118,52335
gate,bybit,VANRYUSDT,0.005684,0.006108,7.4595,1774056445734,0.005683,28656,0.005682,11600,0.005681,31681,0.00568,25927,0.005679,26544,0.005678,56779,0.005677,46158,0.005676,31600,0.005675,31600,0.005674,31600,0.005684,107445,0.005685,114704,0.005686,107365,0.005687,100017,0.005688,46930,0.005689,36779,0.005691,11600,0.005719,11600,0.00572,580,0.005732,5213,0.006108,1638,0.006107,1638,0.006106,24975,0.006105,85328,0.006104,13518,0.006103,30754,0.006102,23304,0.006101,64194,0.006100,36164,0.006099,22358,0.006109,8180,0.006110,19377,0.006111,3102,0.006112,22009,0.006113,16219,0.006114,21373,0.006115,46207,0.006116,46573,0.006117,51718,0.006118,52335
gate,bybit,VANRYUSDT,0.005684,0.006108,7.4595,1774056446034,0.005683,28656,0.005682,11600,0.005681,31681,0.00568,25927,0.005679,26544,0.005678,56779,0.005677,46158,0.005676,31600,0.005675,31600,0.005674,31600,0.005684,107445,0.005685,114704,0.005686,107365,0.005687,120017,0.005688,46930,0.005689,36779,0.005691,11600,0.005719,11600,0.00572,580,0.005732,5213,0.006108,1638,0.006107,1638,0.006106,24975,0.006105,85328,0.006104,13518,0.006103,30754,0.006102,23304,0.006101,64194,0.006100,36164,0.006099,22358,0.006109,8180,0.006110,19377,0.006111,3102,0.006112,22009,0.006113,16219,0.006114,21373,0.006115,46207,0.006116,46573,0.006117,51718,0.006118,52335
gate,bybit,VANRYUSDT,0.005684,0.006108,7.4595,1774056446335,0.005683,28656,0.005682,36779,0.005681,31681,0.00568,25927,0.005679,26544,0.005678,56779,0.005677,46158,0.005676,31600,0.005675,31600,0.005674,31600,0.005684,67623,0.005685,106865,0.005686,97158,0.005687,126688,0.005688,46930,0.005689,36779,0.00569,16101,0.005691,11600,0.005719,11600,0.00572,580,0.006108,5601,0.006107,1638,0.006106,24975,0.006105,85328,0.006104,13518,0.006103,30754,0.006102,23304,0.006101,64194,0.006100,36164,0.006099,22358,0.006109,11628,0.006110,19377,0.006111,1637,0.006112,20544,0.006113,16219,0.006114,21373,0.006115,46207,0.006116,46573,0.006117,51718,0.006118,52335
gate,bybit,VANRYUSDT,0.005684,0.006108,7.4595,1774056446635,0.005683,28656,0.005682,11600,0.005681,31681,0.00568,25927,0.005679,26544,0.005678,56779,0.005677,46158,0.005676,31600,0.005675,31600,0.005674,31600,0.005684,82189,0.005685,106865,0.005686,97158,0.005687,151867,0.005688,46930,0.005689,36779,0.005691,11600,0.005719,11600,0.00572,580,0.005732,5213,0.006108,5601,0.006107,1638,0.006106,24975,0.006105,85328,0.006104,13518,0.006103,30754,0.006102,23304,0.006101,64194,0.006100,36164,0.006099,22358,0.006109,11628,0.006110,19377,0.006111,1637,0.006112,20544,0.006113,16219,0.006114,21373,0.006115,46207,0.006116,46573,0.006117,51718,0.006118,52335
gate,bybit,VANRYUSDT,0.005684,0.006108,7.4595,1774056446935,0.005683,28656,0.005682,11600,0.005681,31681,0.00568,25927,0.005679,26544,0.005678,56779,0.005677,46158,0.005676,31600,0.005675,31600,0.005674,31600,0.005684,82189,0.005685,106865,0.005686,97158,0.005687,151867,0.005688,46930,0.005689,36779,0.005691,11600,0.005719,11600,0.00572,580,0.005732,5213,0.006108,5601,0.006107,1638,0.006106,24975,0.006105,85328,0.006104,13518,0.006103,30754,0.006102,23304,0.006101,64194,0.006100,36164,0.006099,22358,0.006109,11628,0.006110,19377,0.006111,1637,0.006112,20544,0.006113,16219,0.006114,21373,0.006115,46207,0.006116,46573,0.006117,51718,0.006118,52335
gate,bybit,VANRYUSDT,0.005684,0.006108,7.4595,1774056447235,0.005683,28656,0.005682,32114,0.005681,31681,0.00568,25927,0.005679,26544,0.005678,56779,0.005677,46158,0.005676,31600,0.005675,31600,0.005674,31600,0.005684,53860,0.005685,91374,0.005686,82184,0.005687,126688,0.005688,46930,0.005689,36779,0.005691,11600,0.005719,11600,0.00572,580,0.005732,5213,0.006108,5601,0.006107,1638,0.006106,24975,0.006105,85328,0.006104,13518,0.006103,30754,0.006102,23304,0.006101,64194,0.006100,36164,0.006099,22358,0.006109,11628,0.006110,19377,0.006111,1637,0.006112,20544,0.006113,16219,0.006114,21373,0.006115,46207,0.006116,46573,0.006117,51718,0.006118,52335
gate,bybit,VANRYUSDT,0.005684,0.006108,7.4595,1774056447536,0.005683,28656,0.005682,11600,0.005681,31681,0.00568,25927,0.005679,26544,0.005678,48524,0.005677,46158,0.005676,31600,0.005675,31600,0.005674,31600,0.005684,43529,0.005685,107074,0.005686,101519,0.005687,174751,0.005688,46930,0.005689,36779,0.00569,14276,0.005691,11600,0.005719,11600,0.00572,580,0.006108,5601,0.006107,1638,0.006106,24975,0.006105,85328,0.006104,13518,0.006103,30754,0.006102,23304,0.006101,64194,0.006100,36164,0.006099,22358,0.006109,11628,0.006110,19377,0.006111,1637,0.006112,20544,0.006113,16219,0.006114,21373,0.006115,46207,0.006116,46573,0.006117,51718,0.006118,52335
gate,bybit,VANRYUSDT,0.005684,0.006108,7.4595,1774056447836,0.005683,28656,0.005682,11600,0.005681,31681,0.00568,25927,0.005679,26544,0.005678,48524,0.005677,46158,0.005676,31600,0.005675,31600,0.005674,31600,0.005684,43529,0.005685,107074,0.005686,101519,0.005687,174751,0.005688,46930,0.005689,36779,0.00569,14276,0.005691,11600,0.005719,11600,0.00572,580,0.006108,5601,0.006107,1638,0.006106,24975,0.006105,85328,0.006104,13518,0.006103,30754,0.006102,23304,0.006101,64194,0.006100,36164,0.006099,22358,0.006109,11628,0.006110,19377,0.006111,1637,0.006112,20544,0.006113,16219,0.006114,21373,0.006115,46207,0.006116,46573,0.006117,51718,0.006118,52335
gate,bybit,VANRYUSDT,0.005684,0.006108,7.4595,1774056448136,0.005683,28656,0.005682,21094,0.005681,31681,0.00568,25927,0.005679,26544,0.005678,48524,0.005677,46158,0.005676,31600,0.005675,31600,0.005674,31600,0.005684,43529,0.005685,107074,0.005686,101519,0.005687,174751,0.005688,46930,0.005689,36779,0.00569,14276,0.005691,11600,0.005719,11600,0.00572,580,0.006108,5601,0.006107,1638,0.006106,24975,0.006105,85328,0.006104,13518,0.006103,30754,0.006102,23304,0.006101,64194,0.006100,36164,0.006099,22358,0.006109,11628,0.006110,19377,0.006111,1637,0.006112,20544,0.006113,16219,0.006114,21373,0.006115,46207,0.006116,46573,0.006117,51718,0.006118,52335
gate,bybit,VANRYUSDT,0.005684,0.006108,7.4595,1774056448436,0.005683,28656,0.005682,21094,0.005681,31681,0.00568,25927,0.005679,26544,0.005678,56779,0.005677,46158,0.005676,31600,0.005675,31600,0.005674,31600,0.005684,16313,0.005685,116553,0.005686,107363,0.005687,183346,0.005688,46930,0.005689,36779,0.00569,25876,0.005719,11600,0.00572,580,0.005732,5213,0.006108,5601,0.006107,1638,0.006106,24975,0.006105,85328,0.006104,13518,0.006103,30754,0.006102,23304,0.006101,64194,0.006100,36164,0.006099,22358,0.006109,11628,0.006110,19377,0.006111,1637,0.006112,20544,0.006113,16219,0.006114,21373,0.006115,46207,0.006116,46573,0.006117,51718,0.006118,52335
gate,bybit,VANRYUSDT,0.005684,0.006108,7.4595,1774056448736,0.005683,28656,0.005682,21094,0.005681,31681,0.00568,25927,0.005679,26544,0.005678,56779,0.005677,46158,0.005676,31600,0.005675,31600,0.005674,31600,0.005684,16313,0.005685,116553,0.005686,107363,0.005687,183346,0.005688,46930,0.005689,36779,0.00569,25876,0.005719,11600,0.00572,580,0.005732,5213,0.006108,5601,0.006107,1638,0.006106,24975,0.006105,85328,0.006104,13518,0.006103,30754,0.006102,23304,0.006101,64194,0.006100,36164,0.006099,22358,0.006109,11628,0.006110,19377,0.006111,1637,0.006112,20544,0.006113,16219,0.006114,21373,0.006115,46207,0.006116,46573,0.006117,51718,0.006118,52335
gate,bybit,VANRYUSDT,0.005683,0.006108,7.4784,1774056449036,0.005681,18719,0.00568,36779,0.005679,36779,0.005678,56779,0.005677,46158,0.005676,56779,0.005675,31600,0.005674,31600,0.005673,31600,0.005672,42064,0.005683,21702,0.005684,16313,0.005685,126047,0.005686,147619,0.005687,198179,0.005688,45948,0.005689,25752,0.00569,11600,0.005719,11600,0.00572,580,0.006108,1638,0.006107,1638,0.006106,10222,0.006105,85328,0.006104,13518,0.006103,30754,0.006102,23304,0.006101,64194,0.006100,36164,0.006099,22358,0.006109,13305,0.006110,19377,0.006111,3103,0.006112,22010,0.006113,17685,0.006114,21373,0.006115,46207,0.006116,46573,0.006117,51718,0.006118,52335
gate,bybit,VANRYUSDT,0.005684,0.006108,7.4595,1774056449337,0.005683,11358,0.005682,25028,0.005681,30319,0.00568,36779,0.005679,36779,0.005678,56779,0.005677,46158,0.005676,31600,0.005675,31600,0.005674,31600,0.005684,16313,0.005685,126047,0.005686,169321,0.005687,183346,0.005688,21751,0.005689,25752,0.00569,11600,0.005719,11600,0.00572,580,0.005732,5213,0.006108,1638,0.006107,1638,0.006106,10222,0.006105,85328,0.006104,13518,0.006103,30754,0.006102,23304,0.006101,64194,0.006100,36164,0.006099,22358,0.006109,13305,0.006110,19377,0.006111,3103,0.006112,22010,0.006113,17685,0.006114,21373,0.006115,46207,0.006116,46573,0.006117,51718,0.006118,52335
gate,bybit,VANRYUSDT,0.005683,0.006108,7.4784,1774056449637,0.005682,9017,0.005681,37866,0.00568,36779,0.005679,36779,0.005678,56779,0.005677,46158,0.005676,56736,0.005675,31600,0.005674,31600,0.005673,31600,0.005683,28176,0.005684,16313,0.005685,126047,0.005686,180679,0.005687,183346,0.005688,46887,0.005689,25752,0.00569,11600,0.005719,11600,0.00572,580,0.006108,1638,0.006107,1638,0.006106,10222,0.006105,85328,0.006104,13518,0.006103,30754,0.006102,23304,0.006101,64194,0.006100,36164,0.006099,22358,0.006109,11628,0.006110,19377,0.006111,3103,0.006112,22010,0.006113,16219,0.006114,21373,0.006115,46207,0.006116,46573,0.006117,51718,0.006118,52335
gate,bybit,VANRYUSDT,0.005683,0.006108,7.4784,1774056449937,0.005682,9017,0.005681,37866,0.00568,36779,0.005679,36779,0.005678,56779,0.005677,46158,0.005676,56736,0.005675,31600,0.005674,31600,0.005673,31600,0.005683,28176,0.005684,16313,0.005685,126047,0.005686,200679,0.005687,183346,0.005688,46887,0.005689,25752,0.00569,11600,0.005719,11600,0.00572,580,0.006108,1638,0.006107,1638,0.006106,10222,0.006105,85328,0.006104,13518,0.006103,30754,0.006102,23304,0.006101,64194,0.006100,36164,0.006099,22358,0.006109,11628,0.006110,19377,0.006111,3103,0.006112,22010,0.006113,16219,0.006114,21373,0.006115,46207,0.006116,46573,0.006117,51718,0.006118,52335
gate,bybit,VANRYUSDT,0.005683,0.006108,7.4784,1774056450237,0.005682,29641,0.005681,37866,0.00568,36779,0.005679,36779,0.005678,56779,0.005677,46158,0.005676,50722,0.005675,31600,0.005674,31600,0.005673,31600,0.005683,4632,0.005684,16313,0.005685,126047,0.005686,209825,0.005687,183346,0.005688,21751,0.005689,25752,0.00569,11600,0.005719,11600,0.00572,580,0.006108,1638,0.006107,1638,0.006106,10222,0.006105,85328,0.006104,13518,0.006103,30754,0.006102,23304,0.006101,64194,0.006100,36164,0.006099,22358,0.006109,11628,0.006110,19377,0.006111,3103,0.006112,22010,0.006113,16219,0.006114,21373,0.006115,46207,0.006116,46573,0.006117,51718,0.006118,52335
gate,bybit,VANRYUSDT,0.005684,0.006108,7.4595,1774056450537,0.005683,9458,0.005682,9017,0.005681,37866,0.00568,36779,0.005679,36779,0.005678,56779,0.005677,46158,0.005676,50722,0.005675,31600,0.005674,31600,0.005684,30530,0.005685,126047,0.005686,228691,0.005687,183346,0.005688,46879,0.005689,25752,0.00569,11600,0.005719,11600,0.00572,580,0.005732,5213,0.006108,1638,0.006107,1638,0.006106,10222,0.006105,85328,0.006104,13518,0.006103,30754,0.006102,23304,0.006101,64194,0.006100,36164,0.006099,22358,0.006109,11628,0.006110,19377,0.006111,3103,0.006112,22010,0.006113,16219,0.006114,21373,0.006115,46207,0.006116,46573,0.006117,51718,0.006118,52335
gate,bybit,VANRYUSDT,0.005684,0.006108,7.4595,1774056450838,0.005683,9458,0.005682,9017,0.005681,37866,0.00568,36779,0.005679,36779,0.005678,56779,0.005677,46158,0.005676,50722,0.005675,31600,0.005674,31600,0.005684,30530,0.005685,126047,0.005686,228691,0.005687,183346,0.005688,46879,0.005689,25752,0.00569,11600,0.005719,11600,0.00572,580,0.005732,5213,0.006108,1638,0.006107,1638,0.006106,10222,0.006105,85328,0.006104,13518,0.006103,30754,0.006102,23304,0.006101,64194,0.006100,36164,0.006099,22358,0.006109,11628,0.006110,19377,0.006111,3103,0.006112,22010,0.006113,16219,0.006114,21373,0.006115,46207,0.006116,46573,0.006117,51718,0.006118,52335
gate,bybit,VANRYUSDT,0.005684,0.006108,7.4595,1774056451138,0.005683,9458,0.005682,9017,0.005681,37866,0.00568,36779,0.005679,36779,0.005678,56779,0.005677,46158,0.005676,50722,0.005675,31600,0.005674,31600,0.005684,30530,0.005685,126047,0.005686,228691,0.005687,183346,0.005688,46879,0.005689,25752,0.00569,11600,0.005719,11600,0.00572,580,0.005732,5213,0.006108,1638,0.006107,1638,0.006106,10222,0.006105,85328,0.006104,13518,0.006103,30754,0.006102,23304,0.006101,64194,0.006100,36164,0.006099,22358,0.006109,11628,0.006110,19377,0.006111,3103,0.006112,22010,0.006113,16219,0.006114,21373,0.006115,46207,0.006116,46573,0.006117,51718,0.006118,52335
gate,bybit,VANRYUSDT,0.005684,0.006108,7.4595,1774056451438,0.005683,21058,0.005682,42607,0.005681,37866,0.00568,36779,0.005679,36779,0.005678,56779,0.005677,56728,0.005676,31600,0.005675,31600,0.005674,31600,0.005684,28898,0.005685,116379,0.005686,228691,0.005687,213876,0.005688,31368,0.005689,34808,0.005719,11600,0.00572,580,0.005732,5213,0.005735,5807,0.006108,1638,0.006107,1638,0.006106,10222,0.006105,85328,0.006104,13518,0.006103,30754,0.006102,23304,0.006101,64194,0.006100,36164,0.006099,22358,0.006109,11628,0.006110,19377,0.006111,3103,0.006112,22010,0.006113,16219,0.006114,21373,0.006115,46207,0.006116,46573,0.006117,51718,0.006118,52335
gate,bybit,VANRYUSDT,0.005684,0.006108,7.4595,1774056451738,0.005683,21058,0.005682,42607,0.005681,37866,0.00568,36779,0.005679,36779,0.005678,56779,0.005677,56728,0.005676,31600,0.005675,31600,0.005674,31600,0.005684,28898,0.005685,116379,0.005686,228691,0.005687,213876,0.005688,31368,0.005689,34808,0.005719,11600,0.00572,580,0.005732,5213,0.005735,5807,0.006108,1638,0.006107,1638,0.006106,10222,0.006105,85328,0.006104,13518,0.006103,30754,0.006102,23304,0.006101,64194,0.006100,36164,0.006099,22358,0.006109,11630,0.006110,19377,0.006111,3103,0.006112,22010,0.006113,16219,0.006114,21373,0.006115,46207,0.006116,46573,0.006117,51718,0.006118,52335
gate,bybit,VANRYUSDT,0.005684,0.006108,7.4595,1774056452038,0.005683,21058,0.005682,42607,0.005681,37866,0.00568,36779,0.005679,36779,0.005678,56779,0.005677,56728,0.005676,31600,0.005675,31600,0.005674,31600,0.005684,28898,0.005685,116379,0.005686,228691,0.005687,213876,0.005688,31368,0.005689,34808,0.005719,11600,0.00572,580,0.005732,5213,0.005735,5807,0.006108,1638,0.006107,1638,0.006106,10222,0.006105,85328,0.006104,13518,0.006103,30754,0.006102,23304,0.006101,64194,0.006100,36164,0.006099,22358,0.006109,11630,0.006110,19377,0.006111,3103,0.006112,22010,0.006113,16219,0.006114,21373,0.006115,46207,0.006116,46573,0.006117,51718,0.006118,52335
gate,bybit,VANRYUSDT,0.005684,0.006108,7.4595,1774056452338,0.005683,47259,0.005682,42607,0.005681,37866,0.00568,36779,0.005679,36779,0.005678,56779,0.005677,31600,0.005676,31600,0.005675,31600,0.005674,31600,0.005685,90555,0.005686,228691,0.005687,242774,0.005688,32160,0.005689,11600,0.00569,25144,0.005719,11600,0.00572,580,0.005732,5213,0.005735,5807,0.006108,1638,0.006107,1638,0.006106,10222,0.006105,85328,0.006104,13518,0.006103,30754,0.006102,23304,0.006101,64194,0.006100,36164,0.006099,22358,0.006109,11745,0.006110,19377,0.006111,3103,0.006112,22010,0.006113,16219,0.006114,21373,0.006115,46207,0.006116,46573,0.006117,51718,0.006118,52335
gate,bybit,VANRYUSDT,0.005684,0.006108,7.4595,1774056452639,0.005683,21058,0.005682,45694,0.005681,37866,0.00568,36779,0.005679,36779,0.005678,56779,0.005677,56677,0.005676,31600,0.005675,31600,0.005674,31600,0.005684,24984,0.005685,115632,0.005686,228691,0.005687,282117,0.005688,32160,0.005689,11600,0.005719,11600,0.00572,580,0.005732,5213,0.005735,5807,0.006108,1638,0.006107,1638,0.006106,10222,0.006105,85328,0.006104,13518,0.006103,30754,0.006102,23304,0.006101,64194,0.006100,36164,0.006099,22358,0.006109,11745,0.006110,19377,0.006111,3103,0.006112,22010,0.006113,16219,0.006114,21373,0.006115,46207,0.006116,46573,0.006117,51718,0.006118,52335
gate,bybit,VANRYUSDT,0.005684,0.006108,7.4595,1774056452940,0.005683,21058,0.005682,45694,0.005681,37866,0.00568,36779,0.005679,36779,0.005678,56779,0.005677,56677,0.005676,31600,0.005675,31600,0.005674,31600,0.005684,24984,0.005685,115632,0.005686,228691,0.005687,282117,0.005688,32160,0.005689,11600,0.005719,11600,0.00572,580,0.005732,5213,0.005735,5807,0.006108,1638,0.006107,1638,0.006106,10222,0.006105,85328,0.006104,13518,0.006103,30754,0.006102,23304,0.006101,64194,0.006100,36164,0.006099,22358,0.006109,11745,0.006110,19377,0.006111,3103,0.006112,22010,0.006113,16219,0.006114,21373,0.006115,46207,0.006116,46573,0.006117,51718,0.006118,52335
gate,bybit,VANRYUSDT,0.005684,0.006108,7.4595,1774056453240,0.005683,21058,0.005682,45694,0.005681,37866,0.00568,36779,0.005679,36779,0.005678,56779,0.005677,56677,0.005676,31600,0.005675,31600,0.005674,31600,0.005684,24984,0.005685,115632,0.005686,228691,0.005687,282117,0.005688,32160,0.005689,11600,0.005719,11600,0.00572,580,0.005732,5213,0.005735,5807,0.006108,1638,0.006107,1638,0.006106,10222,0.006105,85328,0.006104,13518,0.006103,30754,0.006102,23304,0.006101,64194,0.006100,36164,0.006099,22358,0.006109,11745,0.006110,19377,0.006111,3103,0.006112,22010,0.006113,16219,0.006114,21373,0.006115,46207,0.006116,46573,0.006117,51718,0.006118,52335
gate,bybit,VANRYUSDT,0.005684,0.006108,7.4595,1774056453540,0.005683,21058,0.005682,36713,0.005681,37866,0.00568,36779,0.005679,36779,0.005678,56779,0.005677,56677,0.005676,31600,0.005675,31600,0.005674,31600,0.005684,19833,0.005685,107921,0.005686,203512,0.005687,316211,0.005688,39871,0.005689,11600,0.005719,11600,0.00572,580,0.005732,5213,0.005735,5807,0.006108,1638,0.006107,1638,0.006106,10222,0.006105,85328,0.006104,13518,0.006103,30754,0.006102,23304,0.006101,64194,0.006100,36164,0.006099,22358,0.006109,11745,0.006110,19377,0.006111,3103,0.006112,22010,0.006113,16219,0.006114,21373,0.006115,46207,0.006116,46573,0.006117,51718,0.006118,52335
gate,bybit,VANRYUSDT,0.005684,0.006108,7.4595,1774056453840,0.005683,21058,0.005682,36713,0.005681,37866,0.00568,36779,0.005679,36779,0.005678,56779,0.005677,56677,0.005676,31600,0.005675,31600,0.005674,31600,0.005684,19833,0.005685,107921,0.005686,203512,0.005687,316211,0.005688,39871,0.005689,11600,0.005719,11600,0.00572,580,0.005732,5213,0.005735,5807,0.006108,1638,0.006107,1638,0.006106,10222,0.006105,85328,0.006104,13518,0.006103,30754,0.006102,23304,0.006101,64194,0.006100,36164,0.006099,22358,0.006109,11748,0.006110,19377,0.006111,3103,0.006112,22010,0.006113,16219,0.006114,21373,0.006115,46207,0.006116,46573,0.006117,51718,0.006118,52335
gate,bybit,VANRYUSDT,0.005684,0.006108,7.4595,1774056454141,0.005683,21058,0.005682,36713,0.005681,37866,0.00568,36779,0.005679,36779,0.005678,56779,0.005677,56677,0.005676,31600,0.005675,31600,0.005674,31600,0.005684,19833,0.005685,263374,0.005686,203512,0.005687,316211,0.005688,39871,0.005689,11600,0.005719,11600,0.00572,580,0.005732,5213,0.005735,5807,0.006108,1638,0.006107,1638,0.006106,10222,0.006105,85328,0.006104,13518,0.006103,30754,0.006102,23304,0.006101,64194,0.006100,36164,0.006099,22358,0.006109,11748,0.006110,19377,0.006111,3103,0.006112,22010,0.006113,16219,0.006114,21373,0.006115,46207,0.006116,46573,0.006117,51718,0.006118,52335
gate,bybit,VANRYUSDT,0.005684,0.006108,7.4595,1774056454442,0.005683,39375,0.005682,36713,0.005681,37866,0.00568,36779,0.005679,36779,0.005678,56779,0.005677,31600,0.005676,31600,0.005675,31600,0.005674,31600,0.005685,230613,0.005686,203512,0.005687,336044,0.005688,47555,0.005719,11600,0.00572,580,0.005732,5213,0.005735,5807,0.005736,5291,0.005741,15030,0.006108,1638,0.006107,1638,0.006106,10222,0.006105,85328,0.006104,13518,0.006103,30754,0.006102,23304,0.006101,64194,0.006100,36164,0.006099,22358,0.006109,11748,0.006110,19377,0.006111,3103,0.006112,20544,0.006113,16219,0.006114,21373,0.006115,46207,0.006116,46573,0.006117,51718,0.006118,52335
gate,bybit,VANRYUSDT,0.005684,0.006108,7.4595,1774056454743,0.005683,21058,0.005682,36713,0.005681,37866,0.00568,36779,0.005679,36779,0.005678,56779,0.005677,49918,0.005676,31600,0.005675,31600,0.005674,31600,0.005684,16403,0.005685,230613,0.005686,203512,0.005687,344659,0.005688,47555,0.005719,11600,0.00572,580,0.005732,5213,0.005735,5807,0.005736,5291,0.006108,1638,0.006107,1638,0.006106,10222,0.006105,85328,0.006104,13518,0.006103,30754,0.006102,23304,0.006101,64194,0.006100,36164,0.006099,22358,0.006109,11748,0.006110,19377,0.006111,3103,0.006112,20544,0.006113,16219,0.006114,21373,0.006115,46207,0.006116,46573,0.006117,51718,0.006118,52335
gate,bybit,VANRYUSDT,0.005684,0.006108,7.4595,1774056455043,0.005683,21058,0.005682,36713,0.005681,37866,0.00568,36779,0.005679,36779,0.005678,56779,0.005677,49918,0.005676,31600,0.005675,31600,0.005674,31600,0.005684,16403,0.005685,230613,0.005686,203512,0.005687,344659,0.005688,47555,0.005719,11600,0.00572,580,0.005732,5213,0.005735,5807,0.005736,5291,0.006108,1638,0.006107,1638,0.006106,10222,0.006105,85328,0.006104,13518,0.006103,30754,0.006102,23304,0.006101,64194,0.006100,36164,0.006099,22358,0.006109,11748,0.006110,19377,0.006111,3103,0.006112,20544,0.006113,16219,0.006114,21373,0.006115,46207,0.006116,46573,0.006117,51718,0.006118,52335
gate,bybit,VANRYUSDT,0.005684,0.006108,7.4595,1774056455343,0.005683,21058,0.005682,36713,0.005681,37866,0.00568,36779,0.005679,36779,0.005678,56779,0.005677,49918,0.005676,31600,0.005675,31600,0.005674,31600,0.005684,16403,0.005685,230613,0.005686,203512,0.005687,344659,0.005688,47555,0.005719,11600,0.00572,580,0.005732,5213,0.005735,5807,0.005736,5291,0.006108,1638,0.006107,1638,0.006106,10222,0.006105,85328,0.006104,13518,0.006103,30754,0.006102,23304,0.006101,64194,0.006100,36164,0.006099,22358,0.006109,11748,0.006110,19377,0.006111,3103,0.006112,20544,0.006113,16219,0.006114,21373,0.006115,46207,0.006116,46573,0.006117,51718,0.006118,52335
gate,bybit,VANRYUSDT,0.005684,0.006108,7.4595,1774056455643,0.005683,21058,0.005682,36713,0.005681,37866,0.00568,36779,0.005679,36779,0.005678,56779,0.005677,49918,0.005676,31600,0.005675,31600,0.005674,31600,0.005684,16403,0.005685,230613,0.005686,203512,0.005687,344659,0.005688,47555,0.005719,11600,0.00572,580,0.005732,5213,0.005735,5807,0.005736,5291,0.006108,1638,0.006107,1638,0.006106,10222,0.006105,85328,0.006104,13518,0.006103,30754,0.006102,23304,0.006101,64194,0.006100,36164,0.006099,22358,0.006109,11748,0.006110,19377,0.006111,3103,0.006112,20544,0.006113,16219,0.006114,21373,0.006115,46207,0.006116,46573,0.006117,51718,0.006118,52335
gate,bybit,VANRYUSDT,0.005684,0.006108,7.4595,1774056455943,0.005683,21058,0.005682,36713,0.005681,37866,0.00568,36779,0.005679,36779,0.005678,56779,0.005677,49918,0.005676,31600,0.005675,31600,0.005674,31600,0.005684,16403,0.005685,230613,0.005686,203512,0.005687,344659,0.005688,47555,0.005719,11600,0.00572,580,0.005732,5213,0.005735,5807,0.005736,5291,0.006108,1638,0.006107,1638,0.006106,10222,0.006105,85328,0.006104,13518,0.006103,30754,0.006102,23304,0.006101,64194,0.006100,36164,0.006099,22358,0.006109,11748,0.006110,19377,0.006111,3103,0.006112,20544,0.006113,16219,0.006114,21373,0.006115,46207,0.006116,46573,0.006117,51718,0.006118,52335
gate,bybit,VANRYUSDT,0.005684,0.006108,7.4595,1774056456244,0.005683,21058,0.005682,36713,0.005681,37866,0.00568,36779,0.005679,36779,0.005678,56779,0.005677,49918,0.005676,31600,0.005675,31600,0.005674,31600,0.005684,16403,0.005685,230613,0.005686,203512,0.005687,344659,0.005688,47555,0.005719,11600,0.00572,580,0.005732,5213,0.005735,5807,0.005736,5291,0.006108,1638,0.006107,1638,0.006106,10222,0.006105,85328,0.006104,13518,0.006103,30754,0.006102,23304,0.006101,64194,0.006100,36164,0.006099,22358,0.006109,11748,0.006110,19377,0.006111,3103,0.006112,20544,0.006113,16219,0.006114,21373,0.006115,46207,0.006116,46573,0.006117,51718,0.006118,52335
gate,bybit,VANRYUSDT,0.005684,0.006108,7.4595,1774056456546,0.005683,21058,0.005682,36713,0.005681,37866,0.00568,36779,0.005679,36779,0.005678,56779,0.005677,49918,0.005676,31600,0.005675,31600,0.005674,31600,0.005684,16403,0.005685,230613,0.005686,203512,0.005687,344659,0.005688,47555,0.005719,11600,0.00572,580,0.005732,5213,0.005735,5807,0.005736,5291,0.006108,1638,0.006107,1638,0.006106,10222,0.006105,85328,0.006104,13518,0.006103,30754,0.006102,23304,0.006101,64194,0.006100,36164,0.006099,22358,0.006109,11748,0.006110,19377,0.006111,3103,0.006112,20544,0.006113,16219,0.006114,21373,0.006115,46207,0.006116,46573,0.006117,51718,0.006118,52335
gate,bybit,VANRYUSDT,0.005684,0.006108,7.4595,1774056456846,0.005683,21058,0.005682,36713,0.005681,37866,0.00568,36779,0.005679,36779,0.005678,56779,0.005677,49918,0.005676,31600,0.005675,31600,0.005674,31600,0.005684,16403,0.005685,230613,0.005686,203512,0.005687,344659,0.005688,47555,0.005719,11600,0.00572,580,0.005732,5213,0.005735,5807,0.005736,5291,0.006108,1638,0.006107,1638,0.006106,10222,0.006105,85328,0.006104,13518,0.006103,30754,0.006102,23304,0.006101,64194,0.006100,36164,0.006099,22358,0.006109,11748,0.006110,19377,0.006111,3103,0.006112,20544,0.006113,16219,0.006114,21373,0.006115,46207,0.006116,46573,0.006117,51718,0.006118,52335
gate,bybit,VANRYUSDT,0.005684,0.006108,7.4595,1774056457146,0.005683,21058,0.005682,36713,0.005681,37866,0.00568,36779,0.005679,36779,0.005678,56779,0.005677,49918,0.005676,31600,0.005675,31600,0.005674,31600,0.005684,16403,0.005685,230613,0.005686,203512,0.005687,344659,0.005688,47555,0.005719,11600,0.00572,580,0.005732,5213,0.005735,5807,0.005736,5291,0.006108,1638,0.006107,1638,0.006106,10222,0.006105,85328,0.006104,13518,0.006103,30754,0.006102,23304,0.006101,64194,0.006100,36164,0.006099,22358,0.006109,11748,0.006110,19377,0.006111,3103,0.006112,20544,0.006113,16219,0.006114,21373,0.006115,46207,0.006116,46573,0.006117,51718,0.006118,52335
gate,bybit,VANRYUSDT,0.005684,0.006108,7.4595,1774056457446,0.005683,21058,0.005682,36713,0.005681,37866,0.00568,36779,0.005679,36779,0.005678,56779,0.005677,49918,0.005676,31600,0.005675,31600,0.005674,31600,0.005684,16403,0.005685,230613,0.005686,203512,0.005687,344659,0.005688,47555,0.005719,11600,0.00572,580,0.005732,5213,0.005735,5807,0.005736,5291,0.006108,1638,0.006107,1638,0.006106,10222,0.006105,85328,0.006104,13518,0.006103,30754,0.006102,23304,0.006101,64194,0.006100,36164,0.006099,22358,0.006109,11748,0.006110,19377,0.006111,3103,0.006112,20544,0.006113,16219,0.006114,21373,0.006115,46207,0.006116,46573,0.006117,51718,0.006118,52335
gate,bybit,VANRYUSDT,0.005684,0.006108,7.4595,1774056457746,0.005683,21058,0.005682,36713,0.005681,37866,0.00568,36779,0.005679,36779,0.005678,56779,0.005677,49918,0.005676,31600,0.005675,31600,0.005674,31600,0.005684,16403,0.005685,230613,0.005686,203512,0.005687,344659,0.005688,47555,0.005719,11600,0.00572,580,0.005732,5213,0.005735,5807,0.005736,5291,0.006108,1638,0.006107,1638,0.006106,10222,0.006105,85328,0.006104,13518,0.006103,30754,0.006102,23304,0.006101,64194,0.006100,36164,0.006099,22358,0.006109,11748,0.006110,19377,0.006111,3103,0.006112,20544,0.006113,16219,0.006114,21373,0.006115,46207,0.006116,46573,0.006117,51718,0.006118,52335
gate,bybit,VANRYUSDT,0.005684,0.006108,7.4595,1774056458047,0.005683,21058,0.005682,36713,0.005681,37866,0.00568,36779,0.005679,36779,0.005678,56779,0.005677,49918,0.005676,31600,0.005675,31600,0.005674,31600,0.005684,16403,0.005685,230613,0.005686,203512,0.005687,344659,0.005688,47555,0.005719,11600,0.00572,580,0.005732,5213,0.005735,5807,0.005736,5291,0.006108,1638,0.006107,1638,0.006106,10222,0.006105,85328,0.006104,13518,0.006103,30754,0.006102,23304,0.006101,64194,0.006100,36164,0.006099,22358,0.006109,11748,0.006110,19377,0.006111,3103,0.006112,20544,0.006113,16219,0.006114,21373,0.006115,46207,0.006116,46573,0.006117,51718,0.006118,52335
gate,bybit,VANRYUSDT,0.005684,0.006108,7.4595,1774056458347,0.005683,21058,0.005682,36713,0.005681,37866,0.00568,36779,0.005679,36779,0.005678,56779,0.005677,49918,0.005676,31600,0.005675,31600,0.005674,31600,0.005684,16403,0.005685,230613,0.005686,203512,0.005687,344659,0.005688,47555,0.005719,11600,0.00572,580,0.005732,5213,0.005735,5807,0.005736,5291,0.006108,1638,0.006107,1638,0.006106,10222,0.006105,85328,0.006104,13518,0.006103,30754,0.006102,23304,0.006101,64194,0.006100,36164,0.006099,22358,0.006109,11748,0.006110,19377,0.006111,3103,0.006112,20544,0.006113,16219,0.006114,21373,0.006115,46207,0.006116,46573,0.006117,51718,0.006118,52335
gate,bybit,VANRYUSDT,0.005684,0.006108,7.4595,1774056458648,0.005683,21058,0.005682,36713,0.005681,37866,0.00568,36779,0.005679,36779,0.005678,56779,0.005677,49918,0.005676,31600,0.005675,31600,0.005674,31600,0.005684,16403,0.005685,230613,0.005686,203512,0.005687,344659,0.005688,47555,0.005719,11600,0.00572,580,0.005732,5213,0.005735,5807,0.005736,5291,0.006108,1638,0.006107,1638,0.006106,10222,0.006105,85328,0.006104,13518,0.006103,30754,0.006102,23304,0.006101,64194,0.006100,36164,0.006099,22358,0.006109,11748,0.006110,19377,0.006111,3103,0.006112,20544,0.006113,16219,0.006114,21373,0.006115,46207,0.006116,46573,0.006117,51718,0.006118,52335
gate,bybit,VANRYUSDT,0.005684,0.006108,7.4595,1774056458948,0.005683,21058,0.005682,36713,0.005681,37866,0.00568,36779,0.005679,36779,0.005678,56779,0.005677,49918,0.005676,31600,0.005675,31600,0.005674,31600,0.005684,16403,0.005685,230613,0.005686,203512,0.005687,344659,0.005688,47555,0.005719,11600,0.00572,580,0.005732,5213,0.005735,5807,0.005736,5291,0.006108,1638,0.006107,1638,0.006106,10222,0.006105,85328,0.006104,13518,0.006103,30754,0.006102,23304,0.006101,64194,0.006100,36164,0.006099,22358,0.006109,11748,0.006110,19377,0.006111,3103,0.006112,20544,0.006113,16219,0.006114,21373,0.006115,46207,0.006116,46573,0.006117,51718,0.006118,52335
gate,bybit,VANRYUSDT,0.005684,0.006108,7.4595,1774056459248,0.005683,21058,0.005682,36713,0.005681,37866,0.00568,36779,0.005679,36779,0.005678,56779,0.005677,49918,0.005676,31600,0.005675,31600,0.005674,31600,0.005684,16403,0.005685,230613,0.005686,203512,0.005687,344659,0.005688,47555,0.005719,11600,0.00572,580,0.005732,5213,0.005735,5807,0.005736,5291,0.006108,1638,0.006107,1638,0.006106,10222,0.006105,85328,0.006104,13518,0.006103,30754,0.006102,23304,0.006101,64194,0.006100,36164,0.006099,22358,0.006109,11748,0.006110,19377,0.006111,3103,0.006112,20544,0.006113,16219,0.006114,21373,0.006115,46207,0.006116,46573,0.006117,51718,0.006118,52335
gate,bybit,VANRYUSDT,0.005684,0.006108,7.4595,1774056459548,0.005683,21058,0.005682,36713,0.005681,37866,0.00568,36779,0.005679,36779,0.005678,56779,0.005677,49918,0.005676,31600,0.005675,31600,0.005674,31600,0.005684,16403,0.005685,230613,0.005686,203512,0.005687,344659,0.005688,47555,0.005719,11600,0.00572,580,0.005732,5213,0.005735,5807,0.005736,5291,0.006108,1638,0.006107,1638,0.006106,5744,0.006105,85328,0.006104,13518,0.006103,30754,0.006102,23304,0.006101,64194,0.006100,36164,0.006099,22358,0.006109,11748,0.006110,19377,0.006111,3103,0.006112,20544,0.006113,16219,0.006114,21373,0.006115,46207,0.006116,46573,0.006117,51718,0.006118,52335
gate,bybit,VANRYUSDT,0.005684,0.006108,7.4595,1774056459848,0.005683,21058,0.005682,36713,0.005681,37866,0.00568,36779,0.005679,36779,0.005678,56779,0.005677,49918,0.005676,31600,0.005675,31600,0.005674,31600,0.005684,16403,0.005685,230613,0.005686,203512,0.005687,344659,0.005688,47555,0.005719,11600,0.00572,580,0.005732,5213,0.005735,5807,0.005736,5291,0.006108,6116,0.006107,1638,0.006106,5744,0.006105,85328,0.006104,13518,0.006103,30754,0.006102,23304,0.006101,64194,0.006100,36164,0.006099,22358,0.006109,11748,0.006110,19377,0.006111,1637,0.006112,20544,0.006113,16219,0.006114,21373,0.006115,46207,0.006116,46573,0.006117,51718,0.006118,52335
gate,bybit,VANRYUSDT,0.005684,0.006108,7.4595,1774056460148,0.005683,9458,0.005682,36713,0.005681,37866,0.00568,36779,0.005679,36779,0.005678,56779,0.005677,49918,0.005676,31600,0.005675,31600,0.005674,31600,0.005684,16403,0.005685,230613,0.005686,203512,0.005687,344659,0.005688,47555,0.005719,11600,0.00572,580,0.005732,5213,0.005735,5807,0.005736,5291,0.006108,6116,0.006107,1638,0.006106,5744,0.006105,85328,0.006104,13518,0.006103,30754,0.006102,23304,0.006101,64194,0.006100,36164,0.006099,22358,0.006109,11748,0.006110,19377,0.006111,1637,0.006112,20544,0.006113,16219,0.006114,21373,0.006115,46207,0.006116,46573,0.006117,51718,0.006118,52335
gate,bybit,VANRYUSDT,0.005684,0.006108,7.4595,1774056460448,0.005683,9458,0.005682,36713,0.005681,37866,0.00568,36779,0.005679,36779,0.005678,56779,0.005677,49918,0.005676,31600,0.005675,31600,0.005674,31600,0.005684,16403,0.005685,230613,0.005686,203512,0.005687,344659,0.005688,47555,0.005719,11600,0.00572,580,0.005732,5213,0.005735,5807,0.005736,5291,0.006108,6116,0.006107,1638,0.006106,5744,0.006105,85328,0.006104,13518,0.006103,30754,0.006102,23304,0.006101,64194,0.006100,36164,0.006099,22358,0.006109,11748,0.006110,19377,0.006111,1637,0.006112,20544,0.006113,16219,0.006114,21373,0.006115,46207,0.006116,46573,0.006117,51718,0.006118,52335
gate,bybit,VANRYUSDT,0.005684,0.006108,7.4595,1774056460748,0.005683,9458,0.005682,36713,0.005681,37866,0.00568,36779,0.005679,36779,0.005678,56779,0.005677,49918,0.005676,31600,0.005675,31600,0.005674,31600,0.005684,16403,0.005685,230613,0.005686,203512,0.005687,344659,0.005688,47555,0.005719,11600,0.00572,580,0.005732,5213,0.005735,5807,0.005736,5291,0.006108,6116,0.006107,1638,0.006106,5744,0.006105,85328,0.006104,13518,0.006103,30754,0.006102,23304,0.006101,64194,0.006100,36164,0.006099,22358,0.006109,11748,0.006110,19377,0.006111,1637,0.006112,20544,0.006113,16219,0.006114,21373,0.006115,46207,0.006116,46573,0.006117,51718,0.006118,52335
gate,bybit,VANRYUSDT,0.005684,0.006108,7.4595,1774056461048,0.005683,9458,0.005682,36713,0.005681,37866,0.00568,36779,0.005679,36779,0.005678,56779,0.005677,49918,0.005676,31600,0.005675,31600,0.005674,31600,0.005684,16403,0.005685,230613,0.005686,203512,0.005687,344659,0.005688,47555,0.005719,11600,0.00572,580,0.005732,5213,0.005735,5807,0.005736,5291,0.006108,6116,0.006107,1638,0.006106,5744,0.006105,85328,0.006104,13518,0.006103,30754,0.006102,23304,0.006101,64194,0.006100,36164,0.006099,22358,0.006109,11748,0.006110,19377,0.006111,1637,0.006112,20544,0.006113,16219,0.006114,21373,0.006115,46207,0.006116,46573,0.006117,51718,0.006118,52335
gate,bybit,VANRYUSDT,0.005684,0.006108,7.4595,1774056461349,0.005683,9458,0.005682,36713,0.005681,37866,0.00568,36779,0.005679,36779,0.005678,56779,0.005677,49918,0.005676,31600,0.005675,31600,0.005674,31600,0.005684,16403,0.005685,230613,0.005686,203512,0.005687,344659,0.005688,47555,0.005719,11600,0.00572,580,0.005732,5213,0.005735,5807,0.005736,5291,0.006108,6116,0.006107,1638,0.006106,5744,0.006105,85328,0.006104,22594,0.006103,30754,0.006102,23304,0.006101,64194,0.006100,36164,0.006099,22358,0.006109,11748,0.006110,19377,0.006111,1637,0.006112,20544,0.006113,16219,0.006114,21373,0.006115,46207,0.006116,46573,0.006117,51718,0.006118,52335
gate,bybit,VANRYUSDT,0.005684,0.006108,7.4595,1774056461649,0.005683,9458,0.005682,36713,0.005681,37866,0.00568,36779,0.005679,36779,0.005678,56779,0.005677,49918,0.005676,31600,0.005675,31600,0.005674,31600,0.005684,16403,0.005685,230613,0.005686,203512,0.005687,344659,0.005688,47555,0.005719,11600,0.00572,580,0.005732,5213,0.005735,5807,0.005736,5291,0.006108,6116,0.006107,1638,0.006106,5744,0.006105,85328,0.006104,22594,0.006103,30754,0.006102,23304,0.006101,64194,0.006100,36164,0.006099,22358,0.006109,11748,0.006110,19377,0.006111,1637,0.006112,20544,0.006113,16219,0.006114,21373,0.006115,46207,0.006116,46573,0.006117,51718,0.006118,52335
gate,bybit,VANRYUSDT,0.005684,0.006108,7.4595,1774056461949,0.005683,9458,0.005682,36713,0.005681,37866,0.00568,36779,0.005679,36779,0.005678,56779,0.005677,49918,0.005676,31600,0.005675,31600,0.005674,31600,0.005684,16403,0.005685,230613,0.005686,203512,0.005687,344659,0.005688,47555,0.005719,11600,0.00572,580,0.005732,5213,0.005735,5807,0.005736,5291,0.006108,6116,0.006107,1638,0.006106,5744,0.006105,85328,0.006104,22594,0.006103,30754,0.006102,23304,0.006101,64194,0.006100,36164,0.006099,22358,0.006109,11748,0.006110,19377,0.006111,1637,0.006112,20544,0.006113,16219,0.006114,21373,0.006115,46207,0.006116,46573,0.006117,51718,0.006118,52335
gate,bybit,VANRYUSDT,0.005684,0.006108,7.4595,1774056462249,0.005683,9458,0.005682,36713,0.005681,37866,0.00568,36779,0.005679,36779,0.005678,56779,0.005677,49918,0.005676,31600,0.005675,31600,0.005674,31600,0.005684,16403,0.005685,230613,0.005686,203512,0.005687,344659,0.005688,47555,0.005719,11600,0.00572,580,0.005732,5213,0.005735,5807,0.005736,5291,0.006108,6116,0.006107,1638,0.006106,5744,0.006105,85328,0.006104,22594,0.006103,30754,0.006102,23304,0.006101,64194,0.006100,36164,0.006099,22358,0.006109,11748,0.006110,19377,0.006111,1637,0.006112,20544,0.006113,16219,0.006114,21373,0.006115,46207,0.006116,46573,0.006117,51718,0.006118,52335
gate,bybit,VANRYUSDT,0.005684,0.006108,7.4595,1774056462549,0.005683,9458,0.005682,36713,0.005681,37866,0.00568,36779,0.005679,36779,0.005678,56779,0.005677,49918,0.005676,31600,0.005675,31600,0.005674,31600,0.005684,16403,0.005685,230613,0.005686,203512,0.005687,344659,0.005688,47555,0.005719,11600,0.00572,580,0.005732,5213,0.005735,5807,0.005736,5291,0.006108,6116,0.006107,1638,0.006106,5744,0.006105,85328,0.006104,22594,0.006103,30754,0.006102,23304,0.006101,64194,0.006100,36164,0.006099,22358,0.006109,11748,0.006110,19377,0.006111,1637,0.006112,20544,0.006113,16219,0.006114,21373,0.006115,46207,0.006116,46573,0.006117,51718,0.006118,52335
gate,bybit,VANRYUSDT,0.005684,0.006108,7.4595,1774056462849,0.005683,9458,0.005682,36713,0.005681,37866,0.00568,36779,0.005679,36779,0.005678,56779,0.005677,49918,0.005676,31600,0.005675,31600,0.005674,31600,0.005684,16403,0.005685,257146,0.005686,203512,0.005687,344659,0.005688,47555,0.005719,11600,0.00572,580,0.005732,5213,0.005735,5807,0.005736,5291,0.006108,6116,0.006107,1638,0.006106,5744,0.006105,85328,0.006104,22594,0.006103,30754,0.006102,23304,0.006101,64194,0.006100,36164,0.006099,22358,0.006109,11748,0.006110,19377,0.006111,1637,0.006112,20544,0.006113,16219,0.006114,21373,0.006115,46207,0.006116,46573,0.006117,51718,0.006118,52335
gate,bybit,VANRYUSDT,0.005684,0.006108,7.4595,1774056463149,0.005683,9458,0.005682,36713,0.005681,37866,0.00568,36779,0.005679,36779,0.005678,56779,0.005677,49918,0.005676,31600,0.005675,31600,0.005674,31600,0.005684,16403,0.005685,257146,0.005686,203512,0.005687,344659,0.005688,47555,0.005719,11600,0.00572,580,0.005732,5213,0.005735,5807,0.005736,5291,0.006108,6116,0.006107,1638,0.006106,5744,0.006105,85328,0.006104,22594,0.006103,30754,0.006102,23304,0.006101,64194,0.006100,36164,0.006099,22358,0.006109,11748,0.006110,19377,0.006111,1637,0.006112,20544,0.006113,16219,0.006114,21373,0.006115,46207,0.006116,46573,0.006117,51718,0.006118,52335
gate,bybit,VANRYUSDT,0.005684,0.006108,7.4595,1774056463450,0.005683,9458,0.005682,36713,0.005681,37866,0.00568,36779,0.005679,36779,0.005678,56779,0.005677,49918,0.005676,31600,0.005675,31600,0.005674,31600,0.005684,16403,0.005685,257146,0.005686,203512,0.005687,344659,0.005688,47555,0.005719,11600,0.00572,580,0.005732,5213,0.005735,5807,0.005736,5291,0.006108,6116,0.006107,1638,0.006106,5744,0.006105,85328,0.006104,22594,0.006103,30754,0.006102,23304,0.006101,64194,0.006100,36164,0.006099,22358,0.006109,11748,0.006110,19377,0.006111,1637,0.006112,20544,0.006113,16219,0.006114,21373,0.006115,46207,0.006116,46573,0.006117,51718,0.006118,52335
gate,bybit,VANRYUSDT,0.005684,0.006108,7.4595,1774056463750,0.005683,9458,0.005682,36713,0.005681,37866,0.00568,36779,0.005679,36779,0.005678,56779,0.005677,49918,0.005676,31600,0.005675,31600,0.005674,31600,0.005684,16403,0.005685,257146,0.005686,203512,0.005687,344659,0.005688,47555,0.005719,11600,0.00572,580,0.005732,5213,0.005735,5807,0.005736,5291,0.006108,22589,0.006107,1638,0.006106,5744,0.006105,85328,0.006104,22594,0.006103,30754,0.006102,23304,0.006101,64194,0.006100,36164,0.006099,22358,0.006109,11748,0.006110,19377,0.006111,1637,0.006112,20544,0.006113,16219,0.006114,21373,0.006115,46207,0.006116,46573,0.006117,51718,0.006118,52335
gate,bybit,VANRYUSDT,0.005685,0.006108,7.4406,1774056464051,0.005683,26538,0.005682,36713,0.005681,37866,0.00568,36779,0.005679,36779,0.005678,56779,0.005677,31600,0.005676,31600,0.005675,31600,0.005674,31600,0.005685,257146,0.005686,203512,0.005687,344659,0.005688,47555,0.005719,11600,0.00572,580,0.005732,5213,0.005735,5807,0.005736,5291,0.005741,15030,0.006108,22589,0.006107,3104,0.006106,7210,0.006105,85328,0.006104,22594,0.006103,30754,0.006102,23304,0.006101,64194,0.006100,36164,0.006099,22358,0.006109,3568,0.006110,19377,0.006111,1637,0.006112,20544,0.006113,16219,0.006114,21373,0.006115,46207,0.006116,46573,0.006117,51718,0.006118,52335
gate,bybit,VANRYUSDT,0.005685,0.006108,7.4406,1774056464351,0.005683,26538,0.005682,36713,0.005681,37866,0.00568,36779,0.005679,36779,0.005678,56779,0.005677,31600,0.005676,31600,0.005675,31600,0.005674,31600,0.005685,257146,0.005686,203512,0.005687,344659,0.005688,47555,0.005719,11600,0.00572,580,0.005732,5213,0.005735,5807,0.005736,5291,0.005741,15030,0.006108,22589,0.006107,3104,0.006106,7210,0.006105,85328,0.006104,22594,0.006103,30754,0.006102,23304,0.006101,64194,0.006100,36164,0.006099,22358,0.006109,3568,0.006110,19377,0.006111,1637,0.006112,20544,0.006113,16219,0.006114,21373,0.006115,46207,0.006116,46573,0.006117,51718,0.006118,52335
gate,bybit,VANRYUSDT,0.005685,0.006108,7.4406,1774056464651,0.005683,26538,0.005682,36713,0.005681,37866,0.00568,36779,0.005679,36779,0.005678,56779,0.005677,31600,0.005676,31600,0.005675,31600,0.005674,31600,0.005685,257146,0.005686,203512,0.005687,344659,0.005688,47555,0.005719,11600,0.00572,580,0.005732,5213,0.005735,5807,0.005736,5291,0.005741,15030,0.006108,22589,0.006107,3104,0.006106,7210,0.006105,85328,0.006104,22594,0.006103,30754,0.006102,23304,0.006101,64194,0.006100,36164,0.006099,22358,0.006109,3568,0.006110,19377,0.006111,1637,0.006112,20544,0.006113,16219,0.006114,21373,0.006115,46207,0.006116,46573,0.006117,51718,0.006118,52335
gate,bybit,VANRYUSDT,0.005684,0.006108,7.4595,1774056464951,0.005682,36713,0.005681,37866,0.00568,36779,0.005679,36779,0.005678,56779,0.005677,46503,0.005676,31600,0.005675,31600,0.005674,31600,0.005673,31600,0.005684,39967,0.005685,257146,0.005686,203512,0.005687,344659,0.005688,47555,0.005719,11600,0.00572,580,0.005732,5213,0.005735,5807,0.005736,5291,0.006108,6116,0.006107,1638,0.006106,5744,0.006105,85328,0.006104,22594,0.006103,30754,0.006102,23304,0.006101,64194,0.006100,36164,0.006099,22358,0.006109,11748,0.006110,19377,0.006111,1637,0.006112,20544,0.006113,16219,0.006114,21373,0.006115,46207,0.006116,46573,0.006117,51718,0.006118,52335
gate,bybit,VANRYUSDT,0.005684,0.006108,7.4595,1774056465251,0.005682,20617,0.005681,37866,0.00568,36779,0.005679,36779,0.005678,56779,0.005677,46503,0.005676,51655,0.005675,31600,0.005674,31600,0.005673,31600,0.005684,39967,0.005685,257146,0.005686,203512,0.005687,344659,0.005688,47555,0.005719,11600,0.00572,580,0.005732,5213,0.005735,5807,0.005736,5291,0.006108,8004,0.006107,1638,0.006106,5744,0.006105,85328,0.006104,22594,0.006103,30754,0.006102,23304,0.006101,64194,0.006100,36164,0.006099,22358,0.006109,11748,0.006110,19377,0.006111,1637,0.006112,20544,0.006113,16219,0.006114,21373,0.006115,46207,0.006116,46573,0.006117,51718,0.006118,52335
gate,bybit,VANRYUSDT,0.005684,0.006108,7.4595,1774056465551,0.005682,38288,0.005681,37866,0.00568,36779,0.005679,36779,0.005678,56779,0.005677,46503,0.005676,51655,0.005675,31600,0.005674,31600,0.005673,31600,0.005684,39967,0.005685,257146,0.005686,203512,0.005687,344659,0.005688,47555,0.005719,11600,0.00572,580,0.005732,5213,0.005735,5807,0.005736,5291,0.006108,6116,0.006107,1638,0.006106,5744,0.006105,85328,0.006104,22594,0.006103,30754,0.006102,23304,0.006101,64194,0.006100,36164,0.006099,22358,0.006109,11748,0.006110,19377,0.006111,1637,0.006112,20544,0.006113,16219,0.006114,21373,0.006115,46207,0.006116,46573,0.006117,51718,0.006118,52335
gate,bybit,VANRYUSDT,0.005684,0.006108,7.4595,1774056465851,0.005682,38288,0.005681,37866,0.00568,36779,0.005679,36779,0.005678,56779,0.005677,46503,0.005676,51655,0.005675,31600,0.005674,31600,0.005673,31600,0.005684,39967,0.005685,257146,0.005686,203512,0.005687,344659,0.005688,47555,0.005719,11600,0.00572,580,0.005732,5213,0.005735,5807,0.005736,5291,0.006108,6116,0.006107,1638,0.006106,5744,0.006105,85328,0.006104,22594,0.006103,30754,0.006102,23304,0.006101,64194,0.006100,36164,0.006099,22358,0.006109,11748,0.006110,19377,0.006111,1637,0.006112,20544,0.006113,16219,0.006114,21373,0.006115,46207,0.006116,46573,0.006117,51718,0.006118,52335
gate,bybit,VANRYUSDT,0.005684,0.006108,7.4595,1774056466152,0.005682,38288,0.005681,37866,0.00568,36779,0.005679,36779,0.005678,56779,0.005677,46503,0.005676,51655,0.005675,31600,0.005674,31600,0.005673,31600,0.005684,39967,0.005685,257146,0.005686,203512,0.005687,344659,0.005688,47555,0.005719,11600,0.00572,580,0.005732,5213,0.005735,5807,0.005736,5291,0.006108,6116,0.006107,1638,0.006106,5744,0.006105,85328,0.006104,22594,0.006103,30754,0.006102,23304,0.006101,64194,0.006100,36164,0.006099,22358,0.006109,11748,0.006110,19377,0.006111,1637,0.006112,20544,0.006113,16219,0.006114,21373,0.006115,46207,0.006116,46573,0.006117,51718,0.006118,52335
gate,bybit,VANRYUSDT,0.005684,0.006108,7.4595,1774056466452,0.005682,38288,0.005681,37866,0.00568,36779,0.005679,36779,0.005678,56779,0.005677,46503,0.005676,51655,0.005675,31600,0.005674,31600,0.005673,31600,0.005684,39967,0.005685,257146,0.005686,203512,0.005687,344659,0.005688,47555,0.005719,11600,0.00572,580,0.005732,5213,0.005735,5807,0.005736,5291,0.006108,6116,0.006107,1638,0.006106,5744,0.006105,85328,0.006104,22594,0.006103,30754,0.006102,23304,0.006101,64194,0.006100,36164,0.006099,22358,0.006109,11748,0.006110,19377,0.006111,1637,0.006112,20544,0.006113,16219,0.006114,21373,0.006115,46207,0.006116,46573,0.006117,51718,0.006118,52335
gate,bybit,VANRYUSDT,0.005684,0.006108,7.4595,1774056466752,0.005682,38288,0.005681,37866,0.00568,36779,0.005679,36779,0.005678,56779,0.005677,46503,0.005676,51655,0.005675,31600,0.005674,31600,0.005673,31600,0.005684,39967,0.005685,257146,0.005686,203512,0.005687,344659,0.005688,47555,0.005719,11600,0.00572,580,0.005732,5213,0.005735,5807,0.005736,5291,0.006108,6116,0.006107,1638,0.006106,5744,0.006105,85328,0.006104,22594,0.006103,30754,0.006102,23304,0.006101,64194,0.006100,36164,0.006099,22358,0.006109,11748,0.006110,19377,0.006111,1637,0.006112,20544,0.006113,16219,0.006114,21373,0.006115,46207,0.006116,46573,0.006117,51718,0.006118,52335
gate,bybit,VANRYUSDT,0.005684,0.006108,7.4595,1774056467053,0.005682,38288,0.005681,37866,0.00568,36779,0.005679,36779,0.005678,56779,0.005677,46503,0.005676,51655,0.005675,31600,0.005674,31600,0.005673,31600,0.005684,39967,0.005685,257146,0.005686,203512,0.005687,344659,0.005688,47555,0.005719,11600,0.00572,580,0.005732,5213,0.005735,5807,0.005736,5291,0.006108,6116,0.006107,1638,0.006106,5744,0.006105,102536,0.006104,22594,0.006103,30754,0.006102,23304,0.006101,64194,0.006100,36164,0.006099,22358,0.006109,11748,0.006110,19377,0.006111,1637,0.006112,20544,0.006113,16219,0.006114,21373,0.006115,46207,0.006116,46573,0.006117,51718,0.006118,52335
gate,bybit,VANRYUSDT,0.005684,0.006108,7.4595,1774056467353,0.005682,38288,0.005681,37866,0.00568,36779,0.005679,36779,0.005678,56779,0.005677,46503,0.005676,51655,0.005675,31600,0.005674,31600,0.005673,31600,0.005684,39967,0.005685,257146,0.005686,203512,0.005687,344659,0.005688,47555,0.005719,11600,0.00572,580,0.005732,5213,0.005735,5807,0.005736,5291,0.006108,6116,0.006107,1638,0.006106,5744,0.006105,102536,0.006104,22594,0.006103,30754,0.006102,23304,0.006101,64194,0.006100,36164,0.006099,22358,0.006109,11748,0.006110,19377,0.006111,1637,0.006112,20544,0.006113,16219,0.006114,21373,0.006115,46207,0.006116,46573,0.006117,51718,0.006118,52335
gate,bybit,VANRYUSDT,0.005684,0.006108,7.4595,1774056467653,0.005682,38288,0.005681,37866,0.00568,36779,0.005679,36779,0.005678,56779,0.005677,46503,0.005676,51655,0.005675,31600,0.005674,31600,0.005673,31600,0.005684,39967,0.005685,257146,0.005686,203512,0.005687,344659,0.005688,47555,0.005719,11600,0.00572,580,0.005732,5213,0.005735,5807,0.005736,5291,0.006108,6116,0.006107,1638,0.006106,5744,0.006105,102536,0.006104,22594,0.006103,30754,0.006102,23304,0.006101,64194,0.006100,36164,0.006099,22358,0.006109,11748,0.006110,19377,0.006111,1637,0.006112,20544,0.006113,16219,0.006114,21373,0.006115,46207,0.006116,46573,0.006117,51718,0.006118,52335
gate,bybit,VANRYUSDT,0.005684,0.006108,7.4595,1774056467953,0.005682,38288,0.005681,37866,0.00568,36779,0.005679,36779,0.005678,56779,0.005677,46503,0.005676,51655,0.005675,31600,0.005674,31600,0.005673,31600,0.005684,39967,0.005685,257146,0.005686,203512,0.005687,344659,0.005688,47555,0.005719,11600,0.00572,580,0.005732,5213,0.005735,5807,0.005736,5291,0.006108,6116,0.006107,1638,0.006106,5744,0.006105,102536,0.006104,22594,0.006103,30754,0.006102,23304,0.006101,64194,0.006100,36164,0.006099,22358,0.006109,12023,0.006110,19377,0.006111,1637,0.006112,20544,0.006113,16219,0.006114,21373,0.006115,46207,0.006116,46573,0.006117,51718,0.006118,52335
gate,bybit,VANRYUSDT,0.005684,0.006108,7.4595,1774056468254,0.005682,38288,0.005681,37866,0.00568,36779,0.005679,36779,0.005678,56779,0.005677,46503,0.005676,51655,0.005675,31600,0.005674,31600,0.005673,31600,0.005684,39967,0.005685,257146,0.005686,203512,0.005687,344659,0.005688,47555,0.005719,11600,0.00572,580,0.005732,5213,0.005735,5807,0.005736,5291,0.006108,6116,0.006107,1638,0.006106,5744,0.006105,102536,0.006104,22594,0.006103,30754,0.006102,23304,0.006101,64194,0.006100,36164,0.006099,22358,0.006109,12023,0.006110,19377,0.006111,1637,0.006112,20544,0.006113,16219,0.006114,21373,0.006115,46207,0.006116,46573,0.006117,51718,0.006118,52335
gate,bybit,VANRYUSDT,0.005684,0.006108,7.4595,1774056468554,0.005682,38288,0.005681,37866,0.00568,36779,0.005679,36779,0.005678,56779,0.005677,46503,0.005676,31600,0.005675,31600,0.005674,31600,0.005673,31600,0.005684,39967,0.005685,257146,0.005686,203512,0.005687,344659,0.005688,47555,0.005719,11600,0.00572,580,0.005732,5213,0.005735,5807,0.005736,5291,0.006108,6116,0.006107,1638,0.006106,5744,0.006105,102536,0.006104,22594,0.006103,30754,0.006102,23304,0.006101,64194,0.006100,36164,0.006099,22358,0.006109,12023,0.006110,19377,0.006111,1637,0.006112,20544,0.006113,16219,0.006114,21373,0.006115,46207,0.006116,46573,0.006117,51718,0.006118,52335
gate,bybit,VANRYUSDT,0.005684,0.006108,7.4595,1774056468854,0.005682,38288,0.005681,37866,0.00568,36779,0.005679,36779,0.005678,56779,0.005677,46503,0.005676,31600,0.005675,31600,0.005674,31600,0.005673,31600,0.005684,39967,0.005685,257146,0.005686,203512,0.005687,344659,0.005688,47555,0.005719,11600,0.00572,580,0.005732,5213,0.005735,5807,0.005736,5291,0.006108,6116,0.006107,1638,0.006106,5744,0.006105,102536,0.006104,22594,0.006103,30754,0.006102,23304,0.006101,64194,0.006100,36164,0.006099,22358,0.006109,12023,0.006110,19377,0.006111,1637,0.006112,20544,0.006113,16219,0.006114,21373,0.006115,46207,0.006116,46573,0.006117,51718,0.006118,52335
gate,bybit,VANRYUSDT,0.005684,0.006108,7.4595,1774056469155,0.005682,38288,0.005681,37866,0.00568,36779,0.005679,36779,0.005678,56779,0.005677,46503,0.005676,31600,0.005675,31600,0.005674,31600,0.005673,31600,0.005684,39967,0.005685,257146,0.005686,203512,0.005687,344659,0.005688,47555,0.005719,11600,0.00572,580,0.005732,5213,0.005735,5807,0.005736,5291,0.006108,6116,0.006107,1638,0.006106,5744,0.006105,102536,0.006104,22594,0.006103,30754,0.006102,23304,0.006101,64194,0.006100,36164,0.006099,22358,0.006109,12023,0.006110,19377,0.006111,1637,0.006112,20544,0.006113,16219,0.006114,21373,0.006115,46207,0.006116,46573,0.006117,51718,0.006118,52335
gate,bybit,VANRYUSDT,0.005684,0.006108,7.4595,1774056469455,0.005682,38288,0.005681,37866,0.00568,36779,0.005679,36779,0.005678,56779,0.005677,46503,0.005676,31600,0.005675,31600,0.005674,31600,0.005673,31600,0.005684,39967,0.005685,257146,0.005686,203512,0.005687,344659,0.005688,47555,0.005719,11600,0.00572,580,0.005732,5213,0.005735,5807,0.005736,5291,0.006108,6116,0.006107,1638,0.006106,5744,0.006105,102536,0.006104,22594,0.006103,30754,0.006102,23304,0.006101,64194,0.006100,36164,0.006099,22358,0.006109,12023,0.006110,19377,0.006111,1637,0.006112,20544,0.006113,16219,0.006114,21373,0.006115,46207,0.006116,46573,0.006117,51718,0.006118,52335
gate,bybit,VANRYUSDT,0.005684,0.006108,7.4595,1774056469755,0.005682,38288,0.005681,37866,0.00568,36779,0.005679,36779,0.005678,56779,0.005677,46503,0.005676,47009,0.005675,31600,0.005674,31600,0.005673,31600,0.005684,39967,0.005685,257146,0.005686,203512,0.005687,344659,0.005688,47555,0.005719,11600,0.00572,580,0.005732,5213,0.005735,5807,0.005736,5291,0.006108,6116,0.006107,1638,0.006106,5744,0.006105,102536,0.006104,22594,0.006103,30754,0.006102,23304,0.006101,64194,0.006100,36164,0.006099,22358,0.006109,12023,0.006110,19377,0.006111,1637,0.006112,20544,0.006113,16219,0.006114,21373,0.006115,46207,0.006116,46573,0.006117,51718,0.006118,52335
gate,bybit,VANRYUSDT,0.005684,0.006108,7.4595,1774056470055,0.005682,38288,0.005681,37866,0.00568,36779,0.005679,36779,0.005678,56779,0.005677,46503,0.005676,47009,0.005675,31600,0.005674,31600,0.005673,31600,0.005684,39967,0.005685,257146,0.005686,203512,0.005687,344659,0.005688,47555,0.005719,11600,0.00572,580,0.005732,5213,0.005735,5807,0.005736,5291,0.006108,6116,0.006107,1638,0.006106,5744,0.006105,102536,0.006104,22594,0.006103,30754,0.006102,23304,0.006101,64194,0.006100,36164,0.006099,22358,0.006109,12023,0.006110,19377,0.006111,1637,0.006112,20544,0.006113,16219,0.006114,21373,0.006115,46207,0.006116,46573,0.006117,51718,0.006118,52335
gate,bybit,VANRYUSDT,0.005684,0.006108,7.4595,1774056470355,0.005682,26688,0.005681,37866,0.00568,36779,0.005679,36779,0.005678,56779,0.005677,46503,0.005676,47009,0.005675,31600,0.005674,31600,0.005673,31600,0.005684,39967,0.005685,257146,0.005686,203512,0.005687,344659,0.005688,47555,0.005719,11600,0.00572,580,0.005732,5213,0.005735,5807,0.005736,5291,0.006108,6116,0.006107,1638,0.006106,5744,0.006105,102536,0.006104,22594,0.006103,30754,0.006102,23304,0.006101,64194,0.006100,36164,0.006099,22358,0.006109,12023,0.006110,19377,0.006111,1637,0.006112,20544,0.006113,16219,0.006114,21373,0.006115,46207,0.006116,46573,0.006117,51718,0.006118,52335
gate,bybit,VANRYUSDT,0.005684,0.006108,7.4595,1774056470656,0.005682,26688,0.005681,37866,0.00568,36779,0.005679,36779,0.005678,56779,0.005677,46503,0.005676,47009,0.005675,31600,0.005674,31600,0.005673,31600,0.005684,39967,0.005685,257146,0.005686,203512,0.005687,344659,0.005688,47555,0.005719,11600,0.00572,580,0.005732,5213,0.005735,5807,0.005736,5291,0.006108,6116,0.006107,1638,0.006106,5744,0.006105,102536,0.006104,22594,0.006103,30754,0.006102,23304,0.006101,64194,0.006100,36164,0.006099,22358,0.006109,11837,0.006110,19377,0.006111,1637,0.006112,20544,0.006113,16219,0.006114,31373,0.006115,46207,0.006116,46573,0.006117,51718,0.006118,52335
gate,bybit,VANRYUSDT,0.005684,0.006108,7.4595,1774056470956,0.005682,26688,0.005681,37866,0.00568,36779,0.005679,36779,0.005678,56779,0.005677,46503,0.005676,47009,0.005675,31600,0.005674,31600,0.005673,31600,0.005684,39967,0.005685,257146,0.005686,203512,0.005687,344659,0.005688,47555,0.005719,11600,0.00572,580,0.005732,5213,0.005735,5807,0.005736,5291,0.006108,6116,0.006107,1638,0.006106,5744,0.006105,102536,0.006104,22594,0.006103,30754,0.006102,23304,0.006101,64194,0.006100,36164,0.006099,22358,0.006109,11837,0.006110,19377,0.006111,1637,0.006112,20544,0.006113,16219,0.006114,31373,0.006115,46207,0.006116,46573,0.006117,51718,0.006118,52335
gate,bybit,VANRYUSDT,0.005684,0.006108,7.4595,1774056471256,0.005682,26688,0.005681,37866,0.00568,36779,0.005679,36779,0.005678,56779,0.005677,46503,0.005676,47009,0.005675,31600,0.005674,31600,0.005673,31600,0.005684,39967,0.005685,257146,0.005686,203512,0.005687,344659,0.005688,47555,0.005719,11600,0.00572,580,0.005732,5213,0.005735,5807,0.005736,5291,0.006108,6116,0.006107,1638,0.006106,5744,0.006105,102536,0.006104,22594,0.006103,30754,0.006102,23304,0.006101,64194,0.006100,36164,0.006099,22358,0.006109,11837,0.006110,19377,0.006111,1637,0.006112,20544,0.006113,16219,0.006114,31373,0.006115,46207,0.006116,46573,0.006117,51718,0.006118,52335
gate,bybit,VANRYUSDT,0.005684,0.006108,7.4595,1774056471556,0.005682,26688,0.005681,37866,0.00568,36779,0.005679,36779,0.005678,56779,0.005677,46503,0.005676,47009,0.005675,31600,0.005674,31600,0.005673,31600,0.005684,39967,0.005685,257146,0.005686,203512,0.005687,344659,0.005688,47555,0.005719,11600,0.00572,580,0.005732,5213,0.005735,5807,0.005736,5291,0.006108,6116,0.006107,1638,0.006106,5744,0.006105,102536,0.006104,22594,0.006103,30754,0.006102,23304,0.006101,64194,0.006100,36164,0.006099,22358,0.006109,11837,0.006110,19377,0.006111,1637,0.006112,20544,0.006113,16219,0.006114,31373,0.006115,46207,0.006116,46573,0.006117,51718,0.006118,52335
gate,bybit,VANRYUSDT,0.005684,0.006108,7.4595,1774056471856,0.005682,26688,0.005681,37866,0.00568,36779,0.005679,36779,0.005678,56779,0.005677,46503,0.005676,47009,0.005675,31600,0.005674,31600,0.005673,31600,0.005684,39967,0.005685,257146,0.005686,203512,0.005687,344659,0.005688,47555,0.005719,11600,0.00572,580,0.005732,5213,0.005735,5807,0.005736,5291,0.006108,6116,0.006107,1638,0.006106,5744,0.006105,102536,0.006104,22594,0.006103,30754,0.006102,23304,0.006101,64194,0.006100,36164,0.006099,22358,0.006109,11837,0.006110,19377,0.006111,1637,0.006112,20544,0.006113,16219,0.006114,31373,0.006115,46207,0.006116,46573,0.006117,51718,0.006118,52335
gate,bybit,VANRYUSDT,0.005684,0.006108,7.4595,1774056472156,0.005682,26688,0.005681,37866,0.00568,36779,0.005679,36779,0.005678,56779,0.005677,46503,0.005676,47009,0.005675,31600,0.005674,31600,0.005673,31600,0.005684,39967,0.005685,257146,0.005686,203512,0.005687,344659,0.005688,47555,0.005719,11600,0.00572,580,0.005732,5213,0.005735,5807,0.005736,5291,0.006108,6116,0.006107,1638,0.006106,5744,0.006105,102536,0.006104,22594,0.006103,30754,0.006102,23304,0.006101,64194,0.006100,36164,0.006099,22358,0.006109,11837,0.006110,19377,0.006111,1637,0.006112,20544,0.006113,16219,0.006114,31373,0.006115,46207,0.006116,46573,0.006117,51718,0.006118,52335
gate,bybit,VANRYUSDT,0.005684,0.006108,7.4595,1774056472456,0.005682,26688,0.005681,37866,0.00568,36779,0.005679,36779,0.005678,56779,0.005677,46503,0.005676,47009,0.005675,31600,0.005674,31600,0.005673,31600,0.005684,39967,0.005685,257146,0.005686,203512,0.005687,344659,0.005688,47555,0.005719,11600,0.00572,580,0.005732,5213,0.005735,5807,0.005736,5291,0.006108,6116,0.006107,1638,0.006106,5744,0.006105,102536,0.006104,22594,0.006103,30754,0.006102,23304,0.006101,64194,0.006100,36164,0.006099,22358,0.006109,11837,0.006110,19377,0.006111,1637,0.006112,20544,0.006113,16219,0.006114,31373,0.006115,46207,0.006116,46573,0.006117,51718,0.006118,52335
gate,bybit,VANRYUSDT,0.005684,0.006108,7.4595,1774056472757,0.005682,26688,0.005681,37866,0.00568,36779,0.005679,36779,0.005678,56779,0.005677,46503,0.005676,47009,0.005675,31600,0.005674,31600,0.005673,31600,0.005684,39967,0.005685,257146,0.005686,203512,0.005687,344659,0.005688,47555,0.005719,11600,0.00572,580,0.005732,5213,0.005735,5807,0.005736,5291,0.006108,6116,0.006107,1638,0.006106,5744,0.006105,102536,0.006104,22594,0.006103,30754,0.006102,23304,0.006101,64194,0.006100,36164,0.006099,22358,0.006109,11837,0.006110,19377,0.006111,1637,0.006112,20544,0.006113,16219,0.006114,31373,0.006115,46207,0.006116,46573,0.006117,51718,0.006118,52335
gate,bybit,VANRYUSDT,0.005684,0.006108,7.4595,1774056473059,0.005682,26688,0.005681,37866,0.00568,36779,0.005679,36779,0.005678,56779,0.005677,46503,0.005676,47009,0.005675,31600,0.005674,31600,0.005673,31600,0.005684,39967,0.005685,257146,0.005686,203512,0.005687,344659,0.005688,47555,0.005719,11600,0.00572,580,0.005732,5213,0.005735,5807,0.005736,5291,0.006108,6116,0.006107,1638,0.006106,5744,0.006105,102536,0.006104,22594,0.006103,30754,0.006102,23304,0.006101,64194,0.006100,36164,0.006099,22358,0.006109,11795,0.006110,19377,0.006111,1637,0.006112,20544,0.006113,16219,0.006114,31373,0.006115,46207,0.006116,46573,0.006117,51718,0.006118,52335
gate,bybit,VANRYUSDT,0.005684,0.006108,7.4595,1774056473359,0.005682,26688,0.005681,37866,0.00568,36779,0.005679,36779,0.005678,56779,0.005677,46503,0.005676,47009,0.005675,31600,0.005674,31600,0.005673,31600,0.005684,39967,0.005685,257146,0.005686,203512,0.005687,344659,0.005688,47555,0.005719,11600,0.00572,580,0.005732,5213,0.005735,5807,0.005736,5291,0.006108,6116,0.006107,1638,0.006106,5744,0.006105,102536,0.006104,22594,0.006103,30754,0.006102,23304,0.006101,64194,0.006100,36164,0.006099,22358,0.006109,11795,0.006110,19377,0.006111,1637,0.006112,20544,0.006113,16219,0.006114,31373,0.006115,46207,0.006116,46573,0.006117,51718,0.006118,52335
gate,bybit,VANRYUSDT,0.005684,0.006108,7.4595,1774056473659,0.005682,26688,0.005681,37866,0.00568,36779,0.005679,36779,0.005678,56779,0.005677,46503,0.005676,47009,0.005675,31600,0.005674,31600,0.005673,31600,0.005684,39967,0.005685,257146,0.005686,203512,0.005687,344659,0.005688,47555,0.005719,11600,0.00572,580,0.005732,5213,0.005735,5807,0.005736,5291,0.006108,6116,0.006107,1638,0.006106,5744,0.006105,102536,0.006104,22594,0.006103,30754,0.006102,23304,0.006101,64194,0.006100,36164,0.006099,22358,0.006109,11795,0.006110,19377,0.006111,1637,0.006112,20544,0.006113,16219,0.006114,31373,0.006115,46207,0.006116,46573,0.006117,51718,0.006118,52335
gate,bybit,VANRYUSDT,0.005684,0.006108,7.4595,1774056473959,0.005682,26688,0.005681,37866,0.00568,36779,0.005679,36779,0.005678,56779,0.005677,46503,0.005676,47009,0.005675,31600,0.005674,31600,0.005673,31600,0.005684,39967,0.005685,257146,0.005686,203512,0.005687,344659,0.005688,47555,0.005719,11600,0.00572,580,0.005732,5213,0.005735,5807,0.005736,5291,0.006108,6116,0.006107,1638,0.006106,5744,0.006105,102536,0.006104,22594,0.006103,30754,0.006102,23304,0.006101,64194,0.006100,36164,0.006099,22358,0.006109,11795,0.006110,19377,0.006111,1637,0.006112,20544,0.006113,16219,0.006114,31373,0.006115,46207,0.006116,46573,0.006117,51718,0.006118,52335
gate,bybit,VANRYUSDT,0.005684,0.006108,7.4595,1774056474259,0.005682,18300,0.005681,37866,0.00568,36779,0.005679,36779,0.005678,56779,0.005677,46503,0.005676,47009,0.005675,31600,0.005674,31600,0.005673,31600,0.005684,39967,0.005685,412599,0.005686,203512,0.005687,344659,0.005688,47555,0.005719,11600,0.00572,580,0.005732,5213,0.005735,5807,0.005736,5291,0.006108,7606,0.006107,3104,0.006106,7210,0.006105,102536,0.006104,22594,0.006103,30754,0.006102,23304,0.006101,64194,0.006100,36164,0.006099,22358,0.006109,3615,0.006110,19377,0.006111,1637,0.006112,20544,0.006113,16219,0.006114,31373,0.006115,46207,0.006116,46573,0.006117,51718,0.006118,52335
gate,bybit,VANRYUSDT,0.005684,0.006108,7.4595,1774056474560,0.005682,29900,0.005681,37866,0.00568,36779,0.005679,36779,0.005678,56779,0.005677,56708,0.005676,31600,0.005675,31600,0.005674,31600,0.005673,31600,0.005684,19354,0.005685,412599,0.005686,203512,0.005687,344659,0.005688,47555,0.005719,11600,0.00572,580,0.005732,5213,0.005735,5807,0.005736,5291,0.006108,6116,0.006107,1638,0.006106,7210,0.006105,102536,0.006104,22594,0.006103,30754,0.006102,23304,0.006101,64194,0.006100,36164,0.006099,22358,0.006109,3615,0.006110,19377,0.006111,1637,0.006112,20544,0.006113,16219,0.006114,31373,0.006115,46207,0.006116,46573,0.006117,51718,0.006118,52335
gate,bybit,VANRYUSDT,0.005684,0.006108,7.4595,1774056474860,0.005682,29900,0.005681,37866,0.00568,36779,0.005679,36779,0.005678,56779,0.005677,56708,0.005676,31600,0.005675,31600,0.005674,31600,0.005673,31600,0.005684,19354,0.005685,412599,0.005686,203512,0.005687,344659,0.005688,47555,0.005719,11600,0.00572,580,0.005732,5213,0.005735,5807,0.005736,5291,0.006108,6116,0.006107,1638,0.006106,7210,0.006105,102536,0.006104,22594,0.006103,30754,0.006102,23304,0.006101,64194,0.006100,36164,0.006099,22358,0.006109,3615,0.006110,19377,0.006111,1637,0.006112,20544,0.006113,16219,0.006114,31373,0.006115,46207,0.006116,46573,0.006117,51718,0.006118,52335
gate,bybit,VANRYUSDT,0.005684,0.006108,7.4595,1774056475160,0.005682,18300,0.005681,37866,0.00568,36779,0.005679,36779,0.005678,56779,0.005677,56708,0.005676,31600,0.005675,31600,0.005674,31600,0.005673,31600,0.005684,19354,0.005685,412599,0.005686,203512,0.005687,344659,0.005688,47555,0.005719,11600,0.00572,580,0.005732,5213,0.005735,5807,0.005736,5291,0.006108,6116,0.006107,1638,0.006106,5744,0.006105,102536,0.006104,22594,0.006103,30754,0.006102,23304,0.006101,64194,0.006100,36164,0.006099,22358,0.006109,11795,0.006110,19377,0.006111,1637,0.006112,20544,0.006113,16219,0.006114,31373,0.006115,46207,0.006116,46573,0.006117,51718,0.006118,52335
gate,bybit,VANRYUSDT,0.005684,0.006108,7.4595,1774056475460,0.005682,18300,0.005681,37866,0.00568,36779,0.005679,36779,0.005678,56779,0.005677,56708,0.005676,31600,0.005675,31600,0.005674,31600,0.005673,31600,0.005684,19354,0.005685,412599,0.005686,203512,0.005687,344659,0.005688,47555,0.005719,11600,0.00572,580,0.005732,5213,0.005735,5807,0.005736,5291,0.006108,6116,0.006107,1638,0.006106,5744,0.006105,102536,0.006104,22594,0.006103,30754,0.006102,23304,0.006101,64194,0.006100,36164,0.006099,22358,0.006109,11795,0.006110,19377,0.006111,1637,0.006112,20544,0.006113,16219,0.006114,31373,0.006115,46207,0.006116,46573,0.006117,51718,0.006118,52335
gate,bybit,VANRYUSDT,0.005684,0.006108,7.4595,1774056475760,0.005682,18829,0.005681,37866,0.00568,36779,0.005679,36779,0.005678,56779,0.005677,56708,0.005676,31600,0.005675,31600,0.005674,31600,0.005673,31600,0.005684,39354,0.005685,412599,0.005686,203512,0.005687,344659,0.005688,47555,0.005719,11600,0.00572,580,0.005732,5213,0.005735,5807,0.005736,5291,0.006108,6116,0.006107,1638,0.006106,5744,0.006105,102536,0.006104,22594,0.006103,30754,0.006102,23304,0.006101,64194,0.006100,36164,0.006099,22358,0.006109,11795,0.006110,19377,0.006111,1637,0.006112,20544,0.006113,16219,0.006114,31373,0.006115,46207,0.006116,46573,0.006117,51718,0.006118,52335
gate,bybit,VANRYUSDT,0.005684,0.006108,7.4595,1774056476060,0.005682,18829,0.005681,37866,0.00568,36779,0.005679,36779,0.005678,56779,0.005677,56708,0.005676,31600,0.005675,31600,0.005674,31600,0.005673,31600,0.005684,39354,0.005685,412599,0.005686,203512,0.005687,344659,0.005688,47555,0.005719,11600,0.00572,580,0.005732,5213,0.005735,5807,0.005736,5291,0.006108,6116,0.006107,1638,0.006106,5744,0.006105,102536,0.006104,22594,0.006103,30754,0.006102,23304,0.006101,64194,0.006100,36164,0.006099,22358,0.006109,11795,0.006110,19377,0.006111,1637,0.006112,20544,0.006113,16219,0.006114,31373,0.006115,46207,0.006116,46573,0.006117,51718,0.006118,52335
gate,bybit,VANRYUSDT,0.005684,0.006108,7.4595,1774056476360,0.005682,18829,0.005681,37866,0.00568,36779,0.005679,36779,0.005678,56779,0.005677,56708,0.005676,31600,0.005675,31600,0.005674,31600,0.005673,31600,0.005684,39354,0.005685,412599,0.005686,203512,0.005687,344659,0.005688,47555,0.005719,11600,0.00572,580,0.005732,5213,0.005735,5807,0.005736,5291,0.006108,6116,0.006107,1638,0.006106,5744,0.006105,102536,0.006104,22594,0.006103,30754,0.006102,23304,0.006101,64194,0.006100,36164,0.006099,22358,0.006109,11795,0.006110,19377,0.006111,1637,0.006112,20544,0.006113,16219,0.006114,31373,0.006115,46207,0.006116,46573,0.006117,51718,0.006118,52335
gate,bybit,VANRYUSDT,0.005684,0.006108,7.4595,1774056476660,0.005682,17374,0.005681,37866,0.00568,36779,0.005679,36779,0.005678,56779,0.005677,56708,0.005676,31600,0.005675,31600,0.005674,31600,0.005673,31600,0.005684,39354,0.005685,412599,0.005686,203512,0.005687,344659,0.005688,47555,0.005719,11600,0.00572,580,0.005732,5213,0.005735,5807,0.005736,5291,0.006108,6116,0.006107,1638,0.006106,5744,0.006105,102536,0.006104,22594,0.006103,30754,0.006102,23304,0.006101,64194,0.006100,36164,0.006099,22358,0.006109,11795,0.006110,19377,0.006111,3103,0.006112,20544,0.006113,16219,0.006114,31373,0.006115,46207,0.006116,46573,0.006117,51718,0.006118,52335
gate,bybit,VANRYUSDT,0.005684,0.006108,7.4595,1774056476967,0.005682,17374,0.005681,37866,0.00568,36779,0.005679,36779,0.005678,56779,0.005677,56708,0.005676,31600,0.005675,31600,0.005674,31600,0.005673,31600,0.005684,39354,0.005685,412599,0.005686,203512,0.005687,344659,0.005688,47555,0.005719,11600,0.00572,580,0.005732,5213,0.005735,5807,0.005736,5291,0.006108,6116,0.006107,1638,0.006106,5744,0.006105,102536,0.006104,22594,0.006103,30754,0.006102,23304,0.006101,64194,0.006100,36164,0.006099,22358,0.006109,11795,0.006110,19377,0.006111,3103,0.006112,20544,0.006113,16219,0.006114,31373,0.006115,46207,0.006116,46573,0.006117,51718,0.006118,52335
gate,bybit,VANRYUSDT,0.005684,0.006108,7.4595,1774056477268,0.005682,17374,0.005681,37866,0.00568,36779,0.005679,36779,0.005678,56779,0.005677,56708,0.005676,31600,0.005675,31600,0.005674,31600,0.005673,31600,0.005684,39354,0.005685,412599,0.005686,203512,0.005687,344659,0.005688,47555,0.005719,11600,0.00572,580,0.005732,5213,0.005735,5807,0.005736,5291,0.006108,6116,0.006107,1638,0.006106,5744,0.006105,102536,0.006104,22594,0.006103,30754,0.006102,23304,0.006101,64194,0.006100,36164,0.006099,22358,0.006109,11795,0.006110,19377,0.006111,3103,0.006112,20544,0.006113,16219,0.006114,31373,0.006115,46207,0.006116,46573,0.006117,51718,0.006118,52335
gate,bybit,VANRYUSDT,0.005684,0.006108,7.4595,1774056477568,0.005682,17374,0.005681,37866,0.00568,36779,0.005679,36779,0.005678,56779,0.005677,56708,0.005676,31600,0.005675,31600,0.005674,31600,0.005673,31600,0.005684,39354,0.005685,412599,0.005686,203512,0.005687,344659,0.005688,47555,0.005719,11600,0.00572,580,0.005732,5213,0.005735,5807,0.005736,5291,0.006108,6116,0.006107,1638,0.006106,5744,0.006105,102536,0.006104,22594,0.006103,30754,0.006102,23304,0.006101,64194,0.006100,36164,0.006099,22358,0.006109,11795,0.006110,19377,0.006111,3103,0.006112,20544,0.006113,16219,0.006114,31373,0.006115,46207,0.006116,46573,0.006117,51718,0.006118,52335
gate,bybit,VANRYUSDT,0.005684,0.006108,7.4595,1774056477868,0.005682,17374,0.005681,37866,0.00568,36779,0.005679,36779,0.005678,56779,0.005677,56708,0.005676,31600,0.005675,31600,0.005674,31600,0.005673,31600,0.005684,39354,0.005685,412599,0.005686,203512,0.005687,344659,0.005688,47555,0.005719,11600,0.00572,580,0.005732,5213,0.005735,5807,0.005736,5291,0.006108,6116,0.006107,1638,0.006106,5744,0.006105,102536,0.006104,22594,0.006103,30754,0.006102,23304,0.006101,64194,0.006100,36164,0.006099,22358,0.006109,11795,0.006110,19377,0.006111,3103,0.006112,20544,0.006113,16219,0.006114,31373,0.006115,46207,0.006116,46573,0.006117,51718,0.006118,52335
gate,bybit,VANRYUSDT,0.005684,0.006108,7.4595,1774056478168,0.005682,17374,0.005681,37866,0.00568,36779,0.005679,36779,0.005678,56779,0.005677,56708,0.005676,31600,0.005675,31600,0.005674,31600,0.005673,31600,0.005684,39354,0.005685,412599,0.005686,203512,0.005687,344659,0.005688,47555,0.005719,11600,0.00572,580,0.005732,5213,0.005735,5807,0.005736,5291,0.006108,6116,0.006107,1638,0.006106,5744,0.006105,102536,0.006104,22594,0.006103,30754,0.006102,23304,0.006101,64194,0.006100,36164,0.006099,22358,0.006109,11828,0.006110,19377,0.006111,3103,0.006112,20544,0.006113,16219,0.006114,31373,0.006115,46207,0.006116,46573,0.006117,51718,0.006118,52335
gate,bybit,VANRYUSDT,0.005684,0.006108,7.4595,1774056478470,0.005682,17374,0.005681,37866,0.00568,36779,0.005679,36779,0.005678,56779,0.005677,56708,0.005676,31600,0.005675,31600,0.005674,31600,0.005673,31600,0.005684,39354,0.005685,412599,0.005686,203512,0.005687,344659,0.005688,47555,0.005719,11600,0.00572,580,0.005732,5213,0.005735,5807,0.005736,5291,0.006108,6116,0.006107,1638,0.006106,5744,0.006105,102536,0.006104,22594,0.006103,30754,0.006102,23304,0.006101,64194,0.006100,36164,0.006099,22358,0.006109,11828,0.006110,19377,0.006111,3103,0.006112,20544,0.006113,16219,0.006114,31373,0.006115,46207,0.006116,46573,0.006117,51718,0.006118,52335
gate,bybit,VANRYUSDT,0.005684,0.006108,7.4595,1774056478770,0.005682,17374,0.005681,37866,0.00568,36779,0.005679,36779,0.005678,56779,0.005677,56708,0.005676,31600,0.005675,31600,0.005674,31600,0.005673,31600,0.005684,39354,0.005685,412599,0.005686,203512,0.005687,344659,0.005688,47555,0.005719,11600,0.00572,580,0.005732,5213,0.005735,5807,0.005736,5291,0.006108,6116,0.006107,1638,0.006106,5744,0.006105,102536,0.006104,22594,0.006103,30754,0.006102,23304,0.006101,64194,0.006100,36164,0.006099,22358,0.006109,11828,0.006110,19377,0.006111,3103,0.006112,20544,0.006113,16219,0.006114,31373,0.006115,46207,0.006116,46573,0.006117,51718,0.006118,52335
gate,bybit,VANRYUSDT,0.005684,0.006108,7.4595,1774056479070,0.005682,17374,0.005681,37866,0.00568,36779,0.005679,36779,0.005678,56779,0.005677,56708,0.005676,31600,0.005675,31600,0.005674,31600,0.005673,31600,0.005684,39354,0.005685,412599,0.005686,203512,0.005687,344659,0.005688,47555,0.005719,11600,0.00572,580,0.005732,5213,0.005735,5807,0.005736,5291,0.006108,6116,0.006107,1638,0.006106,5744,0.006105,102536,0.006104,22594,0.006103,30754,0.006102,23304,0.006101,64194,0.006100,36164,0.006099,22358,0.006109,11828,0.006110,19377,0.006111,3103,0.006112,20544,0.006113,16219,0.006114,31373,0.006115,46207,0.006116,46573,0.006117,51718,0.006118,52335
gate,bybit,VANRYUSDT,0.005684,0.006108,7.4595,1774056479371,0.005682,17374,0.005681,37866,0.00568,36779,0.005679,36779,0.005678,56779,0.005677,56708,0.005676,31600,0.005675,31600,0.005674,31600,0.005673,31600,0.005684,39354,0.005685,412599,0.005686,203512,0.005687,344659,0.005688,47555,0.005719,11600,0.00572,580,0.005732,5213,0.005735,5807,0.005736,5291,0.006108,6116,0.006107,1638,0.006106,5744,0.006105,102536,0.006104,22594,0.006103,30754,0.006102,23304,0.006101,64194,0.006100,36164,0.006099,22358,0.006109,11828,0.006110,19377,0.006111,3103,0.006112,20544,0.006113,16219,0.006114,31373,0.006115,46207,0.006116,46573,0.006117,51718,0.006118,52335
gate,bybit,VANRYUSDT,0.005684,0.006108,7.4595,1774056479671,0.005682,17374,0.005681,37866,0.00568,36779,0.005679,36779,0.005678,56779,0.005677,56708,0.005676,31600,0.005675,31600,0.005674,31600,0.005673,31600,0.005684,39354,0.005685,412599,0.005686,203512,0.005687,344659,0.005688,47555,0.005719,11600,0.00572,580,0.005732,5213,0.005735,5807,0.005736,5291,0.006108,6116,0.006107,1638,0.006106,5744,0.006105,102536,0.006104,22594,0.006103,30754,0.006102,23304,0.006101,64194,0.006100,36164,0.006099,22358,0.006109,11828,0.006110,19377,0.006111,3103,0.006112,20544,0.006113,16219,0.006114,31373,0.006115,46207,0.006116,46573,0.006117,51718,0.006118,52335
gate,bybit,VANRYUSDT,0.005684,0.006108,7.4595,1774056479971,0.005682,17374,0.005681,37866,0.00568,36779,0.005679,36779,0.005678,56779,0.005677,56708,0.005676,31600,0.005675,31600,0.005674,31600,0.005673,31600,0.005684,39354,0.005685,412599,0.005686,203512,0.005687,344659,0.005688,47555,0.005719,11600,0.00572,580,0.005732,5213,0.005735,5807,0.005736,5291,0.006108,6116,0.006107,1638,0.006106,5744,0.006105,102536,0.006104,22594,0.006103,30754,0.006102,23304,0.006101,64194,0.006100,36164,0.006099,22358,0.006109,11828,0.006110,19377,0.006111,3103,0.006112,20544,0.006113,16219,0.006114,31373,0.006115,46207,0.006116,46573,0.006117,51718,0.006118,52335
gate,bybit,VANRYUSDT,0.005684,0.006108,7.4595,1774056480277,0.005682,17374,0.005681,37866,0.00568,36779,0.005679,36779,0.005678,56779,0.005677,56708,0.005676,31600,0.005675,31600,0.005674,31600,0.005673,31600,0.005684,39354,0.005685,412599,0.005686,203512,0.005687,344659,0.005688,47555,0.005719,11600,0.00572,580,0.005732,5213,0.005735,5807,0.005736,5291,0.006108,6116,0.006107,1638,0.006106,5744,0.006105,102536,0.006104,22594,0.006103,30754,0.006102,23304,0.006101,64194,0.006100,36164,0.006099,22358,0.006109,11828,0.006110,19377,0.006111,3103,0.006112,20544,0.006113,16219,0.006114,31373,0.006115,46207,0.006116,46573,0.006117,51718,0.006118,52335
gate,bybit,VANRYUSDT,0.005684,0.006108,7.4595,1774056480577,0.005682,17374,0.005681,37866,0.00568,36779,0.005679,36779,0.005678,56779,0.005677,56708,0.005676,31600,0.005675,31600,0.005674,31600,0.005673,31600,0.005684,39354,0.005685,412599,0.005686,203512,0.005687,344659,0.005688,47555,0.005719,11600,0.00572,580,0.005732,5213,0.005735,5807,0.005736,5291,0.006108,6116,0.006107,1638,0.006106,5744,0.006105,102536,0.006104,22594,0.006103,30754,0.006102,23304,0.006101,64194,0.006100,36164,0.006099,22358,0.006109,11828,0.006110,19377,0.006111,1637,0.006112,20544,0.006113,16219,0.006114,31373,0.006115,46207,0.006116,46573,0.006117,51718,0.006118,52335
gate,bybit,VANRYUSDT,0.005684,0.006108,7.4595,1774056480887,0.005682,17374,0.005681,37866,0.00568,36779,0.005679,36779,0.005678,56779,0.005677,56708,0.005676,31600,0.005675,31600,0.005674,31600,0.005673,31600,0.005684,39354,0.005685,412599,0.005686,203512,0.005687,344659,0.005688,47555,0.005719,11600,0.00572,580,0.005732,5213,0.005735,5807,0.005736,5291,0.006108,6116,0.006107,1638,0.006106,5744,0.006105,102536,0.006104,22594,0.006103,30754,0.006102,23304,0.006101,64194,0.006100,36164,0.006099,22358,0.006109,11893,0.006110,19377,0.006111,1637,0.006112,20544,0.006113,16219,0.006114,31373,0.006115,46207,0.006116,46573,0.006117,51718,0.006118,52335
gate,bybit,VANRYUSDT,0.005684,0.006108,7.4595,1774056481187,0.005682,17374,0.005681,37866,0.00568,36779,0.005679,36779,0.005678,56779,0.005677,56708,0.005676,31600,0.005675,31600,0.005674,31600,0.005673,31600,0.005684,39354,0.005685,412599,0.005686,203512,0.005687,344659,0.005688,47555,0.005719,11600,0.00572,580,0.005732,5213,0.005735,5807,0.005736,5291,0.006108,6116,0.006107,1638,0.006106,5744,0.006105,102536,0.006104,22594,0.006103,30754,0.006102,23304,0.006101,64194,0.006100,36164,0.006099,22358,0.006109,11893,0.006110,19377,0.006111,1637,0.006112,20544,0.006113,16219,0.006114,31373,0.006115,46207,0.006116,46573,0.006117,51718,0.006118,52335
gate,bybit,VANRYUSDT,0.005684,0.006108,7.4595,1774056481488,0.005682,17374,0.005681,37866,0.00568,36779,0.005679,36779,0.005678,56779,0.005677,56708,0.005676,31600,0.005675,31600,0.005674,31600,0.005673,31600,0.005684,39354,0.005685,412599,0.005686,203512,0.005687,344659,0.005688,47555,0.005719,11600,0.00572,580,0.005732,5213,0.005735,5807,0.005736,5291,0.006108,6116,0.006107,1638,0.006106,5744,0.006105,102536,0.006104,22594,0.006103,30754,0.006102,23304,0.006101,64194,0.006100,36164,0.006099,22358,0.006109,11893,0.006110,19377,0.006111,1637,0.006112,20544,0.006113,16219,0.006114,31373,0.006115,46207,0.006116,46573,0.006117,51718,0.006118,52335
gate,bybit,VANRYUSDT,0.005684,0.006108,7.4595,1774056481788,0.005682,17374,0.005681,37866,0.00568,36779,0.005679,36779,0.005678,56779,0.005677,56708,0.005676,31600,0.005675,31600,0.005674,31600,0.005673,31600,0.005684,39354,0.005685,412599,0.005686,203512,0.005687,344659,0.005688,47555,0.005719,11600,0.00572,580,0.005732,5213,0.005735,5807,0.005736,5291,0.006108,6116,0.006107,3104,0.006106,7210,0.006105,102536,0.006104,22594,0.006103,30754,0.006102,23304,0.006101,64194,0.006100,36164,0.006099,22358,0.006109,263,0.006110,19377,0.006111,1637,0.006112,20544,0.006113,16219,0.006114,31373,0.006115,46207,0.006116,46573,0.006117,51718,0.006118,52335
gate,bybit,VANRYUSDT,0.005684,0.006108,7.4595,1774056482089,0.005682,17374,0.005681,37866,0.00568,36779,0.005679,36779,0.005678,56779,0.005677,56708,0.005676,31600,0.005675,31600,0.005674,31600,0.005673,31600,0.005684,39354,0.005685,412599,0.005686,203512,0.005687,344659,0.005688,47555,0.005719,11600,0.00572,580,0.005732,5213,0.005735,5807,0.005736,5291,0.006108,2958,0.006107,1638,0.006106,7210,0.006105,102536,0.006104,22594,0.006103,30754,0.006102,23304,0.006101,64194,0.006100,36164,0.006099,22358,0.006109,11601,0.006110,19377,0.006111,1637,0.006112,20544,0.006113,16219,0.006114,31373,0.006115,46207,0.006116,46573,0.006117,51718,0.006118,52335
gate,bybit,VANRYUSDT,0.005684,0.006108,7.4595,1774056482389,0.005682,17374,0.005681,37866,0.00568,36779,0.005679,36779,0.005678,56779,0.005677,56708,0.005676,31600,0.005675,31600,0.005674,31600,0.005673,31600,0.005684,39354,0.005685,412599,0.005686,203512,0.005687,344659,0.005688,47555,0.005719,11600,0.00572,580,0.005732,5213,0.005735,5807,0.005736,5291,0.006108,2958,0.006107,1638,0.006106,7210,0.006105,102536,0.006104,22594,0.006103,30754,0.006102,23304,0.006101,64194,0.006100,36164,0.006099,22358,0.006109,11601,0.006110,19377,0.006111,1637,0.006112,20544,0.006113,16219,0.006114,31373,0.006115,46207,0.006116,46573,0.006117,51718,0.006118,52335
gate,bybit,VANRYUSDT,0.005684,0.006108,7.4595,1774056482689,0.005682,17374,0.005681,37866,0.00568,36779,0.005679,36779,0.005678,56779,0.005677,56708,0.005676,31600,0.005675,31600,0.005674,31600,0.005673,31600,0.005684,39354,0.005685,412599,0.005686,203512,0.005687,344659,0.005688,47555,0.005719,11600,0.00572,580,0.005732,5213,0.005735,5807,0.005736,5291,0.006108,2958,0.006107,1638,0.006106,7210,0.006105,102536,0.006104,22594,0.006103,30754,0.006102,23304,0.006101,64194,0.006100,36164,0.006099,22358,0.006109,11601,0.006110,19377,0.006111,1637,0.006112,20544,0.006113,16219,0.006114,31373,0.006115,46207,0.006116,46573,0.006117,51718,0.006118,52335
gate,bybit,VANRYUSDT,0.005684,0.006108,7.4595,1774056482989,0.005682,17374,0.005681,37866,0.00568,36779,0.005679,36779,0.005678,56779,0.005677,56708,0.005676,31600,0.005675,31600,0.005674,31600,0.005673,31600,0.005684,39354,0.005685,412599,0.005686,203512,0.005687,344659,0.005688,47555,0.005719,11600,0.00572,580,0.005732,5213,0.005735,5807,0.005736,5291,0.006108,2958,0.006107,1638,0.006106,7210,0.006105,102536,0.006104,22594,0.006103,30754,0.006102,23304,0.006101,64194,0.006100,36164,0.006099,22358,0.006109,11601,0.006110,19377,0.006111,1637,0.006112,20544,0.006113,16219,0.006114,31373,0.006115,46207,0.006116,46573,0.006117,51718,0.006118,52335
gate,bybit,VANRYUSDT,0.005684,0.006108,7.4595,1774056483289,0.005682,17374,0.005681,37866,0.00568,36779,0.005679,36779,0.005678,56779,0.005677,56708,0.005676,31600,0.005675,31600,0.005674,31600,0.005673,31600,0.005684,39354,0.005685,412598,0.005686,203512,0.005687,344659,0.005688,47555,0.005719,11600,0.00572,580,0.005732,5213,0.005735,5807,0.005736,5291,0.006108,2958,0.006107,1638,0.006106,7210,0.006105,102536,0.006104,22594,0.006103,30754,0.006102,23304,0.006101,64194,0.006100,36164,0.006099,22358,0.006109,12161,0.006110,19377,0.006111,1637,0.006112,20544,0.006113,16219,0.006114,31373,0.006115,46207,0.006116,46573,0.006117,51718,0.006118,52335
gate,bybit,VANRYUSDT,0.005684,0.006108,7.4595,1774056483589,0.005682,17374,0.005681,37866,0.00568,36779,0.005679,36779,0.005678,56779,0.005677,56708,0.005676,31600,0.005675,31600,0.005674,31600,0.005673,31600,0.005684,39354,0.005685,412598,0.005686,203512,0.005687,344659,0.005688,47555,0.005719,11600,0.00572,580,0.005732,5213,0.005735,5807,0.005736,5291,0.006108,2958,0.006107,1638,0.006106,7210,0.006105,102536,0.006104,22594,0.006103,30754,0.006102,23304,0.006101,64194,0.006100,36164,0.006099,22358,0.006109,12161,0.006110,19377,0.006111,1637,0.006112,20544,0.006113,16219,0.006114,31373,0.006115,46207,0.006116,46573,0.006117,51718,0.006118,52335
gate,bybit,VANRYUSDT,0.005684,0.006108,7.4595,1774056483889,0.005682,17374,0.005681,37866,0.00568,36779,0.005679,36779,0.005678,56779,0.005677,56708,0.005676,31600,0.005675,31600,0.005674,31600,0.005673,31600,0.005684,39354,0.005685,412598,0.005686,203512,0.005687,344659,0.005688,47555,0.005719,11600,0.00572,580,0.005732,5213,0.005735,5807,0.005736,5291,0.006108,2958,0.006107,1638,0.006106,7210,0.006105,102536,0.006104,22594,0.006103,30754,0.006102,23304,0.006101,64194,0.006100,36164,0.006099,22358,0.006109,12161,0.006110,19377,0.006111,1637,0.006112,20544,0.006113,16219,0.006114,31373,0.006115,46207,0.006116,46573,0.006117,51718,0.006118,52335
gate,bybit,VANRYUSDT,0.005684,0.006108,7.4595,1774056484190,0.005682,17374,0.005681,37866,0.00568,36779,0.005679,36779,0.005678,56779,0.005677,56708,0.005676,31600,0.005675,31600,0.005674,31600,0.005673,31600,0.005684,39354,0.005685,412598,0.005686,203512,0.005687,344659,0.005688,47555,0.005719,11600,0.00572,580,0.005732,5213,0.005735,5807,0.005736,5291,0.006108,2958,0.006107,1638,0.006106,7210,0.006105,102536,0.006104,22594,0.006103,30754,0.006102,23304,0.006101,64194,0.006100,36164,0.006099,22358,0.006109,12161,0.006110,19377,0.006111,1637,0.006112,20544,0.006113,16219,0.006114,31373,0.006115,46207,0.006116,46573,0.006117,51718,0.006118,52335
gate,bybit,VANRYUSDT,0.005684,0.006108,7.4595,1774056484490,0.005682,17374,0.005681,37866,0.00568,36779,0.005679,36779,0.005678,56779,0.005677,56708,0.005676,31600,0.005675,31600,0.005674,31600,0.005673,31600,0.005684,39354,0.005685,412598,0.005686,203512,0.005687,344659,0.005688,47555,0.005719,11600,0.00572,580,0.005732,5213,0.005735,5807,0.005736,5291,0.006108,2958,0.006107,1638,0.006106,7210,0.006105,102536,0.006104,22594,0.006103,30754,0.006102,23304,0.006101,64194,0.006100,36164,0.006099,22358,0.006109,12161,0.006110,19377,0.006111,1637,0.006112,20544,0.006113,16219,0.006114,31373,0.006115,46207,0.006116,46573,0.006117,51718,0.006118,52335
gate,bybit,VANRYUSDT,0.005684,0.006108,7.4595,1774056484790,0.005682,17374,0.005681,37866,0.00568,36779,0.005679,36779,0.005678,56779,0.005677,56708,0.005676,31600,0.005675,31600,0.005674,31600,0.005673,31600,0.005684,39354,0.005685,412598,0.005686,203512,0.005687,344659,0.005688,47555,0.005719,11600,0.00572,580,0.005732,5213,0.005735,5807,0.005736,5291,0.006108,2958,0.006107,1638,0.006106,7210,0.006105,102536,0.006104,22594,0.006103,30754,0.006102,23304,0.006101,64194,0.006100,36164,0.006099,22358,0.006109,12161,0.006110,19377,0.006111,1637,0.006112,20544,0.006113,16219,0.006114,31373,0.006115,46207,0.006116,46573,0.006117,51718,0.006118,52335
gate,bybit,VANRYUSDT,0.005684,0.006108,7.4595,1774056485091,0.005682,17374,0.005681,37866,0.00568,36779,0.005679,36779,0.005678,56779,0.005677,56708,0.005676,31600,0.005675,31600,0.005674,31600,0.005673,31600,0.005684,39354,0.005685,412598,0.005686,203512,0.005687,344659,0.005688,47555,0.005719,11600,0.00572,580,0.005732,5213,0.005735,5807,0.005736,5291,0.006108,2958,0.006107,1638,0.006106,7210,0.006105,102536,0.006104,22594,0.006103,30754,0.006102,23304,0.006101,64194,0.006100,36164,0.006099,22358,0.006109,12161,0.006110,19377,0.006111,1637,0.006112,20544,0.006113,16219,0.006114,31373,0.006115,46207,0.006116,46573,0.006117,51718,0.006118,52335
gate,bybit,VANRYUSDT,0.005684,0.006108,7.4595,1774056485391,0.005682,17374,0.005681,37866,0.00568,36779,0.005679,36779,0.005678,56779,0.005677,56708,0.005676,31600,0.005675,31600,0.005674,31600,0.005673,31600,0.005684,39354,0.005685,412598,0.005686,203512,0.005687,344659,0.005688,47555,0.005719,11600,0.00572,580,0.005732,5213,0.005735,5807,0.005736,5291,0.006108,2958,0.006107,1638,0.006106,7210,0.006105,102536,0.006104,22594,0.006103,30754,0.006102,23304,0.006101,64194,0.006100,36164,0.006099,22358,0.006109,12161,0.006110,19377,0.006111,1637,0.006112,20544,0.006113,16219,0.006114,31373,0.006115,46207,0.006116,46573,0.006117,51718,0.006118,52335
gate,bybit,VANRYUSDT,0.005684,0.006108,7.4595,1774056485691,0.005682,17374,0.005681,37866,0.00568,36779,0.005679,36779,0.005678,56779,0.005677,56708,0.005676,31600,0.005675,31600,0.005674,31600,0.005673,31600,0.005684,39354,0.005685,412598,0.005686,203512,0.005687,344659,0.005688,47555,0.005719,11600,0.00572,580,0.005732,5213,0.005735,5807,0.005736,5291,0.006108,2958,0.006107,1638,0.006106,7210,0.006105,102536,0.006104,22594,0.006103,30754,0.006102,23304,0.006101,64194,0.006100,36164,0.006099,22358,0.006109,12161,0.006110,19377,0.006111,1637,0.006112,20544,0.006113,16219,0.006114,31373,0.006115,46207,0.006116,46573,0.006117,51718,0.006118,52335
gate,bybit,VANRYUSDT,0.005684,0.006108,7.4595,1774056485992,0.005682,17374,0.005681,37866,0.00568,36779,0.005679,36779,0.005678,56779,0.005677,56708,0.005676,31600,0.005675,31600,0.005674,31600,0.005673,31600,0.005684,39354,0.005685,412598,0.005686,203512,0.005687,344659,0.005688,47555,0.005719,11600,0.00572,580,0.005732,5213,0.005735,5807,0.005736,5291,0.006108,2958,0.006107,1638,0.006106,7210,0.006105,102536,0.006104,22594,0.006103,30754,0.006102,23304,0.006101,64194,0.006100,36164,0.006099,22358,0.006109,12161,0.006110,19377,0.006111,1637,0.006112,20544,0.006113,16219,0.006114,31373,0.006115,46207,0.006116,46573,0.006117,51718,0.006118,52335
gate,bybit,VANRYUSDT,0.005684,0.006108,7.4595,1774056486292,0.005682,17374,0.005681,37866,0.00568,36779,0.005679,36779,0.005678,56779,0.005677,56708,0.005676,31600,0.005675,31600,0.005674,31600,0.005673,31600,0.005684,39354,0.005685,412598,0.005686,203512,0.005687,344659,0.005688,47555,0.005719,11600,0.00572,580,0.005732,5213,0.005735,5807,0.005736,5291,0.006108,2958,0.006107,1638,0.006106,7210,0.006105,102536,0.006104,22594,0.006103,30754,0.006102,23304,0.006101,64194,0.006100,36164,0.006099,22358,0.006109,12161,0.006110,19377,0.006111,1637,0.006112,20544,0.006113,16219,0.006114,31373,0.006115,46207,0.006116,46573,0.006117,51718,0.006118,52335
gate,bybit,VANRYUSDT,0.005684,0.006108,7.4595,1774056486592,0.005682,17374,0.005681,37866,0.00568,36779,0.005679,36779,0.005678,56779,0.005677,56708,0.005676,31600,0.005675,31600,0.005674,31600,0.005673,31600,0.005684,39354,0.005685,412598,0.005686,203512,0.005687,344659,0.005688,47555,0.005719,11600,0.00572,580,0.005732,5213,0.005735,5807,0.005736,5291,0.006108,2958,0.006107,1638,0.006106,7210,0.006105,102536,0.006104,22594,0.006103,30754,0.006102,23304,0.006101,64194,0.006100,36164,0.006099,22358,0.006109,12161,0.006110,19377,0.006111,1637,0.006112,20544,0.006113,16219,0.006114,31373,0.006115,46207,0.006116,46573,0.006117,51718,0.006118,52335
gate,bybit,VANRYUSDT,0.005684,0.006108,7.4595,1774056486892,0.005682,17374,0.005681,37866,0.00568,36779,0.005679,36779,0.005678,56779,0.005677,56708,0.005676,31600,0.005675,31600,0.005674,31600,0.005673,31600,0.005684,39354,0.005685,412598,0.005686,203512,0.005687,344659,0.005688,47555,0.005719,11600,0.00572,580,0.005732,5213,0.005735,5807,0.005736,5291,0.006108,2958,0.006107,1638,0.006106,7210,0.006105,102536,0.006104,22594,0.006103,30754,0.006102,23304,0.006101,64194,0.006100,36164,0.006099,22358,0.006109,12161,0.006110,19377,0.006111,1637,0.006112,20544,0.006113,16219,0.006114,31373,0.006115,46207,0.006116,46573,0.006117,51718,0.006118,52335
