spot_exch,fut_exch,symbol,ask_spot,bid_futures,spread_pct,ts,s_b1,s_b2,s_b3,s_b4,s_b5,s_b6,s_b7,s_b8,s_b9,s_b10,s_bq1,s_bq2,s_bq3,s_bq4,s_bq5,s_bq6,s_bq7,s_bq8,s_bq9,s_bq10,s_a1,s_a2,s_a3,s_a4,s_a5,s_a6,s_a7,s_a8,s_a9,s_a10,s_aq1,s_aq2,s_aq3,s_aq4,s_aq5,s_aq6,s_aq7,s_aq8,s_aq9,s_aq10,f_b1,f_b2,f_b3,f_b4,f_b5,f_b6,f_b7,f_b8,f_b9,f_b10,f_bq1,f_bq2,f_bq3,f_bq4,f_bq5,f_bq6,f_bq7,f_bq8,f_bq9,f_bq10,f_a1,f_a2,f_a3,f_a4,f_a5,f_a6,f_a7,f_a8,f_a9,f_a10,f_aq1,f_aq2,f_aq3,f_aq4,f_aq5,f_aq6,f_aq7,f_aq8,f_aq9,f_aq10
binance,gate,FUNUSDT,0.00140600,0.03174,2157.468,1774116669360,0.00140500,5259.00000000,0.00140300,414349.00000000,0.00140200,1234010.00000000,0.00140100,736509.00000000,0.00140000,371632.00000000,0.00139900,77339.00000000,0.00139800,723128.00000000,0.00139700,67773.00000000,0.00139600,301400.00000000,0.00139500,531324.00000000,0.00140600,355204.00000000,0.00140700,241119.00000000,0.00140800,1250185.00000000,0.00140900,80166.00000000,0.00141000,1194838.00000000,0.00141100,295426.00000000,0.00141200,629182.00000000,0.00141300,354934.00000000,0.00141400,198647.00000000,0.00141500,287127.00000000,0.03172,15,0.03171,157,0.03169,15,0.03168,103,0.03163,15,0.03162,104,0.03159,10,0.03158,15,0.03157,103,0.03152,15,0.03181,14,0.03182,84,0.03183,104,0.03185,14,0.03186,103,0.03188,15,0.03189,103,0.03191,14,0.03194,104,0.03196,14
binance,gate,FUNUSDT,0.00140600,0.03172,2156.0455,1774116669808,0.00140500,5259.00000000,0.00140300,414349.00000000,0.00140200,1234010.00000000,0.00140100,736509.00000000,0.00140000,371632.00000000,0.00139900,77339.00000000,0.00139800,723128.00000000,0.00139700,67773.00000000,0.00139600,301400.00000000,0.00139500,531324.00000000,0.00140600,355204.00000000,0.00140700,241119.00000000,0.00140800,1250185.00000000,0.00140900,80166.00000000,0.00141000,1194838.00000000,0.00141100,295426.00000000,0.00141200,629182.00000000,0.00141300,354934.00000000,0.00141400,198647.00000000,0.00141500,287127.00000000,0.03172,15,0.03171,157,0.03169,15,0.03168,103,0.03163,15,0.03162,104,0.03159,10,0.03158,15,0.03157,103,0.03152,15,0.03181,14,0.03182,84,0.03183,104,0.03185,14,0.03186,103,0.03188,15,0.03189,103,0.03191,14,0.03194,104,0.03196,14
binance,gate,FUNUSDT,0.00140600,0.03173,2156.7568,1774116670133,0.00140500,5259.00000000,0.00140300,414349.00000000,0.00140200,1234010.00000000,0.00140100,736509.00000000,0.00140000,371632.00000000,0.00139900,77339.00000000,0.00139800,723128.00000000,0.00139700,67773.00000000,0.00139600,301400.00000000,0.00139500,531324.00000000,0.00140600,355204.00000000,0.00140700,241119.00000000,0.00140800,1250185.00000000,0.00140900,80166.00000000,0.00141000,1194838.00000000,0.00141100,295426.00000000,0.00141200,629182.00000000,0.00141300,354934.00000000,0.00141400,198647.00000000,0.00141500,287127.00000000,0.03172,15,0.03171,157,0.03169,15,0.03168,103,0.03163,15,0.03162,104,0.03159,10,0.03158,15,0.03157,103,0.03152,15,0.03181,14,0.03182,84,0.03183,104,0.03185,14,0.03186,103,0.03188,15,0.03189,103,0.03191,14,0.03194,104,0.03196,14
binance,gate,FUNUSDT,0.00140600,0.03173,2156.7568,1774116670448,0.00140500,5259.00000000,0.00140300,414349.00000000,0.00140200,1234010.00000000,0.00140100,736509.00000000,0.00140000,371632.00000000,0.00139900,77339.00000000,0.00139800,723128.00000000,0.00139700,67773.00000000,0.00139600,301400.00000000,0.00139500,531324.00000000,0.00140600,355204.00000000,0.00140700,241119.00000000,0.00140800,1250185.00000000,0.00140900,80166.00000000,0.00141000,1194838.00000000,0.00141100,295426.00000000,0.00141200,629182.00000000,0.00141300,354934.00000000,0.00141400,198647.00000000,0.00141500,287127.00000000,0.03172,15,0.03171,157,0.03169,15,0.03168,103,0.03163,15,0.03162,104,0.03159,10,0.03158,15,0.03157,103,0.03152,15,0.03181,14,0.03182,84,0.03183,104,0.03185,14,0.03186,103,0.03188,15,0.03189,103,0.03191,14,0.03194,104,0.03196,14
binance,gate,FUNUSDT,0.00140600,0.03172,2156.0455,1774116670764,0.00140500,5259.00000000,0.00140300,414349.00000000,0.00140200,1234010.00000000,0.00140100,736509.00000000,0.00140000,371632.00000000,0.00139900,77339.00000000,0.00139800,723128.00000000,0.00139700,67773.00000000,0.00139600,1072315.00000000,0.00139500,531324.00000000,0.00140600,355204.00000000,0.00140700,241119.00000000,0.00140800,1250185.00000000,0.00140900,80166.00000000,0.00141000,1194838.00000000,0.00141100,295426.00000000,0.00141200,629182.00000000,0.00141300,354934.00000000,0.00141400,198647.00000000,0.00141500,287127.00000000,0.03172,15,0.03171,103,0.03169,69,0.03168,103,0.03163,15,0.03162,104,0.03159,10,0.03158,15,0.03157,103,0.03153,10,0.0318,14,0.03181,83,0.03182,15,0.03183,104,0.03185,14,0.03186,103,0.03188,15,0.03189,103,0.03191,14,0.03194,104
binance,gate,FUNUSDT,0.00140600,0.03172,2156.0455,1774116671081,0.00140500,5259.00000000,0.00140300,414349.00000000,0.00140200,1234010.00000000,0.00140100,736509.00000000,0.00140000,371632.00000000,0.00139900,77339.00000000,0.00139800,723128.00000000,0.00139700,67773.00000000,0.00139600,1072315.00000000,0.00139500,531324.00000000,0.00140600,355204.00000000,0.00140700,241119.00000000,0.00140800,1250185.00000000,0.00140900,80166.00000000,0.00141000,1194838.00000000,0.00141100,295426.00000000,0.00141200,629182.00000000,0.00141300,354934.00000000,0.00141400,198647.00000000,0.00141500,287127.00000000,0.03172,15,0.03171,103,0.03169,69,0.03168,103,0.03163,15,0.03162,104,0.03159,10,0.03158,15,0.03157,103,0.03153,10,0.0318,14,0.03181,83,0.03182,15,0.03183,104,0.03185,14,0.03186,103,0.03188,15,0.03189,103,0.03191,14,0.03194,104
binance,gate,FUNUSDT,0.00140600,0.03172,2156.0455,1774116671406,0.00140500,5259.00000000,0.00140300,414349.00000000,0.00140200,1234010.00000000,0.00140100,736509.00000000,0.00140000,371632.00000000,0.00139900,77339.00000000,0.00139800,723128.00000000,0.00139700,67773.00000000,0.00139600,1072315.00000000,0.00139500,531324.00000000,0.00140600,355204.00000000,0.00140700,241119.00000000,0.00140800,1250185.00000000,0.00140900,80166.00000000,0.00141000,1194838.00000000,0.00141100,295426.00000000,0.00141200,629182.00000000,0.00141300,354934.00000000,0.00141400,198647.00000000,0.00141500,287127.00000000,0.03172,15,0.03171,103,0.03169,69,0.03168,103,0.03163,15,0.03162,104,0.03159,10,0.03158,15,0.03157,103,0.03153,10,0.0318,14,0.03181,83,0.03182,15,0.03183,104,0.03185,14,0.03186,103,0.03188,15,0.03189,103,0.03191,14,0.03194,104
binance,gate,FUNUSDT,0.00140600,0.03172,2156.0455,1774116671730,0.00140500,5259.00000000,0.00140300,414349.00000000,0.00140200,1234010.00000000,0.00140100,736509.00000000,0.00140000,371632.00000000,0.00139900,77339.00000000,0.00139800,723128.00000000,0.00139700,67773.00000000,0.00139600,1072315.00000000,0.00139500,531324.00000000,0.00140600,355204.00000000,0.00140700,241119.00000000,0.00140800,1250185.00000000,0.00140900,80166.00000000,0.00141000,1194838.00000000,0.00141100,295426.00000000,0.00141200,629182.00000000,0.00141300,354934.00000000,0.00141400,198647.00000000,0.00141500,287127.00000000,0.03172,15,0.03171,103,0.03169,69,0.03168,103,0.03163,15,0.03162,104,0.03159,10,0.03158,15,0.03157,103,0.03153,10,0.0318,14,0.03181,83,0.03182,15,0.03183,104,0.03185,14,0.03186,103,0.03188,15,0.03189,103,0.03191,14,0.03194,104
binance,gate,FUNUSDT,0.00140600,0.03172,2156.0455,1774116672068,0.00140500,5259.00000000,0.00140300,414349.00000000,0.00140200,1234010.00000000,0.00140100,736509.00000000,0.00140000,371632.00000000,0.00139900,77339.00000000,0.00139800,723128.00000000,0.00139700,67773.00000000,0.00139600,1072315.00000000,0.00139500,531324.00000000,0.00140600,355204.00000000,0.00140700,241119.00000000,0.00140800,1250185.00000000,0.00140900,80166.00000000,0.00141000,1194838.00000000,0.00141100,295426.00000000,0.00141200,629182.00000000,0.00141300,354934.00000000,0.00141400,198647.00000000,0.00141500,287127.00000000,0.03172,15,0.03171,103,0.03169,69,0.03168,103,0.03163,15,0.03162,104,0.03159,10,0.03158,15,0.03157,103,0.03153,24,0.0318,14,0.03181,83,0.03182,15,0.03183,104,0.03185,14,0.03186,103,0.03188,15,0.03189,103,0.03191,14,0.03194,104
binance,gate,FUNUSDT,0.00140600,0.03172,2156.0455,1774116672407,0.00140500,5259.00000000,0.00140300,414349.00000000,0.00140200,1234010.00000000,0.00140100,736509.00000000,0.00140000,371632.00000000,0.00139900,77339.00000000,0.00139800,723128.00000000,0.00139700,67773.00000000,0.00139600,1072315.00000000,0.00139500,531324.00000000,0.00140600,355204.00000000,0.00140700,241119.00000000,0.00140800,1250185.00000000,0.00140900,80166.00000000,0.00141000,1194838.00000000,0.00141100,295426.00000000,0.00141200,629182.00000000,0.00141300,354934.00000000,0.00141400,198647.00000000,0.00141500,287127.00000000,0.03172,15,0.03171,103,0.03169,69,0.03168,103,0.03163,15,0.03162,104,0.03159,10,0.03158,15,0.03157,103,0.03153,24,0.0318,14,0.03181,83,0.03182,15,0.03183,104,0.03185,14,0.03186,103,0.03188,15,0.03189,103,0.03191,14,0.03194,104
binance,gate,FUNUSDT,0.00140600,0.03172,2156.0455,1774116672757,0.00140500,5259.00000000,0.00140300,414349.00000000,0.00140200,1234010.00000000,0.00140100,736509.00000000,0.00140000,371632.00000000,0.00139900,77339.00000000,0.00139800,723128.00000000,0.00139700,67773.00000000,0.00139600,1072315.00000000,0.00139500,531324.00000000,0.00140600,355204.00000000,0.00140700,241119.00000000,0.00140800,1250185.00000000,0.00140900,80166.00000000,0.00141000,1194838.00000000,0.00141100,295426.00000000,0.00141200,629182.00000000,0.00141300,354934.00000000,0.00141400,198647.00000000,0.00141500,287127.00000000,0.03172,15,0.03171,103,0.03169,69,0.03168,103,0.03163,15,0.03162,104,0.03159,10,0.03158,15,0.03157,103,0.03153,24,0.0318,14,0.03181,83,0.03182,15,0.03183,104,0.03185,14,0.03186,103,0.03188,15,0.03189,103,0.03191,14,0.03194,104
binance,gate,FUNUSDT,0.00140600,0.03173,2156.7568,1774116673100,0.00140500,5259.00000000,0.00140300,414349.00000000,0.00140200,1234010.00000000,0.00140100,736509.00000000,0.00140000,371632.00000000,0.00139900,77339.00000000,0.00139800,723128.00000000,0.00139700,67773.00000000,0.00139600,1072315.00000000,0.00139500,531324.00000000,0.00140600,355204.00000000,0.00140700,241119.00000000,0.00140800,1250185.00000000,0.00140900,80166.00000000,0.00141000,1194838.00000000,0.00141100,295426.00000000,0.00141200,629182.00000000,0.00141300,354934.00000000,0.00141400,198647.00000000,0.00141500,287127.00000000,0.03172,15,0.03171,103,0.03169,69,0.03168,103,0.03163,15,0.03162,104,0.03159,10,0.03158,15,0.03157,103,0.03153,24,0.0318,14,0.03181,83,0.03182,15,0.03183,104,0.03185,14,0.03186,103,0.03188,15,0.03189,103,0.03191,14,0.03194,104
binance,gate,FUNUSDT,0.00140600,0.03172,2156.0455,1774116673421,0.00140500,5259.00000000,0.00140300,414349.00000000,0.00140200,1234010.00000000,0.00140100,736509.00000000,0.00140000,371632.00000000,0.00139900,77339.00000000,0.00139800,723128.00000000,0.00139700,67773.00000000,0.00139600,1072315.00000000,0.00139500,531324.00000000,0.00140600,355204.00000000,0.00140700,241119.00000000,0.00140800,1250185.00000000,0.00140900,80166.00000000,0.00141000,1194838.00000000,0.00141100,295426.00000000,0.00141200,629182.00000000,0.00141300,354934.00000000,0.00141400,198647.00000000,0.00141500,287127.00000000,0.03172,15,0.03171,103,0.03169,69,0.03168,103,0.03163,15,0.03162,104,0.03159,10,0.03158,15,0.03157,103,0.03153,24,0.0318,14,0.03181,83,0.03182,15,0.03183,104,0.03185,14,0.03186,103,0.03188,15,0.03189,103,0.03191,14,0.03194,104
binance,gate,FUNUSDT,0.00140600,0.03172,2156.0455,1774116673748,0.00140500,5259.00000000,0.00140300,414349.00000000,0.00140200,1234010.00000000,0.00140100,736509.00000000,0.00140000,371632.00000000,0.00139900,77339.00000000,0.00139800,723128.00000000,0.00139700,67773.00000000,0.00139600,1072315.00000000,0.00139500,531324.00000000,0.00140600,355204.00000000,0.00140700,241119.00000000,0.00140800,1250185.00000000,0.00140900,80166.00000000,0.00141000,1194838.00000000,0.00141100,295426.00000000,0.00141200,629182.00000000,0.00141300,354934.00000000,0.00141400,198647.00000000,0.00141500,287127.00000000,0.03172,15,0.03171,103,0.03169,69,0.03168,103,0.03163,15,0.03162,104,0.03159,10,0.03158,15,0.03157,103,0.03153,24,0.0318,14,0.03181,83,0.03182,15,0.03183,104,0.03185,14,0.03186,103,0.03188,15,0.03189,103,0.03191,14,0.03194,104
binance,gate,FUNUSDT,0.00140600,0.03172,2156.0455,1774116674116,0.00140500,5259.00000000,0.00140300,414349.00000000,0.00140200,1234010.00000000,0.00140100,736509.00000000,0.00140000,371632.00000000,0.00139900,77339.00000000,0.00139800,723128.00000000,0.00139700,67773.00000000,0.00139600,1072315.00000000,0.00139500,531324.00000000,0.00140600,355204.00000000,0.00140700,241119.00000000,0.00140800,1250185.00000000,0.00140900,80166.00000000,0.00141000,1194838.00000000,0.00141100,295426.00000000,0.00141200,629182.00000000,0.00141300,354934.00000000,0.00141400,198647.00000000,0.00141500,287127.00000000,0.03172,15,0.03171,103,0.03169,69,0.03168,103,0.03163,15,0.03162,104,0.03159,10,0.03158,15,0.03157,103,0.03153,24,0.0318,14,0.03181,83,0.03182,15,0.03183,104,0.03185,14,0.03186,103,0.03188,15,0.03189,103,0.03191,14,0.03194,104
binance,gate,FUNUSDT,0.00140600,0.03172,2156.0455,1774116674421,0.00140500,5259.00000000,0.00140300,414349.00000000,0.00140200,1234010.00000000,0.00140100,736509.00000000,0.00140000,371632.00000000,0.00139900,77339.00000000,0.00139800,723128.00000000,0.00139700,67773.00000000,0.00139600,1072315.00000000,0.00139500,531324.00000000,0.00140600,355204.00000000,0.00140700,241119.00000000,0.00140800,1250185.00000000,0.00140900,80166.00000000,0.00141000,1194838.00000000,0.00141100,295426.00000000,0.00141200,629182.00000000,0.00141300,354934.00000000,0.00141400,198647.00000000,0.00141500,287127.00000000,0.03172,15,0.03171,103,0.03169,69,0.03168,103,0.03163,15,0.03162,104,0.03159,10,0.03158,15,0.03157,103,0.03153,24,0.0318,14,0.03181,83,0.03182,15,0.03183,104,0.03185,14,0.03186,103,0.03188,15,0.03189,103,0.03191,14,0.03194,104
binance,gate,FUNUSDT,0.00140600,0.03172,2156.0455,1774116674736,0.00140500,5259.00000000,0.00140300,414349.00000000,0.00140200,1234010.00000000,0.00140100,736509.00000000,0.00140000,371632.00000000,0.00139900,77339.00000000,0.00139800,723128.00000000,0.00139700,67773.00000000,0.00139600,1072315.00000000,0.00139500,531324.00000000,0.00140600,355204.00000000,0.00140700,241119.00000000,0.00140800,1250185.00000000,0.00140900,80166.00000000,0.00141000,1194838.00000000,0.00141100,295426.00000000,0.00141200,629182.00000000,0.00141300,354934.00000000,0.00141400,198647.00000000,0.00141500,287127.00000000,0.03172,15,0.03171,103,0.03169,69,0.03168,103,0.03163,15,0.03162,104,0.03159,10,0.03158,15,0.03157,103,0.03153,24,0.0318,14,0.03181,83,0.03182,15,0.03183,104,0.03185,14,0.03186,103,0.03188,15,0.03189,103,0.03191,14,0.03194,104
binance,gate,FUNUSDT,0.00140600,0.03172,2156.0455,1774116675055,0.00140500,5259.00000000,0.00140300,414349.00000000,0.00140200,1234010.00000000,0.00140100,736509.00000000,0.00140000,371632.00000000,0.00139900,77339.00000000,0.00139800,723128.00000000,0.00139700,67773.00000000,0.00139600,1072315.00000000,0.00139500,531324.00000000,0.00140600,355204.00000000,0.00140700,241119.00000000,0.00140800,1250185.00000000,0.00140900,80166.00000000,0.00141000,1194838.00000000,0.00141100,295426.00000000,0.00141200,629182.00000000,0.00141300,354934.00000000,0.00141400,198647.00000000,0.00141500,287127.00000000,0.03172,15,0.03171,103,0.03169,69,0.03168,103,0.03163,15,0.03162,104,0.03159,10,0.03158,15,0.03157,103,0.03153,24,0.0318,14,0.03181,83,0.03182,15,0.03183,104,0.03185,14,0.03186,103,0.03188,15,0.03189,103,0.03191,14,0.03194,104
binance,gate,FUNUSDT,0.00140600,0.03172,2156.0455,1774116675360,0.00140500,5259.00000000,0.00140300,414349.00000000,0.00140200,1234010.00000000,0.00140100,736509.00000000,0.00140000,371632.00000000,0.00139900,77339.00000000,0.00139800,723128.00000000,0.00139700,67773.00000000,0.00139600,1072315.00000000,0.00139500,531324.00000000,0.00140600,355204.00000000,0.00140700,241119.00000000,0.00140800,1250185.00000000,0.00140900,80166.00000000,0.00141000,1194838.00000000,0.00141100,295426.00000000,0.00141200,629182.00000000,0.00141300,354934.00000000,0.00141400,198647.00000000,0.00141500,287127.00000000,0.03172,15,0.03171,103,0.03169,69,0.03168,103,0.03163,15,0.03162,104,0.03159,10,0.03158,15,0.03157,103,0.03153,24,0.0318,14,0.03181,83,0.03182,15,0.03183,104,0.03185,14,0.03186,103,0.03188,15,0.03189,103,0.03191,14,0.03194,104
binance,gate,FUNUSDT,0.00140600,0.03172,2156.0455,1774116675660,0.00140500,5259.00000000,0.00140300,414349.00000000,0.00140200,1234010.00000000,0.00140100,736509.00000000,0.00140000,371632.00000000,0.00139900,77339.00000000,0.00139800,723128.00000000,0.00139700,67773.00000000,0.00139600,1072315.00000000,0.00139500,531324.00000000,0.00140600,355204.00000000,0.00140700,241119.00000000,0.00140800,1250185.00000000,0.00140900,80166.00000000,0.00141000,1194838.00000000,0.00141100,295426.00000000,0.00141200,629182.00000000,0.00141300,354934.00000000,0.00141400,198647.00000000,0.00141500,287127.00000000,0.03172,15,0.03171,103,0.03169,69,0.03168,103,0.03163,15,0.03162,104,0.03159,10,0.03158,15,0.03157,103,0.03153,24,0.0318,14,0.03181,83,0.03182,15,0.03183,104,0.03185,14,0.03186,103,0.03188,15,0.03189,103,0.03191,14,0.03194,104
binance,gate,FUNUSDT,0.00140600,0.03172,2156.0455,1774116675960,0.00140500,5259.00000000,0.00140300,414349.00000000,0.00140200,1234010.00000000,0.00140100,736509.00000000,0.00140000,371632.00000000,0.00139900,77339.00000000,0.00139800,723128.00000000,0.00139700,67773.00000000,0.00139600,1072315.00000000,0.00139500,531324.00000000,0.00140600,355204.00000000,0.00140700,241119.00000000,0.00140800,1250185.00000000,0.00140900,80166.00000000,0.00141000,1194838.00000000,0.00141100,295426.00000000,0.00141200,629182.00000000,0.00141300,354934.00000000,0.00141400,198647.00000000,0.00141500,287127.00000000,0.03172,15,0.03171,103,0.03169,69,0.03168,103,0.03163,15,0.03162,104,0.03159,10,0.03158,15,0.03157,103,0.03153,24,0.0318,14,0.03181,83,0.03182,15,0.03183,104,0.03185,14,0.03186,103,0.03188,15,0.03189,103,0.03191,14,0.03194,104
binance,gate,FUNUSDT,0.00140600,0.03172,2156.0455,1774116676263,0.00140500,5259.00000000,0.00140300,414349.00000000,0.00140200,799799.00000000,0.00140100,302298.00000000,0.00140000,371632.00000000,0.00139900,77339.00000000,0.00139800,723128.00000000,0.00139700,67773.00000000,0.00139600,1072315.00000000,0.00139500,531324.00000000,0.00140600,355204.00000000,0.00140700,241119.00000000,0.00140800,815974.00000000,0.00140900,80166.00000000,0.00141000,760627.00000000,0.00141100,295426.00000000,0.00141200,629182.00000000,0.00141300,354934.00000000,0.00141400,198647.00000000,0.00141500,287127.00000000,0.03172,15,0.03171,103,0.03169,69,0.03168,103,0.03163,15,0.03162,104,0.03159,10,0.03158,15,0.03157,103,0.03153,24,0.0318,14,0.03181,83,0.03182,15,0.03183,104,0.03185,14,0.03186,103,0.03188,15,0.03189,103,0.03191,14,0.03194,104
binance,gate,FUNUSDT,0.00140600,0.03172,2156.0455,1774116676563,0.00140500,5259.00000000,0.00140300,414349.00000000,0.00140200,799799.00000000,0.00140100,302298.00000000,0.00140000,371632.00000000,0.00139900,77339.00000000,0.00139800,723128.00000000,0.00139700,67773.00000000,0.00139600,1072315.00000000,0.00139500,531324.00000000,0.00140600,355204.00000000,0.00140700,241119.00000000,0.00140800,815974.00000000,0.00140900,80166.00000000,0.00141000,760627.00000000,0.00141100,295426.00000000,0.00141200,629182.00000000,0.00141300,354934.00000000,0.00141400,198647.00000000,0.00141500,287127.00000000,0.03172,15,0.03171,103,0.03169,69,0.03168,103,0.03163,15,0.03162,104,0.03159,10,0.03158,15,0.03157,103,0.03153,24,0.0318,14,0.03181,83,0.03182,15,0.03183,104,0.03185,14,0.03186,103,0.03188,15,0.03189,103,0.03191,14,0.03194,104
binance,gate,FUNUSDT,0.00140600,0.03172,2156.0455,1774116676863,0.00140500,5259.00000000,0.00140300,414349.00000000,0.00140200,799799.00000000,0.00140100,302298.00000000,0.00140000,371632.00000000,0.00139900,77339.00000000,0.00139800,723128.00000000,0.00139700,67773.00000000,0.00139600,1072315.00000000,0.00139500,531324.00000000,0.00140600,355204.00000000,0.00140700,241119.00000000,0.00140800,815974.00000000,0.00140900,80166.00000000,0.00141000,760627.00000000,0.00141100,295426.00000000,0.00141200,629182.00000000,0.00141300,354934.00000000,0.00141400,198647.00000000,0.00141500,287127.00000000,0.03172,15,0.03171,103,0.03169,69,0.03168,103,0.03163,15,0.03162,104,0.03159,10,0.03158,15,0.03157,103,0.03153,24,0.0318,14,0.03181,83,0.03182,15,0.03183,104,0.03185,14,0.03186,103,0.03188,15,0.03189,103,0.03191,14,0.03194,104
binance,gate,FUNUSDT,0.00140600,0.03172,2156.0455,1774116677163,0.00140500,5259.00000000,0.00140300,414349.00000000,0.00140200,799799.00000000,0.00140100,302298.00000000,0.00140000,371632.00000000,0.00139900,77339.00000000,0.00139800,723128.00000000,0.00139700,67773.00000000,0.00139600,1072315.00000000,0.00139500,531324.00000000,0.00140600,355204.00000000,0.00140700,241119.00000000,0.00140800,815974.00000000,0.00140900,80166.00000000,0.00141000,760627.00000000,0.00141100,295426.00000000,0.00141200,629182.00000000,0.00141300,354934.00000000,0.00141400,198647.00000000,0.00141500,287127.00000000,0.03172,15,0.03171,103,0.03169,69,0.03168,103,0.03163,15,0.03162,104,0.03159,10,0.03158,15,0.03157,103,0.03153,24,0.0318,14,0.03181,83,0.03182,15,0.03183,104,0.03185,14,0.03186,103,0.03188,15,0.03189,103,0.03191,14,0.03194,104
binance,gate,FUNUSDT,0.00140600,0.03172,2156.0455,1774116677463,0.00140500,5259.00000000,0.00140300,414349.00000000,0.00140200,1228544.00000000,0.00140100,731043.00000000,0.00140000,371632.00000000,0.00139900,77339.00000000,0.00139800,723128.00000000,0.00139700,67773.00000000,0.00139600,1072315.00000000,0.00139500,531324.00000000,0.00140600,355204.00000000,0.00140700,241119.00000000,0.00140800,1245393.00000000,0.00140900,80166.00000000,0.00141000,1190046.00000000,0.00141100,295426.00000000,0.00141200,629182.00000000,0.00141300,354934.00000000,0.00141400,198647.00000000,0.00141500,287127.00000000,0.03172,15,0.03171,103,0.03169,69,0.03168,103,0.03163,15,0.03162,104,0.03159,10,0.03158,15,0.03157,103,0.03153,24,0.0318,14,0.03181,83,0.03182,15,0.03183,104,0.03185,14,0.03186,103,0.03188,15,0.03189,103,0.03191,14,0.03194,104
binance,gate,FUNUSDT,0.00140600,0.03172,2156.0455,1774116677766,0.00140500,5259.00000000,0.00140300,414349.00000000,0.00140200,1228544.00000000,0.00140100,731043.00000000,0.00140000,371632.00000000,0.00139900,77339.00000000,0.00139800,723128.00000000,0.00139700,67773.00000000,0.00139600,1072315.00000000,0.00139500,531324.00000000,0.00140600,355204.00000000,0.00140700,241119.00000000,0.00140800,1245393.00000000,0.00140900,80166.00000000,0.00141000,1190046.00000000,0.00141100,295426.00000000,0.00141200,629182.00000000,0.00141300,354934.00000000,0.00141400,198647.00000000,0.00141500,287127.00000000,0.03172,15,0.03171,103,0.03169,69,0.03168,103,0.03163,15,0.03162,104,0.03159,10,0.03158,15,0.03157,103,0.03153,24,0.0318,14,0.03181,83,0.03182,15,0.03183,104,0.03185,14,0.03186,103,0.03188,15,0.03189,103,0.03191,14,0.03194,104
binance,gate,FUNUSDT,0.00140600,0.03172,2156.0455,1774116678079,0.00140500,5259.00000000,0.00140300,414349.00000000,0.00140200,1228544.00000000,0.00140100,731043.00000000,0.00140000,371632.00000000,0.00139900,77339.00000000,0.00139800,723128.00000000,0.00139700,67773.00000000,0.00139600,1072315.00000000,0.00139500,531324.00000000,0.00140600,355204.00000000,0.00140700,241119.00000000,0.00140800,1245393.00000000,0.00140900,80166.00000000,0.00141000,1190046.00000000,0.00141100,295426.00000000,0.00141200,629182.00000000,0.00141300,354934.00000000,0.00141400,198647.00000000,0.00141500,287127.00000000,0.03172,15,0.03171,103,0.03169,69,0.03168,103,0.03163,15,0.03162,104,0.03159,10,0.03158,15,0.03157,103,0.03153,24,0.0318,14,0.03181,83,0.03182,15,0.03183,104,0.03185,14,0.03186,103,0.03188,15,0.03189,103,0.03191,14,0.03194,104
binance,gate,FUNUSDT,0.00140600,0.03172,2156.0455,1774116678384,0.00140500,5259.00000000,0.00140300,414349.00000000,0.00140200,1228544.00000000,0.00140100,731043.00000000,0.00140000,371632.00000000,0.00139900,77339.00000000,0.00139800,723128.00000000,0.00139700,67773.00000000,0.00139600,1072315.00000000,0.00139500,531324.00000000,0.00140600,355204.00000000,0.00140700,241119.00000000,0.00140800,1245393.00000000,0.00140900,80166.00000000,0.00141000,1190046.00000000,0.00141100,295426.00000000,0.00141200,629182.00000000,0.00141300,354934.00000000,0.00141400,198647.00000000,0.00141500,287127.00000000,0.03172,15,0.03171,103,0.03169,69,0.03168,103,0.03163,15,0.03162,104,0.03159,10,0.03158,15,0.03157,103,0.03153,24,0.0318,14,0.03181,83,0.03182,15,0.03183,104,0.03185,14,0.03186,103,0.03188,15,0.03189,103,0.03191,14,0.03194,104
binance,gate,FUNUSDT,0.00140600,0.03172,2156.0455,1774116678685,0.00140500,5259.00000000,0.00140300,414349.00000000,0.00140200,1228544.00000000,0.00140100,731043.00000000,0.00140000,371632.00000000,0.00139900,77339.00000000,0.00139800,723128.00000000,0.00139700,67773.00000000,0.00139600,1072315.00000000,0.00139500,531324.00000000,0.00140600,355204.00000000,0.00140700,241119.00000000,0.00140800,1245393.00000000,0.00140900,80166.00000000,0.00141000,1190046.00000000,0.00141100,295426.00000000,0.00141200,629182.00000000,0.00141300,354934.00000000,0.00141400,198647.00000000,0.00141500,287127.00000000,0.03172,15,0.03171,103,0.03169,69,0.03168,103,0.03163,15,0.03162,104,0.03159,10,0.03158,15,0.03157,103,0.03153,24,0.0318,14,0.03181,83,0.03182,15,0.03183,104,0.03185,14,0.03186,103,0.03188,15,0.03189,103,0.03191,14,0.03194,104
binance,gate,FUNUSDT,0.00140600,0.03172,2156.0455,1774116678987,0.00140500,5259.00000000,0.00140300,414349.00000000,0.00140200,1228544.00000000,0.00140100,731043.00000000,0.00140000,371632.00000000,0.00139900,77339.00000000,0.00139800,723128.00000000,0.00139700,67773.00000000,0.00139600,1072315.00000000,0.00139500,531324.00000000,0.00140600,355204.00000000,0.00140700,241119.00000000,0.00140800,1245393.00000000,0.00140900,80166.00000000,0.00141000,1190046.00000000,0.00141100,295426.00000000,0.00141200,629182.00000000,0.00141300,354934.00000000,0.00141400,198647.00000000,0.00141500,287127.00000000,0.03172,15,0.03171,103,0.03169,69,0.03168,103,0.03163,15,0.03162,104,0.03159,10,0.03158,15,0.03157,103,0.03153,24,0.0318,14,0.03181,83,0.03182,15,0.03183,104,0.03185,14,0.03186,103,0.03188,15,0.03189,103,0.03191,14,0.03194,104
binance,gate,FUNUSDT,0.00140600,0.03172,2156.0455,1774116679287,0.00140500,5259.00000000,0.00140300,414349.00000000,0.00140200,1228544.00000000,0.00140100,731043.00000000,0.00140000,371632.00000000,0.00139900,77339.00000000,0.00139800,723128.00000000,0.00139700,67773.00000000,0.00139600,1072315.00000000,0.00139500,531324.00000000,0.00140600,355204.00000000,0.00140700,241119.00000000,0.00140800,1245393.00000000,0.00140900,80166.00000000,0.00141000,1190046.00000000,0.00141100,295426.00000000,0.00141200,629182.00000000,0.00141300,354934.00000000,0.00141400,198647.00000000,0.00141500,287127.00000000,0.03172,15,0.03171,103,0.03169,69,0.03168,103,0.03163,15,0.03162,104,0.03159,10,0.03158,15,0.03157,103,0.03153,24,0.0318,14,0.03181,83,0.03182,15,0.03183,104,0.03185,14,0.03186,103,0.03188,15,0.03189,103,0.03191,14,0.03194,104
binance,gate,FUNUSDT,0.00140600,0.03172,2156.0455,1774116679587,0.00140500,5259.00000000,0.00140300,414349.00000000,0.00140200,1228544.00000000,0.00140100,731043.00000000,0.00140000,371632.00000000,0.00139900,77339.00000000,0.00139800,723128.00000000,0.00139700,67773.00000000,0.00139600,1072315.00000000,0.00139500,531324.00000000,0.00140600,355204.00000000,0.00140700,241119.00000000,0.00140800,1245393.00000000,0.00140900,80166.00000000,0.00141000,1190046.00000000,0.00141100,295426.00000000,0.00141200,629182.00000000,0.00141300,354934.00000000,0.00141400,198647.00000000,0.00141500,287127.00000000,0.03172,15,0.03171,103,0.03169,15,0.03168,157,0.03163,15,0.03162,104,0.03159,10,0.03158,15,0.03157,103,0.03153,24,0.0318,14,0.03181,83,0.03182,15,0.03183,104,0.03185,14,0.03186,103,0.03188,15,0.03189,103,0.03191,14,0.03194,104
binance,gate,FUNUSDT,0.00140600,0.03172,2156.0455,1774116679887,0.00140500,5259.00000000,0.00140300,414349.00000000,0.00140200,1228544.00000000,0.00140100,731043.00000000,0.00140000,371632.00000000,0.00139900,77339.00000000,0.00139800,723128.00000000,0.00139700,67773.00000000,0.00139600,1072315.00000000,0.00139500,531324.00000000,0.00140600,355204.00000000,0.00140700,241119.00000000,0.00140800,1245393.00000000,0.00140900,80166.00000000,0.00141000,1190046.00000000,0.00141100,295426.00000000,0.00141200,629182.00000000,0.00141300,354934.00000000,0.00141400,198647.00000000,0.00141500,287127.00000000,0.03172,15,0.03171,103,0.03169,15,0.03168,157,0.03163,15,0.03162,104,0.03159,10,0.03158,15,0.03157,103,0.03153,24,0.0318,14,0.03181,83,0.03182,15,0.03183,104,0.03185,14,0.03186,103,0.03188,15,0.03189,103,0.03191,14,0.03194,104
binance,gate,FUNUSDT,0.00140600,0.03172,2156.0455,1774116680189,0.00140500,5259.00000000,0.00140300,414349.00000000,0.00140200,1228544.00000000,0.00140100,731043.00000000,0.00140000,371632.00000000,0.00139900,77339.00000000,0.00139800,723128.00000000,0.00139700,67773.00000000,0.00139600,1072315.00000000,0.00139500,531324.00000000,0.00140600,355204.00000000,0.00140700,241119.00000000,0.00140800,1245393.00000000,0.00140900,80166.00000000,0.00141000,1190046.00000000,0.00141100,295426.00000000,0.00141200,629182.00000000,0.00141300,354934.00000000,0.00141400,198647.00000000,0.00141500,287127.00000000,0.03172,15,0.03171,103,0.03169,15,0.03168,157,0.03163,15,0.03162,104,0.03159,10,0.03158,15,0.03157,103,0.03153,24,0.0318,14,0.03181,83,0.03182,15,0.03183,104,0.03185,14,0.03186,103,0.03188,15,0.03189,103,0.03191,14,0.03194,104
binance,gate,FUNUSDT,0.00140600,0.03172,2156.0455,1774116680491,0.00140500,5259.00000000,0.00140300,414349.00000000,0.00140200,1228544.00000000,0.00140100,731043.00000000,0.00140000,371632.00000000,0.00139900,77339.00000000,0.00139800,723128.00000000,0.00139700,67773.00000000,0.00139600,1072315.00000000,0.00139500,531324.00000000,0.00140600,355204.00000000,0.00140700,241119.00000000,0.00140800,1245393.00000000,0.00140900,80166.00000000,0.00141000,1190046.00000000,0.00141100,295426.00000000,0.00141200,629182.00000000,0.00141300,354934.00000000,0.00141400,198647.00000000,0.00141500,287127.00000000,0.03172,15,0.03171,103,0.03169,15,0.03168,157,0.03163,15,0.03162,104,0.03159,10,0.03158,15,0.03157,103,0.03153,24,0.0318,14,0.03181,83,0.03182,15,0.03183,104,0.03185,14,0.03186,103,0.03188,15,0.03189,103,0.03191,14,0.03194,104
binance,gate,FUNUSDT,0.00140600,0.03173,2156.7568,1774116680791,0.00140500,5259.00000000,0.00140300,414349.00000000,0.00140200,1228544.00000000,0.00140100,731043.00000000,0.00140000,371632.00000000,0.00139900,77339.00000000,0.00139800,723128.00000000,0.00139700,67773.00000000,0.00139600,1072315.00000000,0.00139500,531324.00000000,0.00140600,355204.00000000,0.00140700,241119.00000000,0.00140800,1245393.00000000,0.00140900,80166.00000000,0.00141000,1190046.00000000,0.00141100,295426.00000000,0.00141200,629182.00000000,0.00141300,354934.00000000,0.00141400,198647.00000000,0.00141500,287127.00000000,0.03173,14,0.03172,23,0.03171,103,0.03169,15,0.03168,157,0.03163,15,0.03162,104,0.03159,10,0.03158,15,0.03157,103,0.0318,14,0.03181,83,0.03182,15,0.03183,104,0.03185,14,0.03186,103,0.03188,15,0.03189,103,0.03191,14,0.03194,104
binance,gate,FUNUSDT,0.00140600,0.03172,2156.0455,1774116681091,0.00140500,5259.00000000,0.00140300,414349.00000000,0.00140200,1228544.00000000,0.00140100,731043.00000000,0.00140000,371632.00000000,0.00139900,77339.00000000,0.00139800,723128.00000000,0.00139700,67773.00000000,0.00139600,1072315.00000000,0.00139500,531324.00000000,0.00140600,355204.00000000,0.00140700,241119.00000000,0.00140800,1245393.00000000,0.00140900,80166.00000000,0.00141000,1190046.00000000,0.00141100,295426.00000000,0.00141200,629182.00000000,0.00141300,354934.00000000,0.00141400,198647.00000000,0.00141500,287127.00000000,0.03172,15,0.03171,103,0.03169,15,0.03168,157,0.03163,15,0.03162,104,0.03159,10,0.03158,15,0.03157,103,0.03153,24,0.0318,14,0.03181,83,0.03182,15,0.03183,104,0.03185,14,0.03186,103,0.03188,15,0.03189,103,0.03191,14,0.03194,104
binance,gate,FUNUSDT,0.00140600,0.03172,2156.0455,1774116681392,0.00140500,5259.00000000,0.00140300,414349.00000000,0.00140200,1228544.00000000,0.00140100,731043.00000000,0.00140000,371632.00000000,0.00139900,77339.00000000,0.00139800,723128.00000000,0.00139700,67773.00000000,0.00139600,1072315.00000000,0.00139500,531324.00000000,0.00140600,355204.00000000,0.00140700,241119.00000000,0.00140800,1245393.00000000,0.00140900,80166.00000000,0.00141000,1190046.00000000,0.00141100,295426.00000000,0.00141200,629182.00000000,0.00141300,354934.00000000,0.00141400,198647.00000000,0.00141500,287127.00000000,0.03172,15,0.03171,103,0.03169,15,0.03168,157,0.03163,15,0.03162,104,0.03159,10,0.03158,15,0.03157,103,0.03153,24,0.0318,14,0.03181,83,0.03182,15,0.03183,104,0.03185,14,0.03186,103,0.03188,15,0.03189,103,0.03191,14,0.03194,104
binance,gate,FUNUSDT,0.00140600,0.03172,2156.0455,1774116681692,0.00140500,5259.00000000,0.00140300,414349.00000000,0.00140200,1228544.00000000,0.00140100,731043.00000000,0.00140000,371632.00000000,0.00139900,77339.00000000,0.00139800,723128.00000000,0.00139700,67773.00000000,0.00139600,1072315.00000000,0.00139500,531324.00000000,0.00140600,355204.00000000,0.00140700,241119.00000000,0.00140800,1245393.00000000,0.00140900,80166.00000000,0.00141000,1190046.00000000,0.00141100,295426.00000000,0.00141200,629182.00000000,0.00141300,354934.00000000,0.00141400,198647.00000000,0.00141500,287127.00000000,0.03172,15,0.03171,103,0.03169,15,0.03168,157,0.03163,15,0.03162,104,0.03159,10,0.03158,15,0.03157,103,0.03153,24,0.0318,14,0.03181,83,0.03182,15,0.03183,104,0.03185,14,0.03186,103,0.03188,15,0.03189,103,0.03191,14,0.03194,104
binance,gate,FUNUSDT,0.00140600,0.03172,2156.0455,1774116681992,0.00140500,5259.00000000,0.00140300,414349.00000000,0.00140200,1228544.00000000,0.00140100,731043.00000000,0.00140000,371632.00000000,0.00139900,77339.00000000,0.00139800,723128.00000000,0.00139700,67773.00000000,0.00139600,1072315.00000000,0.00139500,531324.00000000,0.00140600,355204.00000000,0.00140700,241119.00000000,0.00140800,1245393.00000000,0.00140900,80166.00000000,0.00141000,1190046.00000000,0.00141100,295426.00000000,0.00141200,629182.00000000,0.00141300,354934.00000000,0.00141400,198647.00000000,0.00141500,287127.00000000,0.03172,15,0.03171,103,0.03169,15,0.03168,157,0.03163,15,0.03162,104,0.03159,10,0.03158,15,0.03157,103,0.03153,24,0.0318,14,0.03181,83,0.03182,15,0.03183,104,0.03185,14,0.03186,103,0.03188,15,0.03189,103,0.03191,14,0.03194,104
binance,gate,FUNUSDT,0.00140600,0.03172,2156.0455,1774116682329,0.00140500,5259.00000000,0.00140300,414349.00000000,0.00140200,1228544.00000000,0.00140100,731043.00000000,0.00140000,371632.00000000,0.00139900,77339.00000000,0.00139800,723128.00000000,0.00139700,67773.00000000,0.00139600,1072315.00000000,0.00139500,531324.00000000,0.00140600,355204.00000000,0.00140700,241119.00000000,0.00140800,1245393.00000000,0.00140900,80166.00000000,0.00141000,1190046.00000000,0.00141100,295426.00000000,0.00141200,629182.00000000,0.00141300,354934.00000000,0.00141400,198647.00000000,0.00141500,287127.00000000,0.03172,15,0.03171,103,0.03169,15,0.03168,157,0.03163,15,0.03162,104,0.03159,10,0.03158,15,0.03157,103,0.03153,24,0.0318,14,0.03181,83,0.03182,15,0.03183,104,0.03185,14,0.03186,103,0.03188,15,0.03189,103,0.03191,14,0.03194,104
binance,gate,FUNUSDT,0.00140600,0.03172,2156.0455,1774116682677,0.00140500,5259.00000000,0.00140300,414349.00000000,0.00140200,1228544.00000000,0.00140100,731043.00000000,0.00140000,371632.00000000,0.00139900,77339.00000000,0.00139800,723128.00000000,0.00139700,67773.00000000,0.00139600,1072315.00000000,0.00139500,531324.00000000,0.00140600,355204.00000000,0.00140700,241119.00000000,0.00140800,1245393.00000000,0.00140900,80166.00000000,0.00141000,1190046.00000000,0.00141100,295426.00000000,0.00141200,629182.00000000,0.00141300,354934.00000000,0.00141400,198647.00000000,0.00141500,287127.00000000,0.03172,15,0.03171,103,0.03169,15,0.03168,157,0.03163,15,0.03162,104,0.03159,10,0.03158,15,0.03157,103,0.03153,24,0.0318,14,0.03181,83,0.03182,15,0.03183,104,0.03185,14,0.03186,103,0.03188,15,0.03189,103,0.03191,14,0.03194,104
binance,gate,FUNUSDT,0.00140600,0.0317,2154.623,1774116683018,0.00140500,5259.00000000,0.00140300,414349.00000000,0.00140200,1228544.00000000,0.00140100,731043.00000000,0.00140000,371632.00000000,0.00139900,77339.00000000,0.00139800,723128.00000000,0.00139700,67773.00000000,0.00139600,1072315.00000000,0.00139500,531324.00000000,0.00140600,355204.00000000,0.00140700,241119.00000000,0.00140800,1245393.00000000,0.00140900,80166.00000000,0.00141000,1190046.00000000,0.00141100,295426.00000000,0.00141200,629182.00000000,0.00141300,354934.00000000,0.00141400,198647.00000000,0.00141500,287127.00000000,0.03172,15,0.03171,14,0.03169,15,0.03168,157,0.03163,15,0.03162,104,0.03158,15,0.03157,103,0.03153,24,0.03152,25,0.03179,14,0.0318,103,0.03181,83,0.03182,15,0.03183,104,0.03185,14,0.03186,103,0.03188,15,0.03189,103,0.03191,14
binance,gate,FUNUSDT,0.00140600,0.03172,2156.0455,1774116683346,0.00140500,5259.00000000,0.00140300,414349.00000000,0.00140200,1228544.00000000,0.00140100,731043.00000000,0.00140000,371632.00000000,0.00139900,77339.00000000,0.00139800,723128.00000000,0.00139700,67773.00000000,0.00139600,1072315.00000000,0.00139500,531324.00000000,0.00140600,355204.00000000,0.00140700,241119.00000000,0.00140800,1245393.00000000,0.00140900,80166.00000000,0.00141000,1190046.00000000,0.00141100,295426.00000000,0.00141200,629182.00000000,0.00141300,354934.00000000,0.00141400,198647.00000000,0.00141500,287127.00000000,0.03172,15,0.03171,14,0.03169,15,0.03168,157,0.03163,15,0.03162,104,0.03158,15,0.03157,103,0.03153,24,0.03152,25,0.03179,14,0.0318,103,0.03181,83,0.03182,15,0.03183,104,0.03185,14,0.03186,103,0.03188,15,0.03189,103,0.03191,14
binance,gate,FUNUSDT,0.00140600,0.03172,2156.0455,1774116683681,0.00140500,5259.00000000,0.00140300,414349.00000000,0.00140200,1228544.00000000,0.00140100,731043.00000000,0.00140000,371632.00000000,0.00139900,77339.00000000,0.00139800,723128.00000000,0.00139700,67773.00000000,0.00139600,1072315.00000000,0.00139500,531324.00000000,0.00140600,355204.00000000,0.00140700,241119.00000000,0.00140800,1245393.00000000,0.00140900,80166.00000000,0.00141000,1190046.00000000,0.00141100,295426.00000000,0.00141200,629182.00000000,0.00141300,354934.00000000,0.00141400,198647.00000000,0.00141500,287127.00000000,0.03172,14,0.03171,89,0.0317,14,0.03169,15,0.03168,157,0.03163,15,0.03162,104,0.03158,15,0.03157,103,0.03153,24,0.03178,14,0.03179,83,0.0318,103,0.03181,14,0.03182,15,0.03183,104,0.03185,14,0.03186,103,0.03188,15,0.03189,103
binance,gate,FUNUSDT,0.00140600,0.03172,2156.0455,1774116684017,0.00140500,5259.00000000,0.00140300,414349.00000000,0.00140200,1228544.00000000,0.00140100,731043.00000000,0.00140000,371632.00000000,0.00139900,77339.00000000,0.00139800,723128.00000000,0.00139700,67773.00000000,0.00139600,1072315.00000000,0.00139500,531324.00000000,0.00140600,355204.00000000,0.00140700,241119.00000000,0.00140800,1245393.00000000,0.00140900,80166.00000000,0.00141000,1190046.00000000,0.00141100,295426.00000000,0.00141200,629182.00000000,0.00141300,354934.00000000,0.00141400,198647.00000000,0.00141500,287127.00000000,0.03172,14,0.03171,89,0.03169,15,0.03168,157,0.03163,15,0.03162,104,0.03158,15,0.03157,103,0.03153,24,0.03152,25,0.03178,14,0.03179,83,0.0318,103,0.03182,15,0.03183,104,0.03185,14,0.03186,103,0.03188,15,0.03189,103,0.03191,14
binance,gate,FUNUSDT,0.00140600,0.03172,2156.0455,1774116684352,0.00140500,5259.00000000,0.00140300,414349.00000000,0.00140200,1228544.00000000,0.00140100,731043.00000000,0.00140000,371632.00000000,0.00139900,77339.00000000,0.00139800,723128.00000000,0.00139700,67773.00000000,0.00139600,1072315.00000000,0.00139500,531324.00000000,0.00140600,355204.00000000,0.00140700,241119.00000000,0.00140800,1245393.00000000,0.00140900,80166.00000000,0.00141000,1190046.00000000,0.00141100,295426.00000000,0.00141200,629182.00000000,0.00141300,354934.00000000,0.00141400,198647.00000000,0.00141500,287127.00000000,0.03172,14,0.03171,89,0.03169,15,0.03168,157,0.03163,15,0.03162,104,0.03158,15,0.03157,103,0.03153,24,0.03152,25,0.03178,14,0.03179,83,0.0318,103,0.03182,15,0.03183,104,0.03185,14,0.03186,103,0.03188,15,0.03189,103,0.03191,14
binance,gate,FUNUSDT,0.00140600,0.03172,2156.0455,1774116684694,0.00140500,5259.00000000,0.00140300,414349.00000000,0.00140200,1228544.00000000,0.00140100,731043.00000000,0.00140000,371632.00000000,0.00139900,77339.00000000,0.00139800,723128.00000000,0.00139700,67773.00000000,0.00139600,1072315.00000000,0.00139500,531324.00000000,0.00140600,355204.00000000,0.00140700,241119.00000000,0.00140800,1245393.00000000,0.00140900,80166.00000000,0.00141000,1190046.00000000,0.00141100,295426.00000000,0.00141200,629182.00000000,0.00141300,354934.00000000,0.00141400,198647.00000000,0.00141500,287127.00000000,0.03172,14,0.03171,89,0.03169,15,0.03168,157,0.03163,15,0.03162,104,0.03158,15,0.03157,103,0.03153,24,0.03152,25,0.03178,14,0.03179,83,0.0318,103,0.03182,15,0.03183,104,0.03185,14,0.03186,103,0.03188,15,0.03189,103,0.03191,14
binance,gate,FUNUSDT,0.00140600,0.03172,2156.0455,1774116685048,0.00140500,5259.00000000,0.00140300,414349.00000000,0.00140200,1228544.00000000,0.00140100,731043.00000000,0.00140000,371632.00000000,0.00139900,77339.00000000,0.00139800,723128.00000000,0.00139700,67773.00000000,0.00139600,1072315.00000000,0.00139500,531324.00000000,0.00140600,355204.00000000,0.00140700,241119.00000000,0.00140800,1245393.00000000,0.00140900,80166.00000000,0.00141000,1190046.00000000,0.00141100,295426.00000000,0.00141200,629182.00000000,0.00141300,354934.00000000,0.00141400,198647.00000000,0.00141500,287127.00000000,0.03172,14,0.03171,89,0.03169,15,0.03168,157,0.03163,15,0.03162,104,0.03158,15,0.03157,103,0.03153,24,0.03152,25,0.03178,14,0.03179,83,0.0318,103,0.03182,15,0.03183,104,0.03185,14,0.03186,103,0.03188,15,0.03189,103,0.03191,14
binance,gate,FUNUSDT,0.00140600,0.03172,2156.0455,1774116685348,0.00140500,5259.00000000,0.00140300,414123.00000000,0.00140200,1222210.00000000,0.00140100,731248.00000000,0.00140000,371632.00000000,0.00139900,77339.00000000,0.00139800,723128.00000000,0.00139700,67773.00000000,0.00139600,1072315.00000000,0.00139500,531324.00000000,0.00140600,355204.00000000,0.00140700,241119.00000000,0.00140800,1240931.00000000,0.00140900,80166.00000000,0.00141000,1185584.00000000,0.00141100,295426.00000000,0.00141200,629182.00000000,0.00141300,354934.00000000,0.00141400,198647.00000000,0.00141500,287127.00000000,0.03172,14,0.03171,89,0.03169,15,0.03168,157,0.03163,15,0.03162,104,0.03158,15,0.03157,103,0.03153,24,0.03152,25,0.03178,14,0.03179,83,0.0318,103,0.03182,15,0.03183,104,0.03185,14,0.03186,103,0.03188,15,0.03189,103,0.03191,14
binance,gate,FUNUSDT,0.00140600,0.03172,2156.0455,1774116685651,0.00140500,5259.00000000,0.00140300,414123.00000000,0.00140200,1222210.00000000,0.00140100,731248.00000000,0.00140000,371632.00000000,0.00139900,77339.00000000,0.00139800,723128.00000000,0.00139700,67773.00000000,0.00139600,1072315.00000000,0.00139500,531324.00000000,0.00140600,355204.00000000,0.00140700,241119.00000000,0.00140800,1240931.00000000,0.00140900,80166.00000000,0.00141000,1185584.00000000,0.00141100,295426.00000000,0.00141200,629182.00000000,0.00141300,354934.00000000,0.00141400,198647.00000000,0.00141500,287127.00000000,0.03172,14,0.03171,89,0.03169,15,0.03168,157,0.03163,15,0.03162,104,0.03158,15,0.03157,103,0.03153,24,0.03152,25,0.03178,14,0.03179,83,0.0318,103,0.03182,15,0.03183,104,0.03185,14,0.03186,103,0.03188,15,0.03189,103,0.03191,14
binance,gate,FUNUSDT,0.00140600,0.03172,2156.0455,1774116685952,0.00140500,5259.00000000,0.00140300,414123.00000000,0.00140200,1222210.00000000,0.00140100,731248.00000000,0.00140000,371632.00000000,0.00139900,77339.00000000,0.00139800,723128.00000000,0.00139700,67773.00000000,0.00139600,1072315.00000000,0.00139500,531324.00000000,0.00140600,355204.00000000,0.00140700,241119.00000000,0.00140800,1240931.00000000,0.00140900,80166.00000000,0.00141000,1185584.00000000,0.00141100,295426.00000000,0.00141200,629182.00000000,0.00141300,354934.00000000,0.00141400,198647.00000000,0.00141500,287127.00000000,0.03172,14,0.03171,89,0.03169,15,0.03168,103,0.03166,54,0.03163,15,0.03162,104,0.03158,15,0.03157,103,0.03153,24,0.03178,14,0.03179,83,0.0318,103,0.03182,15,0.03183,104,0.03185,14,0.03186,103,0.03188,15,0.03189,103,0.03191,14
binance,gate,FUNUSDT,0.00140600,0.03172,2156.0455,1774116686255,0.00140500,5259.00000000,0.00140300,414123.00000000,0.00140200,1222210.00000000,0.00140100,731248.00000000,0.00140000,371632.00000000,0.00139900,77339.00000000,0.00139800,723128.00000000,0.00139700,67773.00000000,0.00139600,1072315.00000000,0.00139500,531324.00000000,0.00140600,355204.00000000,0.00140700,241119.00000000,0.00140800,1240931.00000000,0.00140900,80166.00000000,0.00141000,1185584.00000000,0.00141100,295426.00000000,0.00141200,629182.00000000,0.00141300,354934.00000000,0.00141400,198647.00000000,0.00141500,287127.00000000,0.03172,14,0.03171,89,0.03169,15,0.03168,103,0.03163,15,0.03162,104,0.03158,15,0.03157,103,0.03153,24,0.03152,25,0.03178,69,0.03179,14,0.0318,103,0.03182,15,0.03183,104,0.03185,14,0.03186,103,0.03188,15,0.03189,103,0.03191,14
binance,gate,FUNUSDT,0.00140600,0.03172,2156.0455,1774116686555,0.00140500,5259.00000000,0.00140300,414123.00000000,0.00140200,1222210.00000000,0.00140100,731248.00000000,0.00140000,371632.00000000,0.00139900,77339.00000000,0.00139800,723128.00000000,0.00139700,67773.00000000,0.00139600,1072315.00000000,0.00139500,531324.00000000,0.00140600,355204.00000000,0.00140700,241119.00000000,0.00140800,1240931.00000000,0.00140900,80166.00000000,0.00141000,1185584.00000000,0.00141100,295426.00000000,0.00141200,629182.00000000,0.00141300,354934.00000000,0.00141400,198647.00000000,0.00141500,287127.00000000,0.03172,14,0.03171,89,0.03169,15,0.03168,103,0.03163,15,0.03162,104,0.03158,15,0.03157,103,0.03153,24,0.03152,25,0.03177,14,0.03178,69,0.03179,14,0.0318,103,0.03182,15,0.03183,104,0.03185,14,0.03186,103,0.03188,15,0.03189,103
binance,gate,FUNUSDT,0.00140600,0.03172,2156.0455,1774116686857,0.00140500,5259.00000000,0.00140300,414123.00000000,0.00140200,1222210.00000000,0.00140100,731248.00000000,0.00140000,371632.00000000,0.00139900,77339.00000000,0.00139800,723128.00000000,0.00139700,67773.00000000,0.00139600,1072315.00000000,0.00139500,531324.00000000,0.00140600,355204.00000000,0.00140700,241119.00000000,0.00140800,1240931.00000000,0.00140900,80166.00000000,0.00141000,1185584.00000000,0.00141100,295426.00000000,0.00141200,629182.00000000,0.00141300,354934.00000000,0.00141400,198647.00000000,0.00141500,287127.00000000,0.03172,14,0.03171,89,0.03169,15,0.03168,103,0.03165,54,0.03163,15,0.03162,104,0.03158,15,0.03157,103,0.03153,24,0.03176,14,0.03177,14,0.03179,83,0.0318,103,0.03182,15,0.03183,104,0.03185,14,0.03186,103,0.03188,15,0.03189,103
binance,gate,FUNUSDT,0.00140600,0.03172,2156.0455,1774116687157,0.00140500,5259.00000000,0.00140300,414123.00000000,0.00140200,1222210.00000000,0.00140100,731248.00000000,0.00140000,371632.00000000,0.00139900,77339.00000000,0.00139800,723128.00000000,0.00139700,67773.00000000,0.00139600,1072315.00000000,0.00139500,531324.00000000,0.00140600,355204.00000000,0.00140700,241119.00000000,0.00140800,1240931.00000000,0.00140900,80166.00000000,0.00141000,1185584.00000000,0.00141100,295426.00000000,0.00141200,629182.00000000,0.00141300,354934.00000000,0.00141400,198647.00000000,0.00141500,287127.00000000,0.03172,14,0.03171,89,0.03169,15,0.03168,103,0.03163,15,0.03162,104,0.03158,15,0.03157,103,0.03153,24,0.03152,25,0.03177,83,0.03179,14,0.0318,103,0.03182,15,0.03183,104,0.03185,14,0.03186,103,0.03188,15,0.03189,103,0.03191,14
binance,gate,FUNUSDT,0.00140600,0.03169,2153.9118,1774116687457,0.00140500,5259.00000000,0.00140300,414123.00000000,0.00140200,1222210.00000000,0.00140100,731248.00000000,0.00140000,371632.00000000,0.00139900,77339.00000000,0.00139800,723128.00000000,0.00139700,67773.00000000,0.00139600,1072315.00000000,0.00139500,2919601.00000000,0.00140600,355204.00000000,0.00140700,241119.00000000,0.00140800,1240931.00000000,0.00140900,80166.00000000,0.00141000,1185584.00000000,0.00141100,295426.00000000,0.00141200,629182.00000000,0.00141300,354934.00000000,0.00141400,198647.00000000,0.00141500,287127.00000000,0.03172,14,0.03171,89,0.03169,15,0.03168,103,0.03163,15,0.03162,104,0.03158,15,0.03157,103,0.03153,24,0.03152,25,0.03176,69,0.03177,14,0.03178,14,0.03179,14,0.0318,103,0.03182,15,0.03183,104,0.03185,14,0.03186,103,0.03188,15
binance,gate,FUNUSDT,0.00140600,0.03172,2156.0455,1774116687758,0.00140500,5259.00000000,0.00140300,414123.00000000,0.00140200,1222210.00000000,0.00140100,731248.00000000,0.00140000,371632.00000000,0.00139900,77339.00000000,0.00139800,723128.00000000,0.00139700,67773.00000000,0.00139600,1072315.00000000,0.00139500,2919601.00000000,0.00140600,355204.00000000,0.00140700,241119.00000000,0.00140800,1240931.00000000,0.00140900,80166.00000000,0.00141000,1185584.00000000,0.00141100,295426.00000000,0.00141200,629182.00000000,0.00141300,354934.00000000,0.00141400,198647.00000000,0.00141500,287127.00000000,0.03172,14,0.03171,89,0.0317,14,0.03169,15,0.03168,103,0.03163,15,0.03162,104,0.03158,15,0.03157,103,0.03153,24,0.03177,69,0.03178,14,0.03179,14,0.0318,103,0.03182,15,0.03183,104,0.03185,14,0.03186,103,0.03188,15,0.03189,103
binance,gate,FUNUSDT,0.00140600,0.03172,2156.0455,1774116688058,0.00140500,5259.00000000,0.00140300,414123.00000000,0.00140200,1222210.00000000,0.00140100,731248.00000000,0.00140000,371632.00000000,0.00139900,77339.00000000,0.00139800,723128.00000000,0.00139700,67773.00000000,0.00139600,1072315.00000000,0.00139500,2919601.00000000,0.00140600,355204.00000000,0.00140700,241119.00000000,0.00140800,1240931.00000000,0.00140900,80166.00000000,0.00141000,1185584.00000000,0.00141100,295426.00000000,0.00141200,629182.00000000,0.00141300,354934.00000000,0.00141400,198647.00000000,0.00141500,287127.00000000,0.03172,14,0.03171,89,0.0317,14,0.03169,15,0.03168,103,0.03167,54,0.03163,15,0.03162,104,0.03158,15,0.03157,103,0.03176,14,0.03178,14,0.03179,83,0.0318,103,0.03182,15,0.03183,104,0.03185,14,0.03186,103,0.03188,15,0.03189,103
binance,gate,FUNUSDT,0.00140600,0.03169,2153.9118,1774116688359,0.00140500,5259.00000000,0.00140300,414123.00000000,0.00140200,1222210.00000000,0.00140100,731248.00000000,0.00140000,371632.00000000,0.00139900,77339.00000000,0.00139800,723128.00000000,0.00139700,67773.00000000,0.00139600,1072315.00000000,0.00139500,2919601.00000000,0.00140600,355204.00000000,0.00140700,241119.00000000,0.00140800,1240931.00000000,0.00140900,80166.00000000,0.00141000,1185584.00000000,0.00141100,295426.00000000,0.00141200,629182.00000000,0.00141300,354934.00000000,0.00141400,198647.00000000,0.00141500,287127.00000000,0.03172,14,0.03171,89,0.0317,14,0.03169,15,0.03168,103,0.03163,15,0.03162,104,0.03158,15,0.03157,103,0.03153,24,0.03178,83,0.03179,14,0.0318,103,0.03182,15,0.03183,104,0.03185,14,0.03186,103,0.03188,15,0.03189,103,0.03191,14
binance,gate,FUNUSDT,0.00140600,0.03172,2156.0455,1774116688659,0.00140500,5259.00000000,0.00140300,414123.00000000,0.00140200,1222210.00000000,0.00140100,731248.00000000,0.00140000,371632.00000000,0.00139900,77339.00000000,0.00139800,723128.00000000,0.00139700,67773.00000000,0.00139600,1072315.00000000,0.00139500,2919601.00000000,0.00140600,355204.00000000,0.00140700,241119.00000000,0.00140800,1240931.00000000,0.00140900,80166.00000000,0.00141000,1185584.00000000,0.00141100,295426.00000000,0.00141200,629182.00000000,0.00141300,354934.00000000,0.00141400,198647.00000000,0.00141500,287127.00000000,0.03172,14,0.03171,89,0.0317,14,0.03169,15,0.03168,103,0.03163,15,0.03162,104,0.03158,15,0.03157,103,0.03153,24,0.03178,83,0.03179,14,0.0318,103,0.03182,15,0.03183,104,0.03185,14,0.03186,103,0.03188,15,0.03189,103,0.03191,14
binance,gate,FUNUSDT,0.00140600,0.03172,2156.0455,1774116688959,0.00140500,5259.00000000,0.00140300,414123.00000000,0.00140200,1222210.00000000,0.00140100,731248.00000000,0.00140000,371632.00000000,0.00139900,77339.00000000,0.00139800,723128.00000000,0.00139700,67773.00000000,0.00139600,1072315.00000000,0.00139500,2919601.00000000,0.00140600,355204.00000000,0.00140700,241119.00000000,0.00140800,1240931.00000000,0.00140900,80166.00000000,0.00141000,1185584.00000000,0.00141100,295426.00000000,0.00141200,629182.00000000,0.00141300,354934.00000000,0.00141400,198647.00000000,0.00141500,287127.00000000,0.03172,14,0.03171,89,0.0317,14,0.03169,15,0.03168,103,0.03163,15,0.03162,104,0.03158,15,0.03157,103,0.03153,24,0.03176,14,0.03177,83,0.03178,14,0.03179,14,0.0318,103,0.03182,15,0.03183,104,0.03185,14,0.03186,103,0.03188,15
binance,gate,FUNUSDT,0.00140600,0.03172,2156.0455,1774116689260,0.00140500,5259.00000000,0.00140300,414123.00000000,0.00140200,1222210.00000000,0.00140100,731248.00000000,0.00140000,371632.00000000,0.00139900,77339.00000000,0.00139800,723128.00000000,0.00139700,67773.00000000,0.00139600,1072315.00000000,0.00139500,2919601.00000000,0.00140600,355204.00000000,0.00140700,241119.00000000,0.00140800,1240931.00000000,0.00140900,80166.00000000,0.00141000,1185584.00000000,0.00141100,295426.00000000,0.00141200,629182.00000000,0.00141300,354934.00000000,0.00141400,198647.00000000,0.00141500,287127.00000000,0.03172,14,0.03171,89,0.0317,14,0.03169,15,0.03168,103,0.03163,15,0.03162,104,0.03158,15,0.03157,103,0.03153,24,0.03177,69,0.03178,14,0.03179,14,0.0318,103,0.03182,15,0.03183,104,0.03185,14,0.03186,103,0.03188,15,0.03189,103
binance,gate,FUNUSDT,0.00140600,0.03172,2156.0455,1774116689561,0.00140500,5259.00000000,0.00140300,414123.00000000,0.00140200,1222210.00000000,0.00140100,731248.00000000,0.00140000,371632.00000000,0.00139900,77339.00000000,0.00139800,723128.00000000,0.00139700,67773.00000000,0.00139600,1072315.00000000,0.00139500,2919601.00000000,0.00140600,355204.00000000,0.00140700,241119.00000000,0.00140800,1240931.00000000,0.00140900,80166.00000000,0.00141000,1185584.00000000,0.00141100,295426.00000000,0.00141200,629182.00000000,0.00141300,354934.00000000,0.00141400,198647.00000000,0.00141500,287127.00000000,0.03172,14,0.03171,89,0.0317,14,0.03169,15,0.03168,103,0.03163,15,0.03162,104,0.03158,15,0.03157,103,0.03153,24,0.03176,14,0.03177,69,0.03179,14,0.0318,103,0.03182,15,0.03183,104,0.03185,14,0.03186,103,0.03188,15,0.03189,103
binance,gate,FUNUSDT,0.00140600,0.03172,2156.0455,1774116689861,0.00140500,5259.00000000,0.00140300,414123.00000000,0.00140200,1222210.00000000,0.00140100,731248.00000000,0.00140000,371632.00000000,0.00139900,77339.00000000,0.00139800,723128.00000000,0.00139700,67773.00000000,0.00139600,1072315.00000000,0.00139500,2919601.00000000,0.00140600,355204.00000000,0.00140700,241119.00000000,0.00140800,1240931.00000000,0.00140900,80166.00000000,0.00141000,1185584.00000000,0.00141100,295426.00000000,0.00141200,629182.00000000,0.00141300,354934.00000000,0.00141400,198647.00000000,0.00141500,287127.00000000,0.03172,14,0.03171,89,0.0317,14,0.03169,15,0.03168,103,0.03163,15,0.03162,104,0.03158,15,0.03157,103,0.03153,24,0.03177,14,0.03178,69,0.03179,14,0.0318,103,0.03182,15,0.03183,104,0.03185,14,0.03186,103,0.03188,15,0.03189,103
binance,gate,FUNUSDT,0.00140600,0.0317,2154.623,1774116690162,0.00140500,5259.00000000,0.00140300,414123.00000000,0.00140200,1222210.00000000,0.00140100,731248.00000000,0.00140000,371632.00000000,0.00139900,77339.00000000,0.00139800,723128.00000000,0.00139700,67773.00000000,0.00139600,1072315.00000000,0.00139500,2919601.00000000,0.00140600,355204.00000000,0.00140700,241119.00000000,0.00140800,1240931.00000000,0.00140900,80166.00000000,0.00141000,1185584.00000000,0.00141100,295426.00000000,0.00141200,629182.00000000,0.00141300,354934.00000000,0.00141400,198647.00000000,0.00141500,287127.00000000,0.03172,14,0.03171,89,0.0317,14,0.03169,15,0.03168,103,0.03163,15,0.03162,104,0.03158,15,0.03157,103,0.03153,24,0.03177,69,0.03178,14,0.03179,14,0.0318,103,0.03182,15,0.03183,104,0.03185,14,0.03186,103,0.03188,15,0.03189,103
binance,gate,FUNUSDT,0.00140600,0.0317,2154.623,1774116690462,0.00140500,5259.00000000,0.00140300,414123.00000000,0.00140200,1222210.00000000,0.00140100,731248.00000000,0.00140000,371632.00000000,0.00139900,77339.00000000,0.00139800,723128.00000000,0.00139700,67773.00000000,0.00139600,1072315.00000000,0.00139500,2919601.00000000,0.00140600,355204.00000000,0.00140700,241119.00000000,0.00140800,1240931.00000000,0.00140900,80166.00000000,0.00141000,1185584.00000000,0.00141100,295426.00000000,0.00141200,629182.00000000,0.00141300,354934.00000000,0.00141400,198647.00000000,0.00141500,287127.00000000,0.0317,14,0.03169,28,0.03168,103,0.03167,54,0.03163,15,0.03162,104,0.03158,15,0.03157,103,0.03153,24,0.03152,25,0.03178,14,0.03179,83,0.0318,103,0.03182,15,0.03183,104,0.03185,14,0.03186,103,0.03188,15,0.03189,103,0.03191,14
binance,gate,FUNUSDT,0.00140600,0.03169,2153.9118,1774116690762,0.00140500,5259.00000000,0.00140300,414123.00000000,0.00140200,1222210.00000000,0.00140100,731248.00000000,0.00140000,371632.00000000,0.00139900,77339.00000000,0.00139800,723128.00000000,0.00139700,67773.00000000,0.00139600,1072315.00000000,0.00139500,2919601.00000000,0.00140600,355204.00000000,0.00140700,241119.00000000,0.00140800,1240931.00000000,0.00140900,80166.00000000,0.00141000,1185584.00000000,0.00141100,295426.00000000,0.00141200,629182.00000000,0.00141300,354934.00000000,0.00141400,198647.00000000,0.00141500,287127.00000000,0.03169,15,0.03168,103,0.03167,54,0.03163,15,0.03162,104,0.03158,15,0.03157,103,0.03153,24,0.03152,25,0.03151,103,0.03178,14,0.03179,83,0.0318,103,0.03182,15,0.03183,104,0.03185,14,0.03186,103,0.03188,15,0.03189,103,0.03191,14
binance,gate,FUNUSDT,0.00140600,0.03169,2153.9118,1774116691063,0.00140500,5259.00000000,0.00140300,414123.00000000,0.00140200,1222210.00000000,0.00140100,731248.00000000,0.00140000,371632.00000000,0.00139900,77339.00000000,0.00139800,723128.00000000,0.00139700,67773.00000000,0.00139600,1072315.00000000,0.00139500,2919601.00000000,0.00140600,355204.00000000,0.00140700,241119.00000000,0.00140800,1240931.00000000,0.00140900,80166.00000000,0.00141000,1185584.00000000,0.00141100,295426.00000000,0.00141200,629182.00000000,0.00141300,354934.00000000,0.00141400,198647.00000000,0.00141500,287127.00000000,0.03169,15,0.03168,103,0.03167,54,0.03163,15,0.03162,104,0.03158,15,0.03157,103,0.03153,24,0.03152,25,0.03151,103,0.03178,14,0.03179,83,0.0318,103,0.03182,15,0.03183,104,0.03185,14,0.03186,103,0.03188,15,0.03189,103,0.03191,14
binance,gate,FUNUSDT,0.00140600,0.03169,2153.9118,1774116691368,0.00140500,5259.00000000,0.00140300,414123.00000000,0.00140200,1222210.00000000,0.00140100,731248.00000000,0.00140000,371632.00000000,0.00139900,77339.00000000,0.00139800,723128.00000000,0.00139700,67773.00000000,0.00139600,1072315.00000000,0.00139500,2919601.00000000,0.00140600,355204.00000000,0.00140700,241119.00000000,0.00140800,1240931.00000000,0.00140900,80166.00000000,0.00141000,1185584.00000000,0.00141100,295426.00000000,0.00141200,629182.00000000,0.00141300,354934.00000000,0.00141400,198647.00000000,0.00141500,287127.00000000,0.03169,15,0.03168,103,0.03167,54,0.03163,15,0.03162,104,0.03158,15,0.03157,103,0.03153,24,0.03152,25,0.03151,103,0.03178,14,0.03179,83,0.0318,103,0.03182,15,0.03183,104,0.03185,14,0.03186,103,0.03188,15,0.03189,103,0.03191,14
binance,gate,FUNUSDT,0.00140600,0.03169,2153.9118,1774116691677,0.00140500,5259.00000000,0.00140300,414123.00000000,0.00140200,1222210.00000000,0.00140100,731248.00000000,0.00140000,371632.00000000,0.00139900,77339.00000000,0.00139800,723128.00000000,0.00139700,67773.00000000,0.00139600,1072315.00000000,0.00139500,2919601.00000000,0.00140600,355204.00000000,0.00140700,241119.00000000,0.00140800,1240931.00000000,0.00140900,80166.00000000,0.00141000,1185584.00000000,0.00141100,295426.00000000,0.00141200,629182.00000000,0.00141300,354934.00000000,0.00141400,198647.00000000,0.00141500,287127.00000000,0.0317,14,0.03169,23,0.03168,103,0.03167,54,0.03163,15,0.03162,104,0.03158,15,0.03157,103,0.03153,24,0.03152,25,0.03178,14,0.03179,83,0.0318,103,0.03182,15,0.03183,104,0.03185,14,0.03186,103,0.03188,15,0.03189,103,0.03191,14
binance,gate,FUNUSDT,0.00140600,0.03169,2153.9118,1774116691977,0.00140500,5259.00000000,0.00140300,414123.00000000,0.00140200,1222210.00000000,0.00140100,731248.00000000,0.00140000,371632.00000000,0.00139900,77339.00000000,0.00139800,723128.00000000,0.00139700,67773.00000000,0.00139600,1072315.00000000,0.00139500,2919601.00000000,0.00140600,355204.00000000,0.00140700,241119.00000000,0.00140800,1240931.00000000,0.00140900,80166.00000000,0.00141000,1185584.00000000,0.00141100,295426.00000000,0.00141200,629182.00000000,0.00141300,354934.00000000,0.00141400,198647.00000000,0.00141500,287127.00000000,0.03169,15,0.03168,103,0.03167,54,0.03163,15,0.03162,104,0.03158,15,0.03157,103,0.03153,24,0.03152,25,0.03151,103,0.03178,14,0.03179,83,0.0318,103,0.03182,15,0.03183,104,0.03185,14,0.03186,103,0.03188,15,0.03189,103,0.03191,14
binance,gate,FUNUSDT,0.00140600,0.03169,2153.9118,1774116692277,0.00140500,5259.00000000,0.00140300,414123.00000000,0.00140200,1222210.00000000,0.00140100,731248.00000000,0.00140000,371632.00000000,0.00139900,77339.00000000,0.00139800,723128.00000000,0.00139700,67773.00000000,0.00139600,1072315.00000000,0.00139500,2919601.00000000,0.00140600,355204.00000000,0.00140700,241119.00000000,0.00140800,1240931.00000000,0.00140900,80166.00000000,0.00141000,1185584.00000000,0.00141100,295426.00000000,0.00141200,629182.00000000,0.00141300,354934.00000000,0.00141400,198647.00000000,0.00141500,287127.00000000,0.03169,15,0.03168,103,0.03167,54,0.03163,15,0.03162,104,0.03158,15,0.03157,103,0.03153,24,0.03152,25,0.03151,103,0.03178,14,0.03179,83,0.0318,103,0.03182,15,0.03183,104,0.03185,14,0.03186,103,0.03188,15,0.03189,103,0.03191,14
binance,gate,FUNUSDT,0.00140600,0.03169,2153.9118,1774116692578,0.00140500,5259.00000000,0.00140300,414123.00000000,0.00140200,1222210.00000000,0.00140100,731248.00000000,0.00140000,371632.00000000,0.00139900,77339.00000000,0.00139800,723128.00000000,0.00139700,67773.00000000,0.00139600,1072315.00000000,0.00139500,2919601.00000000,0.00140600,355204.00000000,0.00140700,241119.00000000,0.00140800,1240931.00000000,0.00140900,80166.00000000,0.00141000,1185584.00000000,0.00141100,295426.00000000,0.00141200,629182.00000000,0.00141300,354934.00000000,0.00141400,198647.00000000,0.00141500,287127.00000000,0.0317,14,0.03169,24,0.03168,103,0.03167,54,0.03163,15,0.03162,104,0.03158,15,0.03157,103,0.03153,24,0.03152,25,0.03178,14,0.03179,83,0.0318,103,0.03182,15,0.03183,104,0.03185,14,0.03186,103,0.03188,15,0.03189,103,0.03191,14
binance,gate,FUNUSDT,0.00140600,0.0317,2154.623,1774116692879,0.00140500,5259.00000000,0.00140300,414123.00000000,0.00140200,1222210.00000000,0.00140100,731248.00000000,0.00140000,371632.00000000,0.00139900,77339.00000000,0.00139800,723128.00000000,0.00139700,67773.00000000,0.00139600,1072315.00000000,0.00139500,2919601.00000000,0.00140600,355204.00000000,0.00140700,241119.00000000,0.00140800,1240931.00000000,0.00140900,80166.00000000,0.00141000,1185584.00000000,0.00141100,295426.00000000,0.00141200,629182.00000000,0.00141300,354934.00000000,0.00141400,198647.00000000,0.00141500,287127.00000000,0.0317,14,0.03169,23,0.03168,103,0.03167,54,0.03163,15,0.03162,104,0.03158,15,0.03157,103,0.03153,24,0.03152,25,0.03178,14,0.03179,83,0.0318,103,0.03182,15,0.03183,104,0.03185,14,0.03186,103,0.03188,15,0.03189,103,0.03191,14
binance,gate,FUNUSDT,0.00140600,0.0317,2154.623,1774116693179,0.00140500,5259.00000000,0.00140300,414123.00000000,0.00140200,1222210.00000000,0.00140100,731248.00000000,0.00140000,371632.00000000,0.00139900,77339.00000000,0.00139800,723128.00000000,0.00139700,67773.00000000,0.00139600,1072315.00000000,0.00139500,2919601.00000000,0.00140600,355204.00000000,0.00140700,241119.00000000,0.00140800,1240931.00000000,0.00140900,80166.00000000,0.00141000,1185584.00000000,0.00141100,295426.00000000,0.00141200,629182.00000000,0.00141300,354934.00000000,0.00141400,198647.00000000,0.00141500,287127.00000000,0.0317,14,0.03169,15,0.03168,103,0.03167,54,0.03163,15,0.03162,104,0.03158,15,0.03157,103,0.03153,24,0.03152,25,0.03178,14,0.03179,83,0.0318,103,0.03182,15,0.03183,104,0.03185,14,0.03186,103,0.03188,15,0.03189,103,0.03191,14
binance,gate,FUNUSDT,0.00140600,0.0317,2154.623,1774116693479,0.00140500,5259.00000000,0.00140300,414123.00000000,0.00140200,1222210.00000000,0.00140100,731248.00000000,0.00140000,371632.00000000,0.00139900,77339.00000000,0.00139800,723128.00000000,0.00139700,67773.00000000,0.00139600,1072315.00000000,0.00139500,2919601.00000000,0.00140600,355204.00000000,0.00140700,241119.00000000,0.00140800,1240931.00000000,0.00140900,80166.00000000,0.00141000,1185584.00000000,0.00141100,295426.00000000,0.00141200,629182.00000000,0.00141300,354934.00000000,0.00141400,198647.00000000,0.00141500,287127.00000000,0.0317,14,0.03169,15,0.03168,103,0.03167,54,0.03163,15,0.03162,104,0.03158,15,0.03157,103,0.03153,24,0.03152,25,0.03178,14,0.03179,83,0.0318,103,0.03182,15,0.03183,104,0.03185,14,0.03186,103,0.03188,15,0.03189,103,0.03191,14
binance,gate,FUNUSDT,0.00140600,0.0317,2154.623,1774116693779,0.00140500,5259.00000000,0.00140300,414123.00000000,0.00140200,1222210.00000000,0.00140100,731248.00000000,0.00140000,371632.00000000,0.00139900,77339.00000000,0.00139800,723128.00000000,0.00139700,67773.00000000,0.00139600,1072315.00000000,0.00139500,2919601.00000000,0.00140600,355204.00000000,0.00140700,241119.00000000,0.00140800,1240931.00000000,0.00140900,80166.00000000,0.00141000,1185584.00000000,0.00141100,295426.00000000,0.00141200,629182.00000000,0.00141300,354934.00000000,0.00141400,198647.00000000,0.00141500,287127.00000000,0.0317,14,0.03169,15,0.03168,103,0.03167,54,0.03163,15,0.03162,104,0.03158,15,0.03157,103,0.03153,24,0.03152,25,0.03178,14,0.03179,83,0.0318,103,0.03182,15,0.03183,104,0.03185,14,0.03186,103,0.03188,15,0.03189,103,0.03191,14
binance,gate,FUNUSDT,0.00140600,0.0317,2154.623,1774116694080,0.00140500,5259.00000000,0.00140300,414123.00000000,0.00140200,1222210.00000000,0.00140100,731248.00000000,0.00140000,371632.00000000,0.00139900,77339.00000000,0.00139800,723128.00000000,0.00139700,67773.00000000,0.00139600,1072315.00000000,0.00139500,2919601.00000000,0.00140600,355204.00000000,0.00140700,241119.00000000,0.00140800,1240931.00000000,0.00140900,80166.00000000,0.00141000,1185584.00000000,0.00141100,295426.00000000,0.00141200,629182.00000000,0.00141300,354934.00000000,0.00141400,198647.00000000,0.00141500,287127.00000000,0.0317,14,0.03169,15,0.03168,103,0.03167,54,0.03163,15,0.03162,104,0.03158,15,0.03157,103,0.03153,24,0.03152,25,0.03178,14,0.03179,83,0.0318,103,0.03182,15,0.03183,104,0.03185,14,0.03186,103,0.03188,15,0.03189,103,0.03191,14
binance,gate,FUNUSDT,0.00140600,0.0317,2154.623,1774116694381,0.00140500,5259.00000000,0.00140300,414123.00000000,0.00140200,1222210.00000000,0.00140100,731248.00000000,0.00140000,371632.00000000,0.00139900,77339.00000000,0.00139800,723128.00000000,0.00139700,67773.00000000,0.00139600,1072315.00000000,0.00139500,2919601.00000000,0.00140600,355204.00000000,0.00140700,241119.00000000,0.00140800,1240931.00000000,0.00140900,80166.00000000,0.00141000,1185584.00000000,0.00141100,295426.00000000,0.00141200,629182.00000000,0.00141300,354934.00000000,0.00141400,198647.00000000,0.00141500,287127.00000000,0.0317,14,0.03169,15,0.03168,103,0.03167,54,0.03163,15,0.03162,104,0.03158,15,0.03157,103,0.03153,24,0.03152,25,0.03178,14,0.03179,83,0.0318,103,0.03182,15,0.03183,104,0.03185,14,0.03186,103,0.03188,15,0.03189,103,0.03191,14
binance,gate,FUNUSDT,0.00140600,0.0317,2154.623,1774116694681,0.00140500,5259.00000000,0.00140300,414123.00000000,0.00140200,1222210.00000000,0.00140100,731248.00000000,0.00140000,371632.00000000,0.00139900,77339.00000000,0.00139800,723128.00000000,0.00139700,67773.00000000,0.00139600,1072315.00000000,0.00139500,2919601.00000000,0.00140600,355204.00000000,0.00140700,241119.00000000,0.00140800,1240931.00000000,0.00140900,80166.00000000,0.00141000,1185584.00000000,0.00141100,295426.00000000,0.00141200,629182.00000000,0.00141300,354934.00000000,0.00141400,198647.00000000,0.00141500,287127.00000000,0.0317,14,0.03169,15,0.03168,103,0.03167,54,0.03163,15,0.03162,104,0.03158,15,0.03157,103,0.03153,24,0.03152,25,0.03178,14,0.03179,83,0.0318,103,0.03182,15,0.03183,104,0.03185,14,0.03186,103,0.03188,15,0.03189,103,0.03191,14
binance,gate,FUNUSDT,0.00140600,0.0317,2154.623,1774116694981,0.00140500,5259.00000000,0.00140300,414123.00000000,0.00140200,1222210.00000000,0.00140100,731248.00000000,0.00140000,371632.00000000,0.00139900,77339.00000000,0.00139800,723128.00000000,0.00139700,67773.00000000,0.00139600,1072315.00000000,0.00139500,2919601.00000000,0.00140600,355204.00000000,0.00140700,241119.00000000,0.00140800,1240931.00000000,0.00140900,80166.00000000,0.00141000,1185584.00000000,0.00141100,295426.00000000,0.00141200,629182.00000000,0.00141300,354934.00000000,0.00141400,198647.00000000,0.00141500,287127.00000000,0.0317,14,0.03169,15,0.03168,103,0.03167,54,0.03163,15,0.03162,104,0.03158,15,0.03157,103,0.03153,24,0.03152,25,0.03178,14,0.03179,83,0.0318,103,0.03182,15,0.03183,104,0.03185,14,0.03186,103,0.03188,15,0.03189,103,0.03191,14
binance,gate,FUNUSDT,0.00140600,0.0317,2154.623,1774116695281,0.00140500,5259.00000000,0.00140300,414123.00000000,0.00140200,1222210.00000000,0.00140100,731248.00000000,0.00140000,371632.00000000,0.00139900,77339.00000000,0.00139800,723128.00000000,0.00139700,67773.00000000,0.00139600,1072315.00000000,0.00139500,2919601.00000000,0.00140600,355204.00000000,0.00140700,241119.00000000,0.00140800,1240931.00000000,0.00140900,80166.00000000,0.00141000,1185584.00000000,0.00141100,295426.00000000,0.00141200,629182.00000000,0.00141300,354934.00000000,0.00141400,198647.00000000,0.00141500,287127.00000000,0.0317,14,0.03169,15,0.03168,103,0.03167,54,0.03163,15,0.03162,104,0.03158,15,0.03157,103,0.03153,24,0.03152,25,0.03178,14,0.03179,83,0.0318,103,0.03182,15,0.03183,104,0.03185,14,0.03186,103,0.03188,15,0.03189,103,0.03191,14
binance,gate,FUNUSDT,0.00140600,0.0317,2154.623,1774116695581,0.00140500,5259.00000000,0.00140300,414123.00000000,0.00140200,1222210.00000000,0.00140100,731248.00000000,0.00140000,371632.00000000,0.00139900,77339.00000000,0.00139800,723128.00000000,0.00139700,67773.00000000,0.00139600,1072315.00000000,0.00139500,2919601.00000000,0.00140600,355204.00000000,0.00140700,241119.00000000,0.00140800,1240931.00000000,0.00140900,80166.00000000,0.00141000,1185584.00000000,0.00141100,295426.00000000,0.00141200,629182.00000000,0.00141300,354934.00000000,0.00141400,198647.00000000,0.00141500,287127.00000000,0.0317,14,0.03169,15,0.03168,103,0.03167,54,0.03163,15,0.03162,104,0.03158,15,0.03157,103,0.03153,24,0.03152,25,0.03178,14,0.03179,83,0.0318,103,0.03182,15,0.03183,104,0.03185,14,0.03186,103,0.03188,15,0.03189,103,0.03191,14
binance,gate,FUNUSDT,0.00140600,0.0317,2154.623,1774116695881,0.00140500,5259.00000000,0.00140300,414123.00000000,0.00140200,1222210.00000000,0.00140100,731248.00000000,0.00140000,371632.00000000,0.00139900,77339.00000000,0.00139800,723128.00000000,0.00139700,67773.00000000,0.00139600,1072315.00000000,0.00139500,2919601.00000000,0.00140600,355204.00000000,0.00140700,241119.00000000,0.00140800,1240931.00000000,0.00140900,80166.00000000,0.00141000,1185584.00000000,0.00141100,295426.00000000,0.00141200,629182.00000000,0.00141300,354934.00000000,0.00141400,198647.00000000,0.00141500,287127.00000000,0.0317,14,0.03169,15,0.03168,103,0.03167,54,0.03163,15,0.03162,104,0.03158,15,0.03157,103,0.03153,24,0.03152,25,0.03178,14,0.03179,83,0.0318,103,0.03182,15,0.03183,104,0.03185,14,0.03186,103,0.03188,15,0.03189,103,0.03191,14
binance,gate,FUNUSDT,0.00140600,0.0317,2154.623,1774116696181,0.00140500,5259.00000000,0.00140300,414123.00000000,0.00140200,1222210.00000000,0.00140100,731248.00000000,0.00140000,371632.00000000,0.00139900,77339.00000000,0.00139800,723128.00000000,0.00139700,67773.00000000,0.00139600,1072315.00000000,0.00139500,2919601.00000000,0.00140600,355204.00000000,0.00140700,241119.00000000,0.00140800,1240931.00000000,0.00140900,80166.00000000,0.00141000,1185584.00000000,0.00141100,295426.00000000,0.00141200,629182.00000000,0.00141300,354934.00000000,0.00141400,198647.00000000,0.00141500,287127.00000000,0.0317,14,0.03169,15,0.03168,103,0.03167,54,0.03163,15,0.03162,104,0.03158,15,0.03157,103,0.03153,24,0.03152,25,0.03178,14,0.03179,83,0.0318,103,0.03182,15,0.03183,104,0.03185,14,0.03186,103,0.03188,15,0.03189,103,0.03191,14
binance,gate,FUNUSDT,0.00140600,0.0317,2154.623,1774116696481,0.00140500,5259.00000000,0.00140300,414123.00000000,0.00140200,1222210.00000000,0.00140100,731248.00000000,0.00140000,371632.00000000,0.00139900,77339.00000000,0.00139800,723128.00000000,0.00139700,67773.00000000,0.00139600,1072315.00000000,0.00139500,2919601.00000000,0.00140600,355204.00000000,0.00140700,241119.00000000,0.00140800,1240931.00000000,0.00140900,80166.00000000,0.00141000,1185584.00000000,0.00141100,295426.00000000,0.00141200,629182.00000000,0.00141300,354934.00000000,0.00141400,198647.00000000,0.00141500,287127.00000000,0.0317,14,0.03169,15,0.03168,103,0.03167,54,0.03163,15,0.03162,104,0.03158,15,0.03157,103,0.03153,24,0.03152,25,0.03178,14,0.03179,83,0.0318,103,0.03182,15,0.03183,104,0.03185,14,0.03186,103,0.03188,15,0.03189,103,0.03191,14
binance,gate,FUNUSDT,0.00140600,0.0317,2154.623,1774116696781,0.00140500,5259.00000000,0.00140300,414123.00000000,0.00140200,1222210.00000000,0.00140100,731248.00000000,0.00140000,371632.00000000,0.00139900,77339.00000000,0.00139800,723128.00000000,0.00139700,67773.00000000,0.00139600,1072315.00000000,0.00139500,2919601.00000000,0.00140600,355204.00000000,0.00140700,241119.00000000,0.00140800,1240931.00000000,0.00140900,80166.00000000,0.00141000,1185584.00000000,0.00141100,295426.00000000,0.00141200,629182.00000000,0.00141300,354934.00000000,0.00141400,198647.00000000,0.00141500,287127.00000000,0.0317,14,0.03169,15,0.03168,103,0.03167,54,0.03163,15,0.03162,104,0.03158,15,0.03157,103,0.03153,24,0.03152,25,0.03178,14,0.03179,83,0.0318,103,0.03182,15,0.03183,104,0.03185,14,0.03186,103,0.03188,15,0.03189,103,0.03191,14
binance,gate,FUNUSDT,0.00140600,0.0317,2154.623,1774116697082,0.00140500,5259.00000000,0.00140300,414123.00000000,0.00140200,1222210.00000000,0.00140100,731248.00000000,0.00140000,371632.00000000,0.00139900,77339.00000000,0.00139800,723128.00000000,0.00139700,67773.00000000,0.00139600,1072315.00000000,0.00139500,2919601.00000000,0.00140600,355204.00000000,0.00140700,241119.00000000,0.00140800,1240931.00000000,0.00140900,80166.00000000,0.00141000,1185584.00000000,0.00141100,295426.00000000,0.00141200,629182.00000000,0.00141300,354934.00000000,0.00141400,198647.00000000,0.00141500,287127.00000000,0.0317,14,0.03169,15,0.03168,103,0.03167,54,0.03163,15,0.03162,104,0.03158,15,0.03157,103,0.03153,24,0.03152,25,0.03178,14,0.03179,83,0.0318,103,0.03182,15,0.03183,104,0.03185,14,0.03186,103,0.03188,15,0.03189,103,0.03191,14
binance,gate,FUNUSDT,0.00140600,0.0317,2154.623,1774116697382,0.00140500,5259.00000000,0.00140300,414123.00000000,0.00140200,1222210.00000000,0.00140100,731248.00000000,0.00140000,371632.00000000,0.00139900,77339.00000000,0.00139800,723128.00000000,0.00139700,67773.00000000,0.00139600,1072315.00000000,0.00139500,2919601.00000000,0.00140600,355204.00000000,0.00140700,241119.00000000,0.00140800,1240931.00000000,0.00140900,80166.00000000,0.00141000,1185584.00000000,0.00141100,295426.00000000,0.00141200,629182.00000000,0.00141300,354934.00000000,0.00141400,198647.00000000,0.00141500,287127.00000000,0.0317,14,0.03169,15,0.03168,103,0.03167,54,0.03163,15,0.03162,104,0.03158,15,0.03157,103,0.03153,24,0.03152,25,0.03178,14,0.03179,83,0.0318,103,0.03182,15,0.03183,104,0.03185,14,0.03186,103,0.03188,15,0.03189,103,0.03191,14
binance,gate,FUNUSDT,0.00140600,0.0317,2154.623,1774116697682,0.00140500,5259.00000000,0.00140300,414123.00000000,0.00140200,1222210.00000000,0.00140100,731248.00000000,0.00140000,371632.00000000,0.00139900,77339.00000000,0.00139800,723128.00000000,0.00139700,67773.00000000,0.00139600,1072315.00000000,0.00139500,2919601.00000000,0.00140600,355204.00000000,0.00140700,241119.00000000,0.00140800,1240931.00000000,0.00140900,80166.00000000,0.00141000,1185584.00000000,0.00141100,295426.00000000,0.00141200,629182.00000000,0.00141300,354934.00000000,0.00141400,198647.00000000,0.00141500,287127.00000000,0.0317,14,0.03169,15,0.03168,103,0.03167,54,0.03163,15,0.03162,104,0.03158,15,0.03157,103,0.03153,24,0.03152,25,0.03178,14,0.03179,83,0.0318,103,0.03182,15,0.03183,104,0.03185,14,0.03186,103,0.03188,15,0.03189,103,0.03191,14
binance,gate,FUNUSDT,0.00140600,0.03169,2153.9118,1774116697983,0.00140500,5259.00000000,0.00140300,414123.00000000,0.00140200,1222210.00000000,0.00140100,731248.00000000,0.00140000,371632.00000000,0.00139900,77339.00000000,0.00139800,723128.00000000,0.00139700,67773.00000000,0.00139600,1072315.00000000,0.00139500,2919601.00000000,0.00140600,355204.00000000,0.00140700,241119.00000000,0.00140800,1240931.00000000,0.00140900,80166.00000000,0.00141000,1185584.00000000,0.00141100,295426.00000000,0.00141200,629182.00000000,0.00141300,354934.00000000,0.00141400,198647.00000000,0.00141500,287127.00000000,0.03169,15,0.03168,103,0.03167,54,0.03163,15,0.03162,104,0.03158,15,0.03157,103,0.03153,24,0.03152,25,0.03151,103,0.03178,14,0.03179,83,0.0318,103,0.03182,15,0.03183,104,0.03185,14,0.03186,103,0.03188,15,0.03189,103,0.03191,14
binance,gate,FUNUSDT,0.00140600,0.03169,2153.9118,1774116698283,0.00140500,5259.00000000,0.00140300,414123.00000000,0.00140200,1222210.00000000,0.00140100,731248.00000000,0.00140000,371632.00000000,0.00139900,77339.00000000,0.00139800,723128.00000000,0.00139700,67773.00000000,0.00139600,1072315.00000000,0.00139500,2919601.00000000,0.00140600,355204.00000000,0.00140700,241119.00000000,0.00140800,1240931.00000000,0.00140900,80166.00000000,0.00141000,1185584.00000000,0.00141100,295426.00000000,0.00141200,629182.00000000,0.00141300,354934.00000000,0.00141400,198647.00000000,0.00141500,287127.00000000,0.03169,15,0.03168,103,0.03167,54,0.03163,15,0.03162,104,0.03158,15,0.03157,103,0.03153,24,0.03152,25,0.03151,103,0.03178,14,0.03179,83,0.0318,103,0.03182,15,0.03183,104,0.03185,14,0.03186,103,0.03188,15,0.03189,103,0.03191,14
binance,gate,FUNUSDT,0.00140600,0.0317,2154.623,1774116698583,0.00140500,5259.00000000,0.00140300,414123.00000000,0.00140200,1222210.00000000,0.00140100,731248.00000000,0.00140000,371632.00000000,0.00139900,77339.00000000,0.00139800,723128.00000000,0.00139700,67773.00000000,0.00139600,1072315.00000000,0.00139500,2919601.00000000,0.00140600,355204.00000000,0.00140700,241119.00000000,0.00140800,1240931.00000000,0.00140900,80166.00000000,0.00141000,1185584.00000000,0.00141100,295426.00000000,0.00141200,629182.00000000,0.00141300,354934.00000000,0.00141400,198647.00000000,0.00141500,287127.00000000,0.0317,15,0.03169,24,0.03168,103,0.03167,54,0.03163,15,0.03162,104,0.03158,15,0.03157,103,0.03153,24,0.03152,25,0.03178,14,0.03179,83,0.0318,103,0.03182,15,0.03183,104,0.03185,14,0.03186,103,0.03188,15,0.03189,103,0.03191,14
binance,gate,FUNUSDT,0.00140600,0.0317,2154.623,1774116698883,0.00140500,5259.00000000,0.00140300,414123.00000000,0.00140200,1222210.00000000,0.00140100,731248.00000000,0.00140000,371632.00000000,0.00139900,77339.00000000,0.00139800,723128.00000000,0.00139700,67773.00000000,0.00139600,1072315.00000000,0.00139500,2919601.00000000,0.00140600,355204.00000000,0.00140700,241119.00000000,0.00140800,1240931.00000000,0.00140900,80166.00000000,0.00141000,1185584.00000000,0.00141100,295426.00000000,0.00141200,629182.00000000,0.00141300,354934.00000000,0.00141400,198647.00000000,0.00141500,287127.00000000,0.03169,15,0.03168,103,0.03167,54,0.03163,15,0.03162,104,0.03158,15,0.03157,103,0.03153,24,0.03152,25,0.03151,103,0.03178,14,0.03179,83,0.0318,103,0.03182,15,0.03183,104,0.03185,14,0.03186,103,0.03188,15,0.03189,103,0.03191,14
binance,gate,FUNUSDT,0.00140600,0.03169,2153.9118,1774116699183,0.00140500,5259.00000000,0.00140300,414123.00000000,0.00140200,1222210.00000000,0.00140100,731248.00000000,0.00140000,371632.00000000,0.00139900,77339.00000000,0.00139800,723128.00000000,0.00139700,67773.00000000,0.00139600,1072315.00000000,0.00139500,2919601.00000000,0.00140600,355204.00000000,0.00140700,241119.00000000,0.00140800,1240931.00000000,0.00140900,80166.00000000,0.00141000,1185584.00000000,0.00141100,295426.00000000,0.00141200,629182.00000000,0.00141300,354934.00000000,0.00141400,198647.00000000,0.00141500,287127.00000000,0.03169,15,0.03168,103,0.03167,54,0.03163,15,0.03162,104,0.03158,15,0.03157,103,0.03153,24,0.03152,25,0.03151,103,0.03178,14,0.03179,83,0.0318,103,0.03182,15,0.03183,104,0.03185,14,0.03186,103,0.03188,15,0.03189,103,0.03191,14
binance,gate,FUNUSDT,0.00140600,0.03169,2153.9118,1774116699483,0.00140500,5259.00000000,0.00140300,252965.00000000,0.00140200,367701.00000000,0.00140100,302298.00000000,0.00140000,371632.00000000,0.00139900,77339.00000000,0.00139800,723128.00000000,0.00139700,67773.00000000,0.00139600,1072315.00000000,0.00139500,2919601.00000000,0.00140600,355204.00000000,0.00140700,241119.00000000,0.00140800,386422.00000000,0.00140900,80166.00000000,0.00141000,331075.00000000,0.00141100,295426.00000000,0.00141200,629182.00000000,0.00141300,354934.00000000,0.00141400,198647.00000000,0.00141500,287127.00000000,0.03169,15,0.03168,103,0.03167,54,0.03163,15,0.03162,104,0.03158,15,0.03157,103,0.03153,24,0.03152,25,0.03151,103,0.03178,14,0.03179,83,0.0318,103,0.03182,15,0.03183,104,0.03185,14,0.03186,103,0.03188,15,0.03189,103,0.03191,14
binance,gate,FUNUSDT,0.00140600,0.03171,2155.3343,1774116699783,0.00140500,5259.00000000,0.00140300,252965.00000000,0.00140200,367701.00000000,0.00140100,302298.00000000,0.00140000,371632.00000000,0.00139900,77339.00000000,0.00139800,723128.00000000,0.00139700,67773.00000000,0.00139600,1072315.00000000,0.00139500,2919601.00000000,0.00140600,355204.00000000,0.00140700,241119.00000000,0.00140800,386422.00000000,0.00140900,80166.00000000,0.00141000,331075.00000000,0.00141100,295426.00000000,0.00141200,629182.00000000,0.00141300,354934.00000000,0.00141400,198647.00000000,0.00141500,287127.00000000,0.03169,15,0.03168,103,0.03167,54,0.03163,15,0.03162,104,0.03158,15,0.03157,103,0.03153,24,0.03152,25,0.03151,103,0.03178,14,0.03179,83,0.0318,103,0.03182,15,0.03183,104,0.03185,14,0.03186,103,0.03188,15,0.03189,103,0.03191,14
binance,gate,FUNUSDT,0.00140600,0.03172,2156.0455,1774116700084,0.00140500,5259.00000000,0.00140300,252965.00000000,0.00140200,367701.00000000,0.00140100,302298.00000000,0.00140000,371632.00000000,0.00139900,77339.00000000,0.00139800,723128.00000000,0.00139700,67773.00000000,0.00139600,1072315.00000000,0.00139500,2919601.00000000,0.00140600,355204.00000000,0.00140700,241119.00000000,0.00140800,386422.00000000,0.00140900,80166.00000000,0.00141000,331075.00000000,0.00141100,295426.00000000,0.00141200,629182.00000000,0.00141300,354934.00000000,0.00141400,198647.00000000,0.00141500,287127.00000000,0.03172,15,0.03171,89,0.03169,15,0.03168,103,0.03167,54,0.03163,15,0.03162,104,0.03158,15,0.03157,103,0.03153,24,0.03178,14,0.03179,83,0.0318,103,0.03182,15,0.03183,104,0.03185,14,0.03186,103,0.03188,15,0.03189,103,0.03191,14
binance,gate,FUNUSDT,0.00140600,0.03172,2156.0455,1774116700384,0.00140500,5259.00000000,0.00140300,847461.00000000,0.00140200,799413.00000000,0.00140100,734010.00000000,0.00140000,371632.00000000,0.00139900,77339.00000000,0.00139800,723128.00000000,0.00139700,67773.00000000,0.00139600,1072315.00000000,0.00139500,531324.00000000,0.00140600,355204.00000000,0.00140700,241119.00000000,0.00140800,1244111.00000000,0.00140900,80166.00000000,0.00141000,1188764.00000000,0.00141100,295426.00000000,0.00141200,629182.00000000,0.00141300,354934.00000000,0.00141400,198647.00000000,0.00141500,287127.00000000,0.03172,15,0.03171,89,0.03169,15,0.03168,103,0.03167,54,0.03163,15,0.03162,104,0.03158,15,0.03157,103,0.03153,24,0.03178,14,0.03179,83,0.0318,103,0.03182,15,0.03183,104,0.03185,14,0.03186,103,0.03188,15,0.03189,103,0.03191,14
binance,gate,FUNUSDT,0.00140600,0.03172,2156.0455,1774116700684,0.00140500,5259.00000000,0.00140300,847461.00000000,0.00140200,799413.00000000,0.00140100,734010.00000000,0.00140000,371632.00000000,0.00139900,77339.00000000,0.00139800,723128.00000000,0.00139700,67773.00000000,0.00139600,1072315.00000000,0.00139500,531324.00000000,0.00140600,355204.00000000,0.00140700,241119.00000000,0.00140800,1244111.00000000,0.00140900,80166.00000000,0.00141000,1188764.00000000,0.00141100,295426.00000000,0.00141200,629182.00000000,0.00141300,354934.00000000,0.00141400,198647.00000000,0.00141500,287127.00000000,0.03172,15,0.03171,89,0.03169,15,0.03168,103,0.03167,54,0.03163,15,0.03162,104,0.03158,15,0.03157,103,0.03153,24,0.03178,14,0.03179,83,0.0318,103,0.03182,15,0.03183,104,0.03185,14,0.03186,103,0.03188,15,0.03189,103,0.03191,14
binance,gate,FUNUSDT,0.00140600,0.03172,2156.0455,1774116700984,0.00140500,5259.00000000,0.00140300,847461.00000000,0.00140200,799413.00000000,0.00140100,734010.00000000,0.00140000,371632.00000000,0.00139900,77339.00000000,0.00139800,723128.00000000,0.00139700,67773.00000000,0.00139600,1072315.00000000,0.00139500,531324.00000000,0.00140600,355204.00000000,0.00140700,241119.00000000,0.00140800,1244111.00000000,0.00140900,80166.00000000,0.00141000,1188764.00000000,0.00141100,295426.00000000,0.00141200,629182.00000000,0.00141300,354934.00000000,0.00141400,198647.00000000,0.00141500,287127.00000000,0.03172,15,0.03171,89,0.03169,15,0.03168,103,0.03167,54,0.03163,15,0.03162,104,0.03158,15,0.03157,103,0.03153,24,0.03178,14,0.03179,83,0.0318,103,0.03182,15,0.03183,104,0.03185,14,0.03186,103,0.03188,15,0.03189,103,0.03191,14
binance,gate,FUNUSDT,0.00140600,0.03172,2156.0455,1774116701288,0.00140500,5259.00000000,0.00140300,847461.00000000,0.00140200,799413.00000000,0.00140100,734010.00000000,0.00140000,371632.00000000,0.00139900,77339.00000000,0.00139800,723128.00000000,0.00139700,67773.00000000,0.00139600,1072315.00000000,0.00139500,531324.00000000,0.00140600,355204.00000000,0.00140700,241119.00000000,0.00140800,1244111.00000000,0.00140900,80166.00000000,0.00141000,1188764.00000000,0.00141100,295426.00000000,0.00141200,629182.00000000,0.00141300,354934.00000000,0.00141400,198647.00000000,0.00141500,287127.00000000,0.03172,15,0.03171,89,0.03169,15,0.03168,103,0.03167,54,0.03163,15,0.03162,104,0.03158,15,0.03157,103,0.03153,24,0.03178,14,0.03179,83,0.0318,103,0.03182,15,0.03183,104,0.03185,14,0.03186,103,0.03188,15,0.03189,103,0.03191,14
binance,gate,FUNUSDT,0.00140600,0.03172,2156.0455,1774116701589,0.00140500,5259.00000000,0.00140300,847461.00000000,0.00140200,799413.00000000,0.00140100,734010.00000000,0.00140000,371632.00000000,0.00139900,77339.00000000,0.00139800,723128.00000000,0.00139700,67773.00000000,0.00139600,1072315.00000000,0.00139500,531324.00000000,0.00140600,355204.00000000,0.00140700,241119.00000000,0.00140800,1244111.00000000,0.00140900,80166.00000000,0.00141000,1188764.00000000,0.00141100,295426.00000000,0.00141200,629182.00000000,0.00141300,354934.00000000,0.00141400,198647.00000000,0.00141500,287127.00000000,0.03172,15,0.03171,89,0.03169,15,0.03168,103,0.03167,54,0.03163,15,0.03162,104,0.03158,15,0.03157,103,0.03153,24,0.03179,14,0.0318,103,0.03181,69,0.03182,15,0.03183,104,0.03185,14,0.03186,103,0.03188,15,0.03189,103,0.03191,14
binance,gate,FUNUSDT,0.00140600,0.03172,2156.0455,1774116701889,0.00140500,5259.00000000,0.00140300,847461.00000000,0.00140200,799413.00000000,0.00140100,734010.00000000,0.00140000,371632.00000000,0.00139900,77339.00000000,0.00139800,723128.00000000,0.00139700,67773.00000000,0.00139600,1072315.00000000,0.00139500,531324.00000000,0.00140600,355204.00000000,0.00140700,241119.00000000,0.00140800,1244111.00000000,0.00140900,80166.00000000,0.00141000,1188764.00000000,0.00141100,295426.00000000,0.00141200,629182.00000000,0.00141300,354934.00000000,0.00141400,198647.00000000,0.00141500,287127.00000000,0.03172,15,0.03171,89,0.03169,15,0.03168,103,0.03167,54,0.03163,15,0.03162,104,0.03158,15,0.03157,103,0.03153,24,0.03179,14,0.0318,103,0.03181,69,0.03182,15,0.03183,104,0.03185,14,0.03186,103,0.03188,15,0.03189,103,0.03191,14
binance,gate,FUNUSDT,0.00140600,0.03172,2156.0455,1774116702189,0.00140500,5259.00000000,0.00140300,847461.00000000,0.00140200,799413.00000000,0.00140100,734010.00000000,0.00140000,371632.00000000,0.00139900,77339.00000000,0.00139800,723128.00000000,0.00139700,67773.00000000,0.00139600,1072315.00000000,0.00139500,531324.00000000,0.00140600,355204.00000000,0.00140700,241119.00000000,0.00140800,1244111.00000000,0.00140900,80166.00000000,0.00141000,1188764.00000000,0.00141100,295426.00000000,0.00141200,629182.00000000,0.00141300,354934.00000000,0.00141400,198647.00000000,0.00141500,287127.00000000,0.03172,15,0.03171,89,0.03169,15,0.03168,103,0.03167,54,0.03163,15,0.03162,104,0.03158,15,0.03157,103,0.03153,24,0.03179,14,0.0318,103,0.03181,69,0.03182,15,0.03183,104,0.03185,14,0.03186,103,0.03188,15,0.03189,103,0.03191,14
binance,gate,FUNUSDT,0.00140600,0.03172,2156.0455,1774116702489,0.00140500,5259.00000000,0.00140300,847461.00000000,0.00140200,799413.00000000,0.00140100,734010.00000000,0.00140000,371632.00000000,0.00139900,77339.00000000,0.00139800,723128.00000000,0.00139700,67773.00000000,0.00139600,1072315.00000000,0.00139500,531324.00000000,0.00140600,355204.00000000,0.00140700,241119.00000000,0.00140800,1244111.00000000,0.00140900,80166.00000000,0.00141000,1188764.00000000,0.00141100,295426.00000000,0.00141200,629182.00000000,0.00141300,354934.00000000,0.00141400,198647.00000000,0.00141500,287127.00000000,0.03172,15,0.03171,89,0.03169,15,0.03168,103,0.03167,54,0.03163,15,0.03162,104,0.03158,15,0.03157,103,0.03153,24,0.03179,14,0.0318,103,0.03181,69,0.03182,15,0.03183,104,0.03185,14,0.03186,103,0.03188,15,0.03189,103,0.03191,14
binance,gate,FUNUSDT,0.00140600,0.03172,2156.0455,1774116702789,0.00140500,5259.00000000,0.00140300,847461.00000000,0.00140200,799413.00000000,0.00140100,734010.00000000,0.00140000,371632.00000000,0.00139900,77339.00000000,0.00139800,723128.00000000,0.00139700,67773.00000000,0.00139600,1072315.00000000,0.00139500,531324.00000000,0.00140600,355204.00000000,0.00140700,241119.00000000,0.00140800,1244111.00000000,0.00140900,80166.00000000,0.00141000,1188764.00000000,0.00141100,295426.00000000,0.00141200,629182.00000000,0.00141300,354934.00000000,0.00141400,198647.00000000,0.00141500,287127.00000000,0.03172,15,0.03171,89,0.03169,15,0.03168,103,0.03167,54,0.03163,15,0.03162,104,0.03158,15,0.03157,103,0.03153,24,0.03179,14,0.0318,103,0.03181,69,0.03182,15,0.03183,104,0.03185,14,0.03186,103,0.03188,15,0.03189,103,0.03191,14
binance,gate,FUNUSDT,0.00140600,0.03172,2156.0455,1774116703090,0.00140500,5259.00000000,0.00140300,847461.00000000,0.00140200,799413.00000000,0.00140100,734010.00000000,0.00140000,371632.00000000,0.00139900,77339.00000000,0.00139800,723128.00000000,0.00139700,67773.00000000,0.00139600,1072315.00000000,0.00139500,531324.00000000,0.00140600,355204.00000000,0.00140700,241119.00000000,0.00140800,1244111.00000000,0.00140900,80166.00000000,0.00141000,1188764.00000000,0.00141100,295426.00000000,0.00141200,629182.00000000,0.00141300,354934.00000000,0.00141400,198647.00000000,0.00141500,287127.00000000,0.03172,15,0.03171,89,0.03169,15,0.03168,103,0.03167,54,0.03163,15,0.03162,104,0.03158,15,0.03157,103,0.03153,24,0.03179,14,0.0318,103,0.03181,69,0.03182,15,0.03183,104,0.03185,14,0.03186,103,0.03188,15,0.03189,103,0.03191,14
binance,gate,FUNUSDT,0.00140600,0.03172,2156.0455,1774116703390,0.00140500,5259.00000000,0.00140300,847461.00000000,0.00140200,799413.00000000,0.00140100,734010.00000000,0.00140000,371632.00000000,0.00139900,77339.00000000,0.00139800,723128.00000000,0.00139700,67773.00000000,0.00139600,1072315.00000000,0.00139500,531324.00000000,0.00140600,355204.00000000,0.00140700,241119.00000000,0.00140800,1244111.00000000,0.00140900,80166.00000000,0.00141000,1188764.00000000,0.00141100,295426.00000000,0.00141200,629182.00000000,0.00141300,354934.00000000,0.00141400,198647.00000000,0.00141500,287127.00000000,0.03172,15,0.03171,89,0.03169,15,0.03168,103,0.03167,54,0.03163,15,0.03162,104,0.03158,15,0.03157,103,0.03153,24,0.03179,14,0.0318,103,0.03181,69,0.03182,15,0.03183,104,0.03185,14,0.03186,103,0.03188,15,0.03189,103,0.03191,14
binance,gate,FUNUSDT,0.00140600,0.03172,2156.0455,1774116703690,0.00140500,5259.00000000,0.00140300,847461.00000000,0.00140200,799413.00000000,0.00140100,734010.00000000,0.00140000,371632.00000000,0.00139900,77339.00000000,0.00139800,723128.00000000,0.00139700,67773.00000000,0.00139600,1072315.00000000,0.00139500,531324.00000000,0.00140600,355204.00000000,0.00140700,241119.00000000,0.00140800,1244111.00000000,0.00140900,80166.00000000,0.00141000,1188764.00000000,0.00141100,295426.00000000,0.00141200,629182.00000000,0.00141300,354934.00000000,0.00141400,198647.00000000,0.00141500,287127.00000000,0.03172,15,0.03171,89,0.03169,15,0.03168,103,0.03167,54,0.03163,15,0.03162,104,0.03158,15,0.03157,103,0.03153,24,0.03179,14,0.0318,103,0.03181,69,0.03182,15,0.03183,104,0.03185,14,0.03186,103,0.03188,15,0.03189,103,0.03191,14
binance,gate,FUNUSDT,0.00140600,0.03172,2156.0455,1774116703990,0.00140500,5259.00000000,0.00140300,847461.00000000,0.00140200,799413.00000000,0.00140100,734010.00000000,0.00140000,371632.00000000,0.00139900,77339.00000000,0.00139800,723128.00000000,0.00139700,67773.00000000,0.00139600,1072315.00000000,0.00139500,531324.00000000,0.00140600,355204.00000000,0.00140700,241119.00000000,0.00140800,1244111.00000000,0.00140900,80166.00000000,0.00141000,1188764.00000000,0.00141100,295426.00000000,0.00141200,629182.00000000,0.00141300,354934.00000000,0.00141400,198647.00000000,0.00141500,287127.00000000,0.03172,15,0.03171,89,0.03169,15,0.03168,103,0.03167,54,0.03163,15,0.03162,104,0.03158,15,0.03157,103,0.03153,24,0.03179,14,0.0318,103,0.03181,69,0.03182,15,0.03183,104,0.03185,14,0.03186,103,0.03188,15,0.03189,103,0.03191,14
binance,gate,FUNUSDT,0.00140600,0.03172,2156.0455,1774116704291,0.00140500,5259.00000000,0.00140300,847461.00000000,0.00140200,799413.00000000,0.00140100,734010.00000000,0.00140000,371632.00000000,0.00139900,77339.00000000,0.00139800,723128.00000000,0.00139700,67773.00000000,0.00139600,1072315.00000000,0.00139500,531324.00000000,0.00140600,355204.00000000,0.00140700,241119.00000000,0.00140800,1244111.00000000,0.00140900,80166.00000000,0.00141000,1188764.00000000,0.00141100,295426.00000000,0.00141200,629182.00000000,0.00141300,354934.00000000,0.00141400,198647.00000000,0.00141500,287127.00000000,0.03172,15,0.03171,89,0.03169,15,0.03168,103,0.03167,54,0.03163,15,0.03162,104,0.03158,15,0.03157,103,0.03153,24,0.03179,14,0.0318,103,0.03181,69,0.03182,15,0.03183,104,0.03185,14,0.03186,103,0.03188,15,0.03189,103,0.03191,14
binance,gate,FUNUSDT,0.00140600,0.03172,2156.0455,1774116704593,0.00140500,5259.00000000,0.00140300,847461.00000000,0.00140200,799413.00000000,0.00140100,734010.00000000,0.00140000,371632.00000000,0.00139900,77339.00000000,0.00139800,723128.00000000,0.00139700,67773.00000000,0.00139600,1072315.00000000,0.00139500,531324.00000000,0.00140600,355204.00000000,0.00140700,241119.00000000,0.00140800,1244111.00000000,0.00140900,80166.00000000,0.00141000,1188764.00000000,0.00141100,295426.00000000,0.00141200,629182.00000000,0.00141300,354934.00000000,0.00141400,198647.00000000,0.00141500,287127.00000000,0.03172,15,0.03171,89,0.03169,15,0.03168,103,0.03167,54,0.03163,15,0.03162,104,0.03158,15,0.03157,103,0.03153,24,0.03179,14,0.0318,103,0.03181,69,0.03182,15,0.03183,104,0.03185,14,0.03186,103,0.03188,15,0.03189,103,0.03191,14
binance,gate,FUNUSDT,0.00140600,0.03172,2156.0455,1774116704894,0.00140500,5259.00000000,0.00140300,847461.00000000,0.00140200,799413.00000000,0.00140100,734010.00000000,0.00140000,371632.00000000,0.00139900,77339.00000000,0.00139800,723128.00000000,0.00139700,67773.00000000,0.00139600,1072315.00000000,0.00139500,531324.00000000,0.00140600,355204.00000000,0.00140700,241119.00000000,0.00140800,1244111.00000000,0.00140900,80166.00000000,0.00141000,1188764.00000000,0.00141100,295426.00000000,0.00141200,629182.00000000,0.00141300,354934.00000000,0.00141400,198647.00000000,0.00141500,287127.00000000,0.03172,15,0.03171,89,0.03169,15,0.03168,103,0.03167,54,0.03163,15,0.03162,104,0.03158,15,0.03157,103,0.03153,24,0.03179,14,0.0318,103,0.03181,69,0.03182,15,0.03183,104,0.03185,14,0.03186,103,0.03188,15,0.03189,103,0.03191,14
binance,gate,FUNUSDT,0.00140600,0.03172,2156.0455,1774116705234,0.00140500,5259.00000000,0.00140300,847461.00000000,0.00140200,799413.00000000,0.00140100,734010.00000000,0.00140000,371632.00000000,0.00139900,77339.00000000,0.00139800,723128.00000000,0.00139700,67773.00000000,0.00139600,1072315.00000000,0.00139500,531324.00000000,0.00140600,355204.00000000,0.00140700,241119.00000000,0.00140800,1244111.00000000,0.00140900,80166.00000000,0.00141000,1188764.00000000,0.00141100,295426.00000000,0.00141200,629182.00000000,0.00141300,354934.00000000,0.00141400,198647.00000000,0.00141500,287127.00000000,0.03172,15,0.03171,89,0.03169,15,0.03168,103,0.03167,54,0.03163,15,0.03162,104,0.03158,15,0.03157,103,0.03153,24,0.03179,14,0.0318,103,0.03181,69,0.03182,15,0.03183,104,0.03185,14,0.03186,103,0.03188,15,0.03189,103,0.03191,14
binance,gate,FUNUSDT,0.00140600,0.03172,2156.0455,1774116705552,0.00140500,5259.00000000,0.00140300,847461.00000000,0.00140200,799413.00000000,0.00140100,734010.00000000,0.00140000,371632.00000000,0.00139900,77339.00000000,0.00139800,723128.00000000,0.00139700,67773.00000000,0.00139600,1072315.00000000,0.00139500,531324.00000000,0.00140600,355204.00000000,0.00140700,241119.00000000,0.00140800,1244111.00000000,0.00140900,80166.00000000,0.00141000,1188764.00000000,0.00141100,295426.00000000,0.00141200,629182.00000000,0.00141300,354934.00000000,0.00141400,198647.00000000,0.00141500,287127.00000000,0.03172,15,0.03171,89,0.03169,15,0.03168,103,0.03167,54,0.03163,15,0.03162,104,0.03158,15,0.03157,103,0.03153,24,0.03179,14,0.0318,103,0.03181,69,0.03182,15,0.03183,104,0.03185,14,0.03186,103,0.03188,15,0.03189,103,0.03191,14
binance,gate,FUNUSDT,0.00140600,0.03172,2156.0455,1774116705869,0.00140500,5259.00000000,0.00140300,847461.00000000,0.00140200,799413.00000000,0.00140100,734010.00000000,0.00140000,371632.00000000,0.00139900,77339.00000000,0.00139800,723128.00000000,0.00139700,67773.00000000,0.00139600,1072315.00000000,0.00139500,531324.00000000,0.00140600,355204.00000000,0.00140700,241119.00000000,0.00140800,1244111.00000000,0.00140900,80166.00000000,0.00141000,1188764.00000000,0.00141100,295426.00000000,0.00141200,629182.00000000,0.00141300,354934.00000000,0.00141400,198647.00000000,0.00141500,287127.00000000,0.03172,15,0.03171,89,0.03169,15,0.03168,103,0.03167,54,0.03163,15,0.03162,104,0.03158,15,0.03157,103,0.03153,24,0.03179,14,0.0318,103,0.03181,69,0.03182,15,0.03183,104,0.03185,14,0.03186,103,0.03188,15,0.03189,103,0.03191,14
binance,gate,FUNUSDT,0.00140600,0.03172,2156.0455,1774116706170,0.00140500,5259.00000000,0.00140300,847461.00000000,0.00140200,799413.00000000,0.00140100,734010.00000000,0.00140000,371632.00000000,0.00139900,77339.00000000,0.00139800,723128.00000000,0.00139700,67773.00000000,0.00139600,1072315.00000000,0.00139500,531324.00000000,0.00140600,355204.00000000,0.00140700,241119.00000000,0.00140800,1244111.00000000,0.00140900,80166.00000000,0.00141000,1188764.00000000,0.00141100,295426.00000000,0.00141200,629182.00000000,0.00141300,354934.00000000,0.00141400,198647.00000000,0.00141500,287127.00000000,0.03172,15,0.03171,89,0.03169,15,0.03168,103,0.03167,54,0.03163,15,0.03162,104,0.03158,15,0.03157,103,0.03153,24,0.03179,14,0.0318,103,0.03181,69,0.03182,15,0.03183,104,0.03185,14,0.03186,103,0.03188,15,0.03189,103,0.03191,14
