spot_exch,fut_exch,symbol,ask_spot,bid_futures,spread_pct,ts,s_b1,s_b2,s_b3,s_b4,s_b5,s_b6,s_b7,s_b8,s_b9,s_b10,s_bq1,s_bq2,s_bq3,s_bq4,s_bq5,s_bq6,s_bq7,s_bq8,s_bq9,s_bq10,s_a1,s_a2,s_a3,s_a4,s_a5,s_a6,s_a7,s_a8,s_a9,s_a10,s_aq1,s_aq2,s_aq3,s_aq4,s_aq5,s_aq6,s_aq7,s_aq8,s_aq9,s_aq10,f_b1,f_b2,f_b3,f_b4,f_b5,f_b6,f_b7,f_b8,f_b9,f_b10,f_bq1,f_bq2,f_bq3,f_bq4,f_bq5,f_bq6,f_bq7,f_bq8,f_bq9,f_bq10,f_a1,f_a2,f_a3,f_a4,f_a5,f_a6,f_a7,f_a8,f_a9,f_a10,f_aq1,f_aq2,f_aq3,f_aq4,f_aq5,f_aq6,f_aq7,f_aq8,f_aq9,f_aq10
gate,bybit,VANRYUSDT,0.005535,0.005946,7.4255,1774116590000,,,,,,,,,,,,,,,,,,,,,,,,,,,,,,,,,,,,,,,,,0.005946,17242,0.005945,3433,0.005944,4363,0.005943,31564,0.005942,36641,0.005941,46596,0.005940,95591,0.005939,30750,0.005938,57665,0.005937,106563,0.005947,16641,0.005948,25051,0.005949,28449,0.005950,30319,0.005951,103728,0.005952,39884,0.005953,44478,0.005954,44164,0.005955,29740,0.005956,30394
gate,bybit,VANRYUSDT,0.005535,0.005946,7.4255,1774116601000,0.005533,17696,0.005532,17841,0.005531,16895,0.00553,17354,0.005529,20112,0.005528,16669,0.005527,26667,0.005526,26829,0.005525,21600,0.005524,21600,0.005535,36222,0.005536,184929,0.005537,112925,0.005538,132164,0.005539,21600,0.00554,21761,0.005553,11600,0.005554,21011,0.005557,11600,0.005558,147218,,,,,,,,,,,,,,,,,,,,,,,,,,,,,,,,,,,,,,,,
gate,bybit,VANRYUSDT,0.005534,0.005946,7.4449,1774116603000,0.005532,7334,0.005531,9016,0.00553,17354,0.005529,20112,0.005528,16669,0.005527,26667,0.005526,26829,0.005525,21600,0.005524,21600,0.005523,21600,0.005534,17876,0.005535,56737,0.005536,184929,0.005537,112925,0.005538,132164,0.005539,21600,0.00554,21761,0.005553,11600,0.005554,21011,0.005557,11600,0.005946,18374,0.005945,3433,0.005944,4363,0.005943,31564,0.005942,36641,0.005941,46596,0.005940,95591,0.005939,30750,0.005938,57665,0.005937,162435,0.005947,6666,0.005948,25051,0.005949,9869,0.005950,32069,0.005951,103728,0.005952,39884,0.005953,44478,0.005954,44164,0.005955,29740,0.005956,30394
gate,bybit,VANRYUSDT,0.005534,0.005946,7.4449,1774116619038,0.005532,13955,0.005531,9016,0.00553,17354,0.005529,20112,0.005528,16669,0.005527,26667,0.005526,26829,0.005525,21600,0.005524,11600,0.005521,10000,0.005534,17387,0.005535,56160,0.005536,184929,0.005537,112925,0.005538,132164,0.005539,21600,0.00554,21761,0.005553,11600,0.005554,21011,0.005557,11600,0.005946,18978,0.005945,3433,0.005944,4363,0.005943,31564,0.005942,36641,0.005941,46596,0.005940,95591,0.005939,30750,0.005938,57665,0.005937,162435,0.005947,4106,0.005948,25051,0.005949,9869,0.005950,32069,0.005951,103728,0.005952,39884,0.005953,26634,0.005954,62100,0.005955,29740,0.005956,30394
gate,bybit,VANRYUSDT,0.005534,0.005946,7.4449,1774116619338,0.005532,13955,0.005531,9016,0.00553,17354,0.005529,20112,0.005528,16669,0.005527,26667,0.005526,26829,0.005525,21600,0.005524,11600,0.005521,10000,0.005534,17387,0.005535,56160,0.005536,184929,0.005537,112925,0.005538,132164,0.005539,21600,0.00554,21761,0.005553,11600,0.005554,21011,0.005557,11600,0.005946,18978,0.005945,3433,0.005944,4363,0.005943,31564,0.005942,36641,0.005941,46596,0.005940,95591,0.005939,30750,0.005938,57665,0.005937,162435,0.005947,4106,0.005948,25051,0.005949,9869,0.005950,32069,0.005951,103728,0.005952,39884,0.005953,26634,0.005954,62100,0.005955,29740,0.005956,30394
gate,bybit,VANRYUSDT,0.005534,0.005946,7.4449,1774116619638,0.005532,13955,0.005531,9016,0.00553,17354,0.005529,20112,0.005528,16669,0.005527,26667,0.005526,26829,0.005525,21600,0.005524,11600,0.005521,10000,0.005534,17387,0.005535,56160,0.005536,184929,0.005537,112925,0.005538,132164,0.005539,21600,0.00554,21761,0.005553,11600,0.005554,21011,0.005557,11600,0.005946,18978,0.005945,3433,0.005944,4363,0.005943,31564,0.005942,36641,0.005941,46596,0.005940,95591,0.005939,30750,0.005938,57665,0.005937,162435,0.005947,4106,0.005948,25051,0.005949,9869,0.005950,32069,0.005951,103728,0.005952,39884,0.005953,26634,0.005954,62100,0.005955,29740,0.005956,30394
gate,bybit,VANRYUSDT,0.005534,0.005946,7.4449,1774116619938,0.005532,13955,0.005531,9016,0.00553,17354,0.005529,20112,0.005528,16669,0.005527,26667,0.005526,26829,0.005525,21600,0.005524,11600,0.005521,10000,0.005534,17387,0.005535,167368,0.005536,73721,0.005537,112925,0.005538,132164,0.005539,21600,0.00554,21761,0.005553,11600,0.005554,21011,0.005557,11600,0.005946,18978,0.005945,3433,0.005944,4363,0.005943,31564,0.005942,36641,0.005941,46596,0.005940,95591,0.005939,30750,0.005938,57665,0.005937,162435,0.005947,4106,0.005948,25051,0.005949,9869,0.005950,32069,0.005951,103728,0.005952,39884,0.005953,26634,0.005954,62100,0.005955,29740,0.005956,30394
gate,bybit,VANRYUSDT,0.005534,0.005946,7.4449,1774116620239,0.005532,7334,0.005531,9016,0.00553,17354,0.005529,20112,0.005528,16669,0.005527,26667,0.005526,26829,0.005525,21600,0.005524,11600,0.005521,10000,0.005534,20955,0.005535,167368,0.005536,73721,0.005537,112925,0.005538,132164,0.005539,21600,0.00554,21761,0.005553,11600,0.005554,21011,0.005557,11600,0.005946,18978,0.005945,3433,0.005944,4363,0.005943,31564,0.005942,36641,0.005941,46596,0.005940,95591,0.005939,30750,0.005938,57665,0.005937,162435,0.005947,4106,0.005948,25051,0.005949,9869,0.005950,32069,0.005951,103728,0.005952,39884,0.005953,26634,0.005954,62100,0.005955,29740,0.005956,30394
gate,bybit,VANRYUSDT,0.005534,0.005946,7.4449,1774116620539,0.005532,7334,0.005531,9016,0.00553,17354,0.005529,20112,0.005528,16669,0.005527,26667,0.005526,26829,0.005525,21600,0.005524,11600,0.005521,10000,0.005534,20955,0.005535,167368,0.005536,73721,0.005537,112925,0.005538,132164,0.005539,21600,0.00554,21761,0.005553,11600,0.005554,21011,0.005557,11600,0.005946,18978,0.005945,3433,0.005944,4363,0.005943,31564,0.005942,36641,0.005941,46596,0.005940,95591,0.005939,30750,0.005938,57665,0.005937,162435,0.005947,4106,0.005948,25051,0.005949,9869,0.005950,32069,0.005951,103728,0.005952,39884,0.005953,26634,0.005954,62100,0.005955,29740,0.005956,30394
gate,bybit,VANRYUSDT,0.005534,0.005946,7.4449,1774116620839,0.005532,7334,0.005531,9016,0.00553,17354,0.005529,20112,0.005528,16669,0.005527,26667,0.005526,26829,0.005525,21600,0.005524,11600,0.005521,10000,0.005534,20955,0.005535,167368,0.005536,73721,0.005537,112925,0.005538,132164,0.005539,21600,0.00554,21761,0.005553,11600,0.005554,21011,0.005557,11600,0.005946,18978,0.005945,3433,0.005944,4363,0.005943,31564,0.005942,36641,0.005941,46596,0.005940,95591,0.005939,30750,0.005938,57665,0.005937,162435,0.005947,4106,0.005948,25051,0.005949,9869,0.005950,32069,0.005951,103728,0.005952,39884,0.005953,26634,0.005954,62100,0.005955,29740,0.005956,30394
gate,bybit,VANRYUSDT,0.005533,0.005946,7.4643,1774116621140,0.005532,7334,0.005531,9016,0.00553,17354,0.005529,20112,0.005528,16669,0.005527,26667,0.005526,26829,0.005525,21600,0.005524,11600,0.005521,10000,0.005534,20955,0.005535,167368,0.005536,73721,0.005537,112925,0.005538,132164,0.005539,21600,0.00554,21761,0.005553,11600,0.005554,21011,0.005557,11600,0.005946,18978,0.005945,1683,0.005944,2613,0.005943,31564,0.005942,36641,0.005941,44846,0.005940,95591,0.005939,30750,0.005938,57665,0.005937,162435,0.005947,20482,0.005948,25051,0.005949,9869,0.005950,32069,0.005951,103728,0.005952,39884,0.005953,26634,0.005954,62100,0.005955,29740,0.005956,30394
gate,bybit,VANRYUSDT,0.005533,0.005947,7.4824,1774116621440,0.005532,11440,0.005531,9016,0.00553,17354,0.005529,20112,0.005528,16669,0.005527,26667,0.005526,26829,0.005525,21600,0.005524,11600,0.005521,10000,0.005534,19355,0.005535,159030,0.005536,73721,0.005537,112925,0.005538,132164,0.005539,21600,0.00554,21761,0.005553,11600,0.005554,21011,0.005557,11600,0.005947,9979,0.005946,19551,0.005945,86465,0.005944,288006,0.005943,22673,0.005942,34891,0.005941,44846,0.005940,95591,0.005939,30750,0.005938,57665,0.005948,34414,0.005949,36238,0.005950,2612,0.005951,38299,0.005952,39884,0.005953,26634,0.005954,62100,0.005955,25634,0.005956,31740,0.005957,59987
gate,bybit,VANRYUSDT,0.005533,0.005947,7.4824,1774116621740,0.005532,5308,0.005531,9016,0.00553,17354,0.005529,20112,0.005528,16669,0.005527,26667,0.005526,26829,0.005525,21600,0.005524,11600,0.005521,10000,0.005533,5708,0.005534,22923,0.005535,159030,0.005536,73721,0.005537,112925,0.005538,132164,0.005539,21600,0.00554,21761,0.005553,11600,0.005554,21011,0.005947,9979,0.005946,19551,0.005945,86465,0.005944,288006,0.005943,22673,0.005942,34891,0.005941,44846,0.005940,95591,0.005939,30750,0.005938,57665,0.005948,34414,0.005949,36238,0.005950,2612,0.005951,38299,0.005952,39884,0.005953,26634,0.005954,62100,0.005955,25634,0.005956,31740,0.005957,59987
gate,bybit,VANRYUSDT,0.005533,0.005947,7.4824,1774116622041,0.005532,4817,0.005531,9016,0.00553,17354,0.005529,20112,0.005528,16669,0.005527,26667,0.005526,26829,0.005525,21600,0.005524,11600,0.005521,10000,0.005533,6369,0.005534,22923,0.005535,159030,0.005536,73721,0.005537,112925,0.005538,132164,0.005539,21600,0.00554,21761,0.005553,11600,0.005554,21011,0.005947,9979,0.005946,19551,0.005945,86465,0.005944,288006,0.005943,22673,0.005942,34891,0.005941,44846,0.005940,95591,0.005939,30750,0.005938,57665,0.005948,34414,0.005949,36238,0.005950,2612,0.005951,39928,0.005952,39884,0.005953,26634,0.005954,62100,0.005955,33846,0.005956,30394,0.005957,59987
gate,bybit,VANRYUSDT,0.005533,0.005947,7.4824,1774116622341,0.005532,7389,0.005531,15637,0.00553,17354,0.005529,20112,0.005528,16669,0.005527,26667,0.005526,26829,0.005525,21600,0.005524,11600,0.005521,10000,0.005534,19355,0.005535,159030,0.005536,73721,0.005537,112925,0.005538,132164,0.005539,21600,0.00554,21761,0.005553,11600,0.005554,21011,0.005557,11600,0.005947,9979,0.005946,19551,0.005945,86465,0.005944,288006,0.005943,22673,0.005942,34891,0.005941,44846,0.005940,95591,0.005939,30750,0.005938,57665,0.005948,26238,0.005949,36238,0.005950,2612,0.005951,39928,0.005952,39884,0.005953,28384,0.005954,62100,0.005955,33846,0.005956,30394,0.005957,59987
gate,bybit,VANRYUSDT,0.005533,0.005947,7.4824,1774116622641,0.005532,6196,0.005531,9016,0.00553,17354,0.005529,20112,0.005528,16669,0.005527,26667,0.005526,26829,0.005525,21600,0.005524,11600,0.005521,10000,0.005533,5580,0.005534,19355,0.005535,159030,0.005536,73721,0.005537,112925,0.005538,132164,0.005539,21600,0.00554,21761,0.005553,11600,0.005554,21011,0.005947,9979,0.005946,19551,0.005945,86465,0.005944,288006,0.005943,22673,0.005942,34891,0.005941,44846,0.005940,95591,0.005939,30750,0.005938,57665,0.005948,26238,0.005949,36238,0.005950,2612,0.005951,39928,0.005952,39884,0.005953,28384,0.005954,62100,0.005955,33846,0.005956,30394,0.005957,59987
gate,bybit,VANRYUSDT,0.005533,0.005947,7.4824,1774116622945,0.005532,6196,0.005531,9016,0.00553,17354,0.005529,20112,0.005528,16669,0.005527,26667,0.005526,26829,0.005525,21600,0.005524,11600,0.005521,10000,0.005533,5580,0.005534,19355,0.005535,159030,0.005536,73721,0.005537,112925,0.005538,132164,0.005539,21600,0.00554,21761,0.005553,11600,0.005554,21011,0.005947,9979,0.005946,19551,0.005945,86465,0.005944,288006,0.005943,22673,0.005942,34891,0.005941,44846,0.005940,95591,0.005939,30750,0.005938,57665,0.005948,26238,0.005949,36238,0.005950,2612,0.005951,39928,0.005952,39884,0.005953,28384,0.005954,62100,0.005955,33846,0.005956,30394,0.005957,59987
gate,bybit,VANRYUSDT,0.005533,0.005947,7.4824,1774116623245,0.005532,6196,0.005531,9016,0.00553,17354,0.005529,20112,0.005528,16669,0.005527,26667,0.005526,26829,0.005525,21600,0.005524,11600,0.005521,10000,0.005533,5580,0.005534,19355,0.005535,159030,0.005536,73721,0.005537,112925,0.005538,132164,0.005539,21600,0.00554,21761,0.005553,11600,0.005554,21011,0.005947,9979,0.005946,19551,0.005945,86465,0.005944,288006,0.005943,22673,0.005942,34891,0.005941,44846,0.005940,95591,0.005939,30750,0.005938,57665,0.005948,26238,0.005949,36238,0.005950,2612,0.005951,39928,0.005952,39884,0.005953,28384,0.005954,62100,0.005955,33846,0.005956,30394,0.005957,59987
gate,bybit,VANRYUSDT,0.005533,0.005947,7.4824,1774116623545,0.005532,6196,0.005531,9016,0.00553,17354,0.005529,20112,0.005528,16669,0.005527,26667,0.005526,26829,0.005525,21600,0.005524,11600,0.005521,10000,0.005533,5580,0.005534,19355,0.005535,159030,0.005536,73721,0.005537,112925,0.005538,132164,0.005539,21600,0.00554,21761,0.005553,11600,0.005554,21011,0.005947,9979,0.005946,19551,0.005945,86465,0.005944,288006,0.005943,22673,0.005942,34891,0.005941,44846,0.005940,95591,0.005939,30750,0.005938,57665,0.005948,26238,0.005949,36238,0.005950,2612,0.005951,39928,0.005952,39884,0.005953,28384,0.005954,62100,0.005955,33846,0.005956,30394,0.005957,59987
gate,bybit,VANRYUSDT,0.005533,0.005947,7.4824,1774116623845,0.005532,6196,0.005531,15637,0.00553,17354,0.005529,20112,0.005528,16669,0.005527,26667,0.005526,26829,0.005525,21600,0.005524,11600,0.005521,10000,0.005533,5580,0.005534,19355,0.005535,159030,0.005536,73721,0.005537,112925,0.005538,132164,0.005539,21600,0.00554,21761,0.005553,11600,0.005554,21011,0.005947,9979,0.005946,19551,0.005945,86465,0.005944,288006,0.005943,22673,0.005942,34891,0.005941,44846,0.005940,95591,0.005939,30750,0.005938,57665,0.005948,26238,0.005949,36238,0.005950,2612,0.005951,39928,0.005952,39884,0.005953,28384,0.005954,62100,0.005955,33846,0.005956,30394,0.005957,59987
gate,bybit,VANRYUSDT,0.005533,0.005947,7.4824,1774116624146,0.005532,6196,0.005531,15637,0.00553,17354,0.005529,20112,0.005528,16669,0.005527,26667,0.005526,26829,0.005525,21600,0.005524,11600,0.005521,10000,0.005533,5580,0.005534,19355,0.005535,159030,0.005536,73721,0.005537,112925,0.005538,11600,0.005539,21600,0.00554,21761,0.005553,11600,0.005554,21011,0.005947,10683,0.005946,18947,0.005945,86465,0.005944,288006,0.005943,22673,0.005942,34891,0.005941,44846,0.005940,95591,0.005939,30750,0.005938,57665,0.005948,26238,0.005949,36238,0.005950,2612,0.005951,39928,0.005952,39884,0.005953,28384,0.005954,62100,0.005955,33846,0.005956,30394,0.005957,59987
gate,bybit,VANRYUSDT,0.005533,0.005947,7.4824,1774116624447,0.005532,6196,0.005531,9016,0.00553,17354,0.005529,20112,0.005528,16669,0.005527,26667,0.005526,26829,0.005525,21600,0.005524,11600,0.005521,10000,0.005533,5580,0.005534,19355,0.005535,159030,0.005536,73721,0.005537,112925,0.005538,11600,0.005539,21600,0.00554,21761,0.005553,11600,0.005554,21011,0.005947,10683,0.005946,18947,0.005945,86465,0.005944,288006,0.005943,22673,0.005942,34891,0.005941,44846,0.005940,95591,0.005939,30750,0.005938,57665,0.005948,26238,0.005949,36238,0.005950,2612,0.005951,39928,0.005952,39884,0.005953,28384,0.005954,62100,0.005955,33846,0.005956,30394,0.005957,59987
gate,bybit,VANRYUSDT,0.005533,0.005947,7.4824,1774116624749,0.005532,6196,0.005531,9016,0.00553,17354,0.005529,20112,0.005528,16669,0.005527,26667,0.005526,26829,0.005525,21600,0.005524,11600,0.005521,10000,0.005533,5580,0.005534,19355,0.005535,159030,0.005536,73721,0.005537,112925,0.005538,11600,0.005539,21600,0.00554,21761,0.005553,11600,0.005554,21011,0.005947,10683,0.005946,18947,0.005945,86465,0.005944,288006,0.005943,22673,0.005942,34891,0.005941,44846,0.005940,95591,0.005939,30750,0.005938,57665,0.005948,26238,0.005949,36238,0.005950,2612,0.005951,39928,0.005952,39884,0.005953,28384,0.005954,62100,0.005955,33846,0.005956,30394,0.005957,59987
gate,bybit,VANRYUSDT,0.005533,0.005947,7.4824,1774116625049,0.005532,6196,0.005531,15637,0.00553,17354,0.005529,20112,0.005528,16669,0.005527,26667,0.005526,26829,0.005525,21600,0.005524,11600,0.005521,10000,0.005533,5580,0.005534,19355,0.005535,159030,0.005536,73721,0.005537,112925,0.005538,11600,0.005539,21600,0.00554,21761,0.005553,11600,0.005554,21011,0.005947,10683,0.005946,18947,0.005945,86465,0.005944,288006,0.005943,22673,0.005942,34891,0.005941,44846,0.005940,95591,0.005939,30750,0.005938,57665,0.005948,26238,0.005949,36238,0.005950,2612,0.005951,39928,0.005952,39884,0.005953,28384,0.005954,62100,0.005955,33846,0.005956,30394,0.005957,59987
gate,bybit,VANRYUSDT,0.005533,0.005947,7.4824,1774116625350,0.005532,6196,0.005531,15637,0.00553,17354,0.005529,20112,0.005528,16669,0.005527,26667,0.005526,26829,0.005525,21600,0.005524,11600,0.005521,10000,0.005533,5580,0.005534,19355,0.005535,159030,0.005536,73721,0.005537,112925,0.005538,11600,0.005539,21600,0.00554,21761,0.005553,11600,0.005554,21011,0.005947,10683,0.005946,18947,0.005945,84715,0.005944,288006,0.005943,22673,0.005942,34891,0.005941,44846,0.005940,95591,0.005939,30750,0.005938,57665,0.005948,26238,0.005949,36238,0.005950,4362,0.005951,41678,0.005952,41634,0.005953,28384,0.005954,62100,0.005955,33846,0.005956,30394,0.005957,59987
gate,bybit,VANRYUSDT,0.005533,0.005947,7.4824,1774116625650,0.005531,15637,0.00553,17354,0.005529,20112,0.005528,16669,0.005527,26667,0.005526,26829,0.005525,21600,0.005524,11600,0.005521,10000,0.00552,11600,0.005533,17180,0.005534,22923,0.005535,159030,0.005536,73721,0.005537,112925,0.005538,11600,0.005539,21600,0.00554,21761,0.005553,11600,0.005554,21011,0.005947,10683,0.005946,18947,0.005945,84715,0.005944,288006,0.005943,22673,0.005942,34891,0.005941,44846,0.005940,95591,0.005939,30750,0.005938,57665,0.005948,26238,0.005949,36238,0.005950,4362,0.005951,41678,0.005952,41634,0.005953,28384,0.005954,62100,0.005955,33846,0.005956,30394,0.005957,59987
gate,bybit,VANRYUSDT,0.005533,0.005947,7.4824,1774116625950,0.005531,15637,0.00553,17354,0.005529,20112,0.005528,16669,0.005527,26667,0.005526,26829,0.005525,21600,0.005524,11600,0.005521,10000,0.00552,11600,0.005533,17180,0.005534,22923,0.005535,169030,0.005536,73721,0.005537,112925,0.005538,11600,0.005539,21600,0.00554,21761,0.005553,11600,0.005554,21011,0.005947,10683,0.005946,18947,0.005945,84715,0.005944,288006,0.005943,22673,0.005942,34891,0.005941,44846,0.005940,95591,0.005939,30750,0.005938,57665,0.005948,26238,0.005949,36238,0.005950,4362,0.005951,41678,0.005952,41634,0.005953,28384,0.005954,62100,0.005955,33846,0.005956,30394,0.005957,59987
gate,bybit,VANRYUSDT,0.005533,0.005947,7.4824,1774116626250,0.005531,15637,0.00553,17354,0.005529,20112,0.005528,16669,0.005527,26667,0.005526,26829,0.005525,21600,0.005524,11600,0.005521,10000,0.00552,11600,0.005533,17180,0.005534,19355,0.005535,169030,0.005536,73721,0.005537,112925,0.005538,11600,0.005539,21600,0.00554,21761,0.005553,11600,0.005554,21011,0.005947,10683,0.005946,18947,0.005945,84715,0.005944,288006,0.005943,22673,0.005942,34891,0.005941,44846,0.005940,95591,0.005939,30750,0.005938,57665,0.005948,26238,0.005949,36238,0.005950,4362,0.005951,41678,0.005952,41634,0.005953,28384,0.005954,62100,0.005955,33846,0.005956,30394,0.005957,59987
gate,bybit,VANRYUSDT,0.005533,0.005947,7.4824,1774116626552,0.005531,15637,0.00553,17354,0.005529,20112,0.005528,16669,0.005527,26667,0.005526,26829,0.005525,21600,0.005524,11600,0.005521,10000,0.00552,11600,0.005533,17180,0.005534,19355,0.005535,169030,0.005536,73721,0.005537,112925,0.005538,11600,0.005539,21600,0.00554,21761,0.005553,11600,0.005554,21011,0.005947,10683,0.005946,18947,0.005945,84715,0.005944,288006,0.005943,22673,0.005942,34891,0.005941,44846,0.005940,95591,0.005939,30750,0.005938,57665,0.005948,26238,0.005949,36238,0.005950,4362,0.005951,41678,0.005952,41634,0.005953,28384,0.005954,62100,0.005955,33846,0.005956,30394,0.005957,59987
gate,bybit,VANRYUSDT,0.005533,0.005947,7.4824,1774116626852,0.005531,15637,0.00553,17354,0.005529,20112,0.005528,16669,0.005527,26667,0.005526,26829,0.005525,21600,0.005524,11600,0.005521,10000,0.00552,11600,0.005533,17180,0.005534,19355,0.005535,169030,0.005536,73721,0.005537,112925,0.005538,11600,0.005539,21600,0.00554,21761,0.005553,11600,0.005554,21011,0.005947,10683,0.005946,18947,0.005945,84715,0.005944,288006,0.005943,22673,0.005942,34891,0.005941,44846,0.005940,95591,0.005939,30750,0.005938,57665,0.005948,26238,0.005949,36238,0.005950,4362,0.005951,41678,0.005952,41634,0.005953,28384,0.005954,62100,0.005955,33846,0.005956,30394,0.005957,59987
gate,bybit,VANRYUSDT,0.005533,0.005947,7.4824,1774116627152,0.005531,15637,0.00553,17354,0.005529,20112,0.005528,16669,0.005527,26667,0.005526,26829,0.005525,21600,0.005524,11600,0.005521,10000,0.00552,11600,0.005533,17180,0.005534,19355,0.005535,169030,0.005536,73721,0.005537,112925,0.005538,11600,0.005539,21600,0.00554,21761,0.005553,11600,0.005554,21011,0.005947,10683,0.005946,18947,0.005945,84715,0.005944,288006,0.005943,22673,0.005942,34891,0.005941,44846,0.005940,95591,0.005939,30750,0.005938,57665,0.005948,26238,0.005949,36238,0.005950,4362,0.005951,41678,0.005952,41634,0.005953,28384,0.005954,62100,0.005955,33846,0.005956,30394,0.005957,59987
gate,bybit,VANRYUSDT,0.005533,0.005947,7.4824,1774116627454,0.005531,15637,0.00553,17354,0.005529,20112,0.005528,16669,0.005527,26667,0.005526,26829,0.005525,21600,0.005524,11600,0.005521,10000,0.00552,11600,0.005533,17180,0.005534,19355,0.005535,169030,0.005536,73721,0.005537,112925,0.005538,11600,0.005539,21600,0.00554,21761,0.005553,11600,0.005554,21011,0.005947,10683,0.005946,18947,0.005945,84715,0.005944,288006,0.005943,22673,0.005942,34891,0.005941,44846,0.005940,95591,0.005939,30750,0.005938,57665,0.005948,26238,0.005949,36238,0.005950,4362,0.005951,41678,0.005952,41634,0.005953,28384,0.005954,44164,0.005955,51814,0.005956,30394,0.005957,59987
gate,bybit,VANRYUSDT,0.005533,0.005947,7.4824,1774116627775,0.005531,15637,0.00553,17354,0.005529,20112,0.005528,16669,0.005527,26667,0.005526,26829,0.005525,21600,0.005524,11600,0.005521,10000,0.00552,11600,0.005533,17180,0.005534,19355,0.005535,169030,0.005536,73721,0.005537,112925,0.005538,11600,0.005539,21600,0.00554,21761,0.005553,11600,0.005554,21011,0.005947,10683,0.005946,18947,0.005945,84715,0.005944,288006,0.005943,22673,0.005942,34891,0.005941,44846,0.005940,95591,0.005939,30750,0.005938,57665,0.005948,26238,0.005949,36238,0.005950,4362,0.005951,41678,0.005952,41634,0.005953,28384,0.005954,44164,0.005955,51814,0.005956,30394,0.005957,59987
gate,bybit,VANRYUSDT,0.005533,0.005947,7.4824,1774116628075,0.005531,15637,0.00553,17354,0.005529,20112,0.005528,16669,0.005527,26667,0.005526,26829,0.005525,21600,0.005524,11600,0.005521,10000,0.00552,11600,0.005533,17180,0.005534,19355,0.005535,169030,0.005536,73721,0.005537,112925,0.005538,11600,0.005539,21600,0.00554,21761,0.005553,11600,0.005554,21011,0.005947,10683,0.005946,18947,0.005945,84715,0.005944,288006,0.005943,22673,0.005942,34891,0.005941,44846,0.005940,95591,0.005939,30750,0.005938,57665,0.005948,26238,0.005949,36238,0.005950,4362,0.005951,41678,0.005952,41634,0.005953,28384,0.005954,44164,0.005955,51814,0.005956,30394,0.005957,59987
gate,bybit,VANRYUSDT,0.005533,0.005947,7.4824,1774116628375,0.005531,15637,0.00553,17354,0.005529,20112,0.005528,16669,0.005527,26667,0.005526,26829,0.005525,21600,0.005524,11600,0.005521,10000,0.00552,11600,0.005533,17180,0.005534,19355,0.005535,169030,0.005536,73721,0.005537,112925,0.005538,11600,0.005539,21600,0.00554,21761,0.005553,11600,0.005554,21011,0.005947,10683,0.005946,18947,0.005945,84715,0.005944,288006,0.005943,22673,0.005942,34891,0.005941,44846,0.005940,95591,0.005939,30750,0.005938,57665,0.005948,26238,0.005949,36238,0.005950,4362,0.005951,41678,0.005952,41634,0.005953,28384,0.005954,44164,0.005955,51814,0.005956,30394,0.005957,59987
gate,bybit,VANRYUSDT,0.005533,0.005947,7.4824,1774116628676,0.005531,15637,0.00553,17354,0.005529,20112,0.005528,16669,0.005527,26667,0.005526,26829,0.005525,21600,0.005524,11600,0.005521,10000,0.00552,11600,0.005533,17180,0.005534,19355,0.005535,169030,0.005536,73721,0.005537,112925,0.005538,11600,0.005539,21600,0.00554,21761,0.005553,11600,0.005554,21011,0.005947,10683,0.005946,18947,0.005945,84715,0.005944,288006,0.005943,22673,0.005942,34891,0.005941,44846,0.005940,95591,0.005939,30750,0.005938,57665,0.005948,26238,0.005949,36238,0.005950,4362,0.005951,41678,0.005952,41634,0.005953,28384,0.005954,44164,0.005955,51814,0.005956,30394,0.005957,59987
gate,bybit,VANRYUSDT,0.005533,0.005947,7.4824,1774116628976,0.005531,9016,0.00553,17354,0.005529,20112,0.005528,16669,0.005527,26667,0.005526,26829,0.005525,21600,0.005524,11600,0.005521,10000,0.00552,11600,0.005533,20748,0.005534,19355,0.005535,169030,0.005536,73721,0.005537,112925,0.005538,11600,0.005539,21600,0.00554,21761,0.005553,11600,0.005554,21011,0.005947,10683,0.005946,18947,0.005945,84715,0.005944,288006,0.005943,22673,0.005942,34891,0.005941,44846,0.005940,95591,0.005939,30750,0.005938,57665,0.005948,26238,0.005949,36238,0.005950,4362,0.005951,41678,0.005952,41634,0.005953,28384,0.005954,44164,0.005955,51814,0.005956,30394,0.005957,59987
gate,bybit,VANRYUSDT,0.005533,0.005947,7.4824,1774116629276,0.005531,9016,0.00553,17354,0.005529,20112,0.005528,16669,0.005527,26667,0.005526,26829,0.005525,21600,0.005524,11600,0.005521,10000,0.00552,11600,0.005533,20748,0.005534,19355,0.005535,169030,0.005536,73721,0.005537,112925,0.005538,11600,0.005539,21600,0.00554,21761,0.005553,11600,0.005554,21011,0.005947,10683,0.005946,18947,0.005945,84715,0.005944,288006,0.005943,22673,0.005942,34891,0.005941,44846,0.005940,95591,0.005939,30750,0.005938,57665,0.005948,26238,0.005949,36238,0.005950,4362,0.005951,41678,0.005952,41634,0.005953,28384,0.005954,44164,0.005955,51814,0.005956,30394,0.005957,59987
gate,bybit,VANRYUSDT,0.005533,0.005947,7.4824,1774116629576,0.005531,9016,0.00553,17354,0.005529,20112,0.005528,16669,0.005527,26667,0.005526,26829,0.005525,21600,0.005524,11600,0.005521,10000,0.00552,11600,0.005533,20748,0.005534,19355,0.005535,169030,0.005536,73721,0.005537,112925,0.005538,11600,0.005539,21600,0.00554,21761,0.005553,11600,0.005554,21011,0.005947,10683,0.005946,18947,0.005945,84715,0.005944,288006,0.005943,22673,0.005942,34891,0.005941,44846,0.005940,95591,0.005939,30750,0.005938,57665,0.005948,26238,0.005949,36238,0.005950,4362,0.005951,41678,0.005952,41634,0.005953,28384,0.005954,44164,0.005955,51814,0.005956,30394,0.005957,59987
gate,bybit,VANRYUSDT,0.005533,0.005947,7.4824,1774116629876,0.005531,9016,0.00553,17354,0.005529,20112,0.005528,16669,0.005527,26667,0.005526,26829,0.005525,21600,0.005524,11600,0.005521,21600,0.00552,21600,0.005533,20748,0.005534,19355,0.005535,169030,0.005536,73721,0.005537,112925,0.005538,11600,0.005539,21600,0.00554,21761,0.005553,11600,0.005554,21011,0.005947,10683,0.005946,18947,0.005945,84715,0.005944,288006,0.005943,22673,0.005942,34891,0.005941,44846,0.005940,95591,0.005939,30750,0.005938,74975,0.005948,26238,0.005949,36238,0.005950,4362,0.005951,41678,0.005952,41634,0.005953,28384,0.005954,44164,0.005955,51814,0.005956,30394,0.005957,59987
gate,bybit,VANRYUSDT,0.005533,0.005947,7.4824,1774116630177,0.005531,9016,0.00553,17354,0.005529,20112,0.005528,16669,0.005527,26667,0.005526,26829,0.005525,21600,0.005524,11600,0.005521,21600,0.00552,21600,0.005533,20504,0.005534,19355,0.005535,169030,0.005536,73721,0.005537,112925,0.005538,11600,0.005539,21600,0.00554,21761,0.005553,11600,0.005554,21011,0.005947,10683,0.005946,18947,0.005945,84715,0.005944,288006,0.005943,22673,0.005942,34891,0.005941,44846,0.005940,95591,0.005939,30750,0.005938,74975,0.005948,18058,0.005949,36238,0.005950,4362,0.005951,41678,0.005952,39884,0.005953,28384,0.005954,44164,0.005955,51814,0.005956,30394,0.005957,59987
gate,bybit,VANRYUSDT,0.005533,0.005947,7.4824,1774116630479,0.005531,15637,0.00553,17354,0.005529,20112,0.005528,16669,0.005527,26667,0.005526,26829,0.005525,21600,0.005524,11600,0.005522,21600,0.005521,21600,0.005533,16936,0.005534,19355,0.005535,169030,0.005536,73721,0.005537,112925,0.005538,11600,0.005539,21600,0.00554,21761,0.005553,11600,0.005554,21011,0.005947,10683,0.005946,18947,0.005945,84715,0.005944,288006,0.005943,22673,0.005942,34891,0.005941,44846,0.005940,95591,0.005939,30750,0.005938,74975,0.005948,18058,0.005949,36238,0.005950,4362,0.005951,41678,0.005952,39884,0.005953,28384,0.005954,44164,0.005955,51814,0.005956,30394,0.005957,59987
gate,bybit,VANRYUSDT,0.005533,0.005947,7.4824,1774116630779,0.005531,15637,0.00553,17354,0.005529,20112,0.005528,16669,0.005527,26667,0.005526,26829,0.005525,21600,0.005524,11600,0.005522,21600,0.005521,21600,0.005533,16936,0.005534,19355,0.005535,169030,0.005536,73721,0.005537,112925,0.005538,11600,0.005539,21600,0.00554,21761,0.005553,11600,0.005554,21011,0.005947,10683,0.005946,18947,0.005945,84715,0.005944,288006,0.005943,22673,0.005942,34891,0.005941,44846,0.005940,95591,0.005939,30750,0.005938,74975,0.005948,18058,0.005949,36238,0.005950,4362,0.005951,41678,0.005952,39884,0.005953,28384,0.005954,44164,0.005955,51814,0.005956,30394,0.005957,59987
gate,bybit,VANRYUSDT,0.005533,0.005947,7.4824,1774116631079,0.005532,11496,0.005531,9016,0.00553,17354,0.005529,20112,0.005528,16669,0.005527,26667,0.005526,26829,0.005525,21600,0.005524,11600,0.005523,21600,0.005533,11600,0.005534,19355,0.005535,169030,0.005536,73721,0.005537,112925,0.005538,11600,0.005539,21600,0.00554,21761,0.005553,11600,0.005554,21011,0.005947,10683,0.005946,18947,0.005945,84715,0.005944,288006,0.005943,22673,0.005942,34891,0.005941,44846,0.005940,95591,0.005939,30750,0.005938,74975,0.005948,18058,0.005949,36238,0.005950,4362,0.005951,41678,0.005952,39884,0.005953,28384,0.005954,44164,0.005955,51814,0.005956,30394,0.005957,59987
gate,bybit,VANRYUSDT,0.005533,0.005947,7.4824,1774116631379,0.005532,11496,0.005531,9016,0.00553,17354,0.005529,20112,0.005528,16669,0.005527,26667,0.005526,26829,0.005525,21600,0.005524,11600,0.005523,21600,0.005533,11600,0.005534,19355,0.005535,169030,0.005536,73721,0.005537,112925,0.005538,11600,0.005539,21600,0.00554,21761,0.005553,11600,0.005554,21011,0.005947,10683,0.005946,18947,0.005945,84715,0.005944,288006,0.005943,22673,0.005942,34891,0.005941,44846,0.005940,95591,0.005939,30750,0.005938,74975,0.005948,18058,0.005949,36238,0.005950,4362,0.005951,41678,0.005952,39884,0.005953,28384,0.005954,44164,0.005955,51814,0.005956,30394,0.005957,59987
gate,bybit,VANRYUSDT,0.005533,0.005947,7.4824,1774116631679,0.005532,11496,0.005531,9016,0.00553,17354,0.005529,20112,0.005528,16669,0.005527,26667,0.005526,26829,0.005525,21600,0.005524,11600,0.005523,21600,0.005533,11600,0.005534,19355,0.005535,169030,0.005536,73721,0.005537,112925,0.005538,11600,0.005539,21600,0.00554,21761,0.005553,11600,0.005554,21011,0.005947,10683,0.005946,18947,0.005945,84715,0.005944,288006,0.005943,22673,0.005942,34891,0.005941,44846,0.005940,95591,0.005939,30750,0.005938,74975,0.005948,18058,0.005949,36238,0.005950,4362,0.005951,41678,0.005952,39884,0.005953,28384,0.005954,44164,0.005955,51814,0.005956,30394,0.005957,59987
gate,bybit,VANRYUSDT,0.005533,0.005947,7.4824,1774116631980,0.005532,6621,0.005531,9016,0.00553,17354,0.005529,20112,0.005528,16669,0.005527,26667,0.005526,26829,0.005525,21600,0.005524,21600,0.005523,21600,0.005533,11600,0.005534,19355,0.005535,169030,0.005536,73721,0.005537,112925,0.005538,11600,0.005539,21600,0.00554,21761,0.005553,11600,0.005554,21011,0.005947,10683,0.005946,18947,0.005945,84715,0.005944,288006,0.005943,22673,0.005942,34891,0.005941,44846,0.005940,95591,0.005939,30750,0.005938,74975,0.005948,18058,0.005949,36238,0.005950,4362,0.005951,41678,0.005952,39884,0.005953,28384,0.005954,44164,0.005955,51814,0.005956,30394,0.005957,59987
gate,bybit,VANRYUSDT,0.005533,0.005947,7.4824,1774116632280,0.005532,12008,0.005531,9016,0.00553,17354,0.005529,20112,0.005528,16669,0.005527,26667,0.005526,26829,0.005525,21600,0.005524,21600,0.005523,21600,0.005533,11600,0.005534,19355,0.005535,169030,0.005536,73721,0.005537,112925,0.005538,11600,0.005539,21600,0.00554,21761,0.005553,11600,0.005554,21011,0.005947,10683,0.005946,18947,0.005945,84715,0.005944,288006,0.005943,22673,0.005942,34891,0.005941,44846,0.005940,95591,0.005939,30750,0.005938,74975,0.005948,18058,0.005949,36238,0.005950,4362,0.005951,41678,0.005952,39884,0.005953,28384,0.005954,44164,0.005955,51814,0.005956,30394,0.005957,59987
gate,bybit,VANRYUSDT,0.005533,0.005947,7.4824,1774116632581,0.005532,12008,0.005531,9016,0.00553,17354,0.005529,20112,0.005528,16669,0.005527,26667,0.005526,26829,0.005525,21600,0.005524,21600,0.005523,21600,0.005533,11600,0.005534,19355,0.005535,169030,0.005536,73721,0.005537,112925,0.005538,11600,0.005539,21600,0.00554,21761,0.005553,11600,0.005554,21011,0.005947,10683,0.005946,18947,0.005945,84715,0.005944,288006,0.005943,22673,0.005942,34891,0.005941,44846,0.005940,95591,0.005939,30750,0.005938,74975,0.005948,18058,0.005949,36238,0.005950,4362,0.005951,41678,0.005952,39884,0.005953,28384,0.005954,44164,0.005955,51814,0.005956,30394,0.005957,59987
gate,bybit,VANRYUSDT,0.005533,0.005947,7.4824,1774116632881,0.005532,12008,0.005531,9016,0.00553,17354,0.005529,20112,0.005528,16669,0.005527,26667,0.005526,26829,0.005525,21600,0.005524,21600,0.005523,21600,0.005533,11600,0.005534,19355,0.005535,169030,0.005536,73721,0.005537,112925,0.005538,11600,0.005539,21600,0.00554,21761,0.005553,11600,0.005554,21011,0.005947,10683,0.005946,18947,0.005945,84715,0.005944,288006,0.005943,22673,0.005942,34891,0.005941,44846,0.005940,95591,0.005939,30750,0.005938,74975,0.005948,18058,0.005949,36238,0.005950,4362,0.005951,41678,0.005952,39884,0.005953,28384,0.005954,44164,0.005955,51814,0.005956,30394,0.005957,59987
gate,bybit,VANRYUSDT,0.005533,0.005947,7.4824,1774116633181,0.005531,9016,0.00553,17354,0.005529,20112,0.005528,16669,0.005527,26667,0.005526,26829,0.005525,21600,0.005524,21600,0.005523,21600,0.005522,21600,0.005533,21483,0.005534,19355,0.005535,169030,0.005536,73721,0.005537,112925,0.005538,11600,0.005539,21600,0.00554,21761,0.005553,11600,0.005554,21011,0.005947,10683,0.005946,18947,0.005945,84715,0.005944,288006,0.005943,22673,0.005942,34891,0.005941,44846,0.005940,95591,0.005939,30750,0.005938,74975,0.005948,18058,0.005949,36238,0.005950,4362,0.005951,41678,0.005952,39884,0.005953,28384,0.005954,44164,0.005955,51814,0.005956,30394,0.005957,59987
gate,bybit,VANRYUSDT,0.005533,0.005947,7.4824,1774116633481,0.005531,15637,0.00553,17354,0.005529,20112,0.005528,16669,0.005527,26667,0.005526,26829,0.005525,21600,0.005524,21600,0.005523,21600,0.005522,21600,0.005533,16642,0.005534,19355,0.005535,169030,0.005536,73721,0.005537,112925,0.005538,11600,0.005539,21600,0.00554,21761,0.005553,11600,0.005554,21011,0.005947,10683,0.005946,18947,0.005945,84715,0.005944,288006,0.005943,22673,0.005942,34891,0.005941,44846,0.005940,95591,0.005939,30750,0.005938,74975,0.005948,18058,0.005949,36238,0.005950,4362,0.005951,41678,0.005952,39884,0.005953,28384,0.005954,44164,0.005955,51814,0.005956,30394,0.005957,59987
gate,bybit,VANRYUSDT,0.005533,0.005947,7.4824,1774116633784,0.005531,15637,0.00553,17354,0.005529,20112,0.005528,16669,0.005527,26667,0.005526,26829,0.005525,21600,0.005524,21600,0.005523,21600,0.005522,21600,0.005533,16642,0.005534,19355,0.005535,169030,0.005536,73721,0.005537,112925,0.005538,11600,0.005539,21600,0.00554,21761,0.005553,11600,0.005554,21011,0.005947,10683,0.005946,18947,0.005945,84715,0.005944,288006,0.005943,22673,0.005942,34891,0.005941,44846,0.005940,95591,0.005939,30750,0.005938,74975,0.005948,18058,0.005949,36238,0.005950,4362,0.005951,41678,0.005952,39884,0.005953,28384,0.005954,44164,0.005955,51814,0.005956,30394,0.005957,59987
gate,bybit,VANRYUSDT,0.005533,0.005947,7.4824,1774116634085,0.005532,6295,0.005531,15637,0.00553,17354,0.005529,20112,0.005528,16669,0.005527,26667,0.005526,26829,0.005525,21600,0.005524,21600,0.005523,21600,0.005533,16660,0.005534,19355,0.005535,169030,0.005536,73721,0.005537,112925,0.005538,11600,0.005539,21600,0.00554,21761,0.005553,11600,0.005554,21011,0.005947,10683,0.005946,18947,0.005945,84715,0.005944,288006,0.005943,22673,0.005942,34891,0.005941,44846,0.005940,95591,0.005939,30750,0.005938,74975,0.005948,18058,0.005949,36238,0.005950,4362,0.005951,41678,0.005952,39884,0.005953,28384,0.005954,44164,0.005955,51814,0.005956,30394,0.005957,59987
gate,bybit,VANRYUSDT,0.005533,0.005947,7.4824,1774116634385,0.005532,6295,0.005531,9016,0.00553,17354,0.005529,20112,0.005528,16669,0.005527,26667,0.005526,26829,0.005525,21600,0.005524,21600,0.005523,21600,0.005533,16660,0.005534,19355,0.005535,169030,0.005536,73721,0.005537,112925,0.005538,11600,0.005539,21600,0.00554,21761,0.005553,11600,0.005554,21011,0.005947,10683,0.005946,18947,0.005945,84715,0.005944,288006,0.005943,22673,0.005942,34891,0.005941,44846,0.005940,95591,0.005939,30750,0.005938,74975,0.005948,18058,0.005949,36238,0.005950,4362,0.005951,41678,0.005952,39884,0.005953,28384,0.005954,44164,0.005955,51814,0.005956,30394,0.005957,59987
gate,bybit,VANRYUSDT,0.005533,0.005947,7.4824,1774116634685,0.005532,6295,0.005531,9016,0.00553,17354,0.005529,20112,0.005528,16669,0.005527,26667,0.005526,26829,0.005525,21600,0.005524,21600,0.005523,21600,0.005533,16660,0.005534,19355,0.005535,169030,0.005536,73721,0.005537,112925,0.005538,11600,0.005539,21600,0.00554,21761,0.005553,11600,0.005554,21011,0.005947,10683,0.005946,18947,0.005945,84715,0.005944,288006,0.005943,22673,0.005942,34891,0.005941,44846,0.005940,95591,0.005939,30750,0.005938,74975,0.005948,18058,0.005949,36238,0.005950,4362,0.005951,41678,0.005952,39884,0.005953,28384,0.005954,44164,0.005955,51814,0.005956,30394,0.005957,59987
gate,bybit,VANRYUSDT,0.005533,0.005947,7.4824,1774116634985,0.005532,6295,0.005531,15637,0.00553,17354,0.005529,20112,0.005528,16669,0.005527,26667,0.005526,26829,0.005525,21600,0.005524,21600,0.005523,21600,0.005533,16571,0.005534,19355,0.005535,169030,0.005536,73721,0.005537,112925,0.005538,11600,0.005539,21600,0.00554,21761,0.005553,11600,0.005554,21011,0.005947,10683,0.005946,18947,0.005945,84715,0.005944,288006,0.005943,22673,0.005942,34891,0.005941,44846,0.005940,95591,0.005939,30750,0.005938,74975,0.005948,18058,0.005949,36238,0.005950,4362,0.005951,41678,0.005952,39884,0.005953,28384,0.005954,44164,0.005955,51814,0.005956,30394,0.005957,59987
gate,bybit,VANRYUSDT,0.005534,0.005947,7.463,1774116635285,0.005532,6295,0.005531,9016,0.00553,17354,0.005529,20112,0.005528,16669,0.005527,26667,0.005526,26829,0.005525,21600,0.005524,21600,0.005523,21600,0.005534,22923,0.005535,169030,0.005536,73721,0.005537,112925,0.005538,11600,0.005539,21600,0.00554,21761,0.005553,11600,0.005554,21011,0.005557,11600,0.005947,10683,0.005946,18947,0.005945,84715,0.005944,288006,0.005943,22673,0.005942,34891,0.005941,44846,0.005940,95591,0.005939,30750,0.005938,74975,0.005948,9878,0.005949,36238,0.005950,4362,0.005951,41678,0.005952,39884,0.005953,28384,0.005954,44164,0.005955,51814,0.005956,31719,0.005957,59987
gate,bybit,VANRYUSDT,0.005534,0.005947,7.463,1774116635585,0.005532,6295,0.005531,9016,0.00553,17354,0.005529,20112,0.005528,16669,0.005527,26667,0.005526,26829,0.005525,21600,0.005524,21600,0.005523,21600,0.005534,22923,0.005535,169030,0.005536,73721,0.005537,112925,0.005538,11600,0.005539,21600,0.00554,21761,0.005553,11600,0.005554,21011,0.005557,11600,0.005947,10683,0.005946,18947,0.005945,84715,0.005944,288006,0.005943,22673,0.005942,34891,0.005941,44846,0.005940,95591,0.005939,30750,0.005938,74975,0.005948,9878,0.005949,36238,0.005950,4362,0.005951,39928,0.005952,39884,0.005953,28384,0.005954,44164,0.005955,51814,0.005956,31719,0.005957,59987
gate,bybit,VANRYUSDT,0.005534,0.005947,7.463,1774116635886,0.005532,6295,0.005531,9016,0.00553,17354,0.005529,20112,0.005528,16669,0.005527,26667,0.005526,26829,0.005525,21600,0.005524,21600,0.005523,21600,0.005534,22923,0.005535,169030,0.005536,73721,0.005537,112925,0.005538,11600,0.005539,21600,0.00554,21761,0.005553,11600,0.005554,21011,0.005557,11600,0.005947,10683,0.005946,18947,0.005945,84715,0.005944,288006,0.005943,22673,0.005942,34891,0.005941,44846,0.005940,95591,0.005939,30750,0.005938,74975,0.005948,9878,0.005949,36238,0.005950,4362,0.005951,39928,0.005952,39884,0.005953,28384,0.005954,44164,0.005955,51814,0.005956,31719,0.005957,59987
gate,bybit,VANRYUSDT,0.005534,0.005947,7.463,1774116636186,0.005532,6295,0.005531,9016,0.00553,17354,0.005529,20112,0.005528,16669,0.005527,26667,0.005526,26829,0.005525,21600,0.005524,21600,0.005523,21600,0.005534,22923,0.005535,169030,0.005536,73721,0.005537,112925,0.005538,11600,0.005539,21600,0.00554,21761,0.005553,11600,0.005554,21011,0.005557,11600,0.005947,10683,0.005946,18947,0.005945,84715,0.005944,288006,0.005943,22673,0.005942,34891,0.005941,44846,0.005940,95591,0.005939,30750,0.005938,74975,0.005948,9878,0.005949,36238,0.005950,4362,0.005951,41253,0.005952,39884,0.005953,28384,0.005954,44164,0.005955,51814,0.005956,31719,0.005957,59987
gate,bybit,VANRYUSDT,0.005534,0.005947,7.463,1774116636486,0.005532,6295,0.005531,9016,0.00553,17354,0.005529,20112,0.005528,16669,0.005527,26667,0.005526,26829,0.005525,21600,0.005524,21600,0.005523,21600,0.005534,22923,0.005535,169030,0.005536,73721,0.005537,112925,0.005538,11600,0.005539,21600,0.00554,21761,0.005553,11600,0.005554,21011,0.005557,11600,0.005947,10683,0.005946,18947,0.005945,84715,0.005944,288006,0.005943,22673,0.005942,34891,0.005941,44846,0.005940,95591,0.005939,30750,0.005938,74975,0.005948,9878,0.005949,36238,0.005950,4362,0.005951,41253,0.005952,39884,0.005953,28384,0.005954,44164,0.005955,51814,0.005956,31719,0.005957,59987
gate,bybit,VANRYUSDT,0.005534,0.005947,7.463,1774116636787,0.005532,6295,0.005531,9016,0.00553,17354,0.005529,20112,0.005528,16669,0.005527,26667,0.005526,26829,0.005525,21600,0.005524,21600,0.005523,21600,0.005534,22923,0.005535,169030,0.005536,73721,0.005537,112925,0.005538,11600,0.005539,21600,0.00554,21761,0.005553,11600,0.005554,21011,0.005557,11600,0.005947,10683,0.005946,18947,0.005945,84715,0.005944,288006,0.005943,22673,0.005942,34891,0.005941,44846,0.005940,95591,0.005939,30750,0.005938,74975,0.005948,9878,0.005949,36238,0.005950,4362,0.005951,41253,0.005952,39884,0.005953,28384,0.005954,44164,0.005955,51814,0.005956,31719,0.005957,59987
gate,bybit,VANRYUSDT,0.005534,0.005947,7.463,1774116637087,0.005532,6295,0.005531,9016,0.00553,17354,0.005529,20112,0.005528,16669,0.005527,26667,0.005526,26829,0.005525,21600,0.005524,21600,0.005523,21600,0.005534,22923,0.005535,169030,0.005536,73721,0.005537,112925,0.005538,11600,0.005539,21600,0.00554,21761,0.005553,11600,0.005554,21011,0.005557,11600,0.005947,10683,0.005946,18947,0.005945,84715,0.005944,288006,0.005943,22673,0.005942,34891,0.005941,44846,0.005940,95591,0.005939,30750,0.005938,74975,0.005948,9878,0.005949,36238,0.005950,4362,0.005951,41253,0.005952,39884,0.005953,28384,0.005954,44164,0.005955,51814,0.005956,31719,0.005957,59987
gate,bybit,VANRYUSDT,0.005534,0.005947,7.463,1774116637388,0.005532,6295,0.005531,9016,0.00553,17354,0.005529,20112,0.005528,16669,0.005527,26667,0.005526,26829,0.005525,21600,0.005524,21600,0.005523,21600,0.005534,22923,0.005535,169030,0.005536,73721,0.005537,112925,0.005538,11600,0.005539,21600,0.00554,21761,0.005553,11600,0.005554,21011,0.005557,11600,0.005947,10683,0.005946,18947,0.005945,84715,0.005944,288006,0.005943,22673,0.005942,34891,0.005941,44846,0.005940,95591,0.005939,30750,0.005938,74975,0.005948,9878,0.005949,36238,0.005950,4362,0.005951,41253,0.005952,39884,0.005953,28384,0.005954,44164,0.005955,51814,0.005956,31719,0.005957,59987
gate,bybit,VANRYUSDT,0.005534,0.005947,7.463,1774116637688,0.005532,6295,0.005531,9016,0.00553,17354,0.005529,20112,0.005528,16669,0.005527,26667,0.005526,26829,0.005525,21600,0.005524,21600,0.005523,21600,0.005534,22923,0.005535,169030,0.005536,73721,0.005537,112925,0.005538,11600,0.005539,21600,0.00554,21761,0.005553,11600,0.005554,21011,0.005557,11600,0.005947,10683,0.005946,18947,0.005945,84715,0.005944,288006,0.005943,22673,0.005942,34891,0.005941,44846,0.005940,95591,0.005939,30750,0.005938,74975,0.005948,9878,0.005949,36238,0.005950,4362,0.005951,41253,0.005952,39884,0.005953,28384,0.005954,44164,0.005955,51814,0.005956,31719,0.005957,59987
gate,bybit,VANRYUSDT,0.005534,0.005947,7.463,1774116637988,0.005532,6295,0.005531,9016,0.00553,17354,0.005529,20112,0.005528,16669,0.005527,26667,0.005526,26829,0.005525,21600,0.005524,21600,0.005523,21600,0.005534,22923,0.005535,169030,0.005536,73721,0.005537,112925,0.005538,11600,0.005539,21600,0.00554,21761,0.005553,11600,0.005554,21011,0.005557,11600,0.005947,10683,0.005946,18947,0.005945,84715,0.005944,288006,0.005943,22673,0.005942,34891,0.005941,44846,0.005940,95591,0.005939,30750,0.005938,74975,0.005948,9878,0.005949,36238,0.005950,4362,0.005951,41253,0.005952,39884,0.005953,28384,0.005954,44164,0.005955,51814,0.005956,31719,0.005957,59987
gate,bybit,VANRYUSDT,0.005534,0.005947,7.463,1774116638288,0.005532,6295,0.005531,9016,0.00553,17354,0.005529,20112,0.005528,16669,0.005527,26667,0.005526,26829,0.005525,21600,0.005524,21600,0.005523,21600,0.005534,22923,0.005535,169030,0.005536,73721,0.005537,112925,0.005538,11600,0.005539,21600,0.00554,21761,0.005553,11600,0.005554,21011,0.005557,11600,0.005947,10683,0.005946,18947,0.005945,84715,0.005944,288006,0.005943,22673,0.005942,34891,0.005941,44846,0.005940,95591,0.005939,30750,0.005938,74975,0.005948,9878,0.005949,36238,0.005950,4362,0.005951,41253,0.005952,39884,0.005953,28384,0.005954,44164,0.005955,51814,0.005956,31719,0.005957,59987
gate,bybit,VANRYUSDT,0.005534,0.005947,7.463,1774116638589,0.005532,6295,0.005531,9016,0.00553,17354,0.005529,20112,0.005528,16669,0.005527,26667,0.005526,26829,0.005525,21600,0.005524,21600,0.005523,21600,0.005534,22923,0.005535,169030,0.005536,73721,0.005537,112925,0.005538,11600,0.005539,21600,0.00554,21761,0.005553,11600,0.005554,21011,0.005557,11600,0.005947,10683,0.005946,18947,0.005945,84715,0.005944,288006,0.005943,22673,0.005942,34891,0.005941,44846,0.005940,95591,0.005939,30750,0.005938,74975,0.005948,9878,0.005949,36238,0.005950,4362,0.005951,41253,0.005952,39884,0.005953,28384,0.005954,44164,0.005955,51814,0.005956,31719,0.005957,59987
gate,bybit,VANRYUSDT,0.005534,0.005947,7.463,1774116638889,0.005532,6295,0.005531,9016,0.00553,17354,0.005529,20112,0.005528,16669,0.005527,26667,0.005526,26829,0.005525,21600,0.005524,21600,0.005523,21600,0.005534,22923,0.005535,169030,0.005536,73721,0.005537,112925,0.005538,11600,0.005539,21600,0.00554,21761,0.005553,11600,0.005554,21011,0.005557,11600,0.005947,11038,0.005946,18732,0.005945,84715,0.005944,288006,0.005943,22673,0.005942,34891,0.005941,44846,0.005940,95591,0.005939,30750,0.005938,74975,0.005948,9878,0.005949,36238,0.005950,4362,0.005951,41253,0.005952,39884,0.005953,28384,0.005954,44164,0.005955,51814,0.005956,31719,0.005957,59987
gate,bybit,VANRYUSDT,0.005534,0.005947,7.463,1774116639189,0.005532,6295,0.005531,9016,0.00553,17354,0.005529,20112,0.005528,16669,0.005527,26667,0.005526,26829,0.005525,21600,0.005524,21600,0.005523,21600,0.005534,22923,0.005535,169030,0.005536,73721,0.005537,112925,0.005538,11600,0.005539,21600,0.00554,21761,0.005553,11600,0.005554,21011,0.005557,11600,0.005947,11038,0.005946,18732,0.005945,84715,0.005944,288006,0.005943,22673,0.005942,34891,0.005941,44846,0.005940,95591,0.005939,30750,0.005938,74975,0.005948,9878,0.005949,36238,0.005950,4362,0.005951,41253,0.005952,39884,0.005953,28384,0.005954,44164,0.005955,51814,0.005956,31719,0.005957,59987
gate,bybit,VANRYUSDT,0.005534,0.005947,7.463,1774116639492,0.005532,6295,0.005531,9016,0.00553,17354,0.005529,20112,0.005528,16669,0.005527,26667,0.005526,26829,0.005525,21600,0.005524,21600,0.005523,21600,0.005534,22923,0.005535,169030,0.005536,73721,0.005537,112925,0.005538,11600,0.005539,21600,0.00554,21761,0.005553,11600,0.005554,21011,0.005557,11600,0.005947,11038,0.005946,18732,0.005945,84715,0.005944,288006,0.005943,22673,0.005942,34891,0.005941,44846,0.005940,95591,0.005939,30750,0.005938,74975,0.005948,9878,0.005949,36238,0.005950,4362,0.005951,41253,0.005952,39884,0.005953,28384,0.005954,44164,0.005955,51814,0.005956,31719,0.005957,59987
gate,bybit,VANRYUSDT,0.005534,0.005947,7.463,1774116639792,0.005532,6295,0.005531,9016,0.00553,17354,0.005529,20112,0.005528,16669,0.005527,26667,0.005526,26829,0.005525,21600,0.005524,21600,0.005523,21600,0.005534,22923,0.005535,169030,0.005536,73721,0.005537,112925,0.005538,11600,0.005539,21600,0.00554,21761,0.005553,11600,0.005554,21011,0.005557,11600,0.005947,11038,0.005946,18732,0.005945,84715,0.005944,288006,0.005943,22673,0.005942,34891,0.005941,44846,0.005940,95591,0.005939,30750,0.005938,74975,0.005948,9878,0.005949,36238,0.005950,4362,0.005951,41253,0.005952,39884,0.005953,28384,0.005954,44164,0.005955,51814,0.005956,31719,0.005957,59987
gate,bybit,VANRYUSDT,0.005534,0.005947,7.463,1774116640093,0.005532,6295,0.005531,9016,0.00553,17354,0.005529,20112,0.005528,16669,0.005527,26667,0.005526,26829,0.005525,21600,0.005524,21600,0.005523,21600,0.005534,22923,0.005535,169030,0.005536,73721,0.005537,112925,0.005538,11600,0.005539,21600,0.00554,21761,0.005553,11600,0.005554,21011,0.005557,11600,0.005947,11038,0.005946,18732,0.005945,84715,0.005944,288006,0.005943,22673,0.005942,34891,0.005941,44846,0.005940,95591,0.005939,30750,0.005938,74975,0.005948,9878,0.005949,36238,0.005950,4362,0.005951,41253,0.005952,39884,0.005953,28384,0.005954,44164,0.005955,51814,0.005956,31719,0.005957,59987
gate,bybit,VANRYUSDT,0.005534,0.005947,7.463,1774116640393,0.005532,6295,0.005531,9016,0.00553,17354,0.005529,20112,0.005528,16669,0.005527,26667,0.005526,26829,0.005525,21600,0.005524,21600,0.005523,21600,0.005534,22923,0.005535,259206,0.005536,73721,0.005537,112925,0.005538,11600,0.005539,21600,0.00554,21761,0.005553,11600,0.005554,21011,0.005557,11600,0.005947,11038,0.005946,18732,0.005945,84715,0.005944,288006,0.005943,22673,0.005942,34891,0.005941,44846,0.005940,95591,0.005939,30750,0.005938,74975,0.005948,9878,0.005949,36238,0.005950,4362,0.005951,41253,0.005952,39884,0.005953,28384,0.005954,44164,0.005955,51814,0.005956,31719,0.005957,59987
gate,bybit,VANRYUSDT,0.005534,0.005947,7.463,1774116640694,0.005532,6295,0.005531,9016,0.00553,17354,0.005529,20112,0.005528,16669,0.005527,26667,0.005526,26829,0.005525,21600,0.005524,21600,0.005523,21600,0.005534,22923,0.005535,259206,0.005536,73721,0.005537,112925,0.005538,11600,0.005539,21600,0.00554,21761,0.005553,11600,0.005554,21011,0.005557,11600,0.005947,11038,0.005946,18732,0.005945,84715,0.005944,288006,0.005943,22673,0.005942,34891,0.005941,44846,0.005940,95591,0.005939,30750,0.005938,74975,0.005948,9878,0.005949,36238,0.005950,4362,0.005951,41253,0.005952,39884,0.005953,28384,0.005954,44164,0.005955,51814,0.005956,31719,0.005957,59987
gate,bybit,VANRYUSDT,0.005534,0.005947,7.463,1774116640996,0.005532,6295,0.005531,9016,0.00553,17354,0.005529,20112,0.005528,16669,0.005527,26667,0.005526,26829,0.005525,21600,0.005524,21600,0.005523,21600,0.005534,22923,0.005535,259206,0.005536,73721,0.005537,112925,0.005538,11600,0.005539,21600,0.00554,21761,0.005553,11600,0.005554,21011,0.005557,11600,0.005947,11038,0.005946,18732,0.005945,84715,0.005944,288006,0.005943,22673,0.005942,34891,0.005941,44846,0.005940,95591,0.005939,30750,0.005938,74975,0.005948,9878,0.005949,36238,0.005950,4362,0.005951,41253,0.005952,39884,0.005953,28384,0.005954,44164,0.005955,51814,0.005956,31719,0.005957,59987
gate,bybit,VANRYUSDT,0.005534,0.005947,7.463,1774116641296,0.005532,6295,0.005531,9016,0.00553,17354,0.005529,20112,0.005528,16669,0.005527,26667,0.005526,26829,0.005525,21600,0.005524,21600,0.005523,21600,0.005534,22923,0.005535,259206,0.005536,73721,0.005537,112925,0.005538,11600,0.005539,21600,0.00554,21761,0.005553,11600,0.005554,21011,0.005557,11600,0.005947,11038,0.005946,18732,0.005945,84715,0.005944,288006,0.005943,22673,0.005942,34891,0.005941,44846,0.005940,95591,0.005939,30750,0.005938,74975,0.005948,9878,0.005949,36238,0.005950,4362,0.005951,41253,0.005952,39884,0.005953,28384,0.005954,44164,0.005955,51814,0.005956,31719,0.005957,59987
gate,bybit,VANRYUSDT,0.005534,0.005947,7.463,1774116641596,0.005532,6295,0.005531,9016,0.00553,17354,0.005529,20112,0.005528,16669,0.005527,26667,0.005526,26829,0.005525,21600,0.005524,21600,0.005523,21600,0.005534,22923,0.005535,259206,0.005536,73721,0.005537,112925,0.005538,11600,0.005539,21600,0.00554,21761,0.005553,11600,0.005554,21011,0.005557,11600,0.005947,11038,0.005946,18732,0.005945,84715,0.005944,288006,0.005943,22673,0.005942,34891,0.005941,44846,0.005940,95591,0.005939,30750,0.005938,74975,0.005948,9878,0.005949,36238,0.005950,4362,0.005951,41253,0.005952,39884,0.005953,28384,0.005954,44164,0.005955,51814,0.005956,31719,0.005957,59987
gate,bybit,VANRYUSDT,0.005534,0.005947,7.463,1774116641896,0.005532,12916,0.005531,9016,0.00553,17354,0.005529,20112,0.005528,16669,0.005527,26667,0.005526,26829,0.005525,21600,0.005524,21600,0.005523,21600,0.005534,19355,0.005535,259206,0.005536,73721,0.005537,112925,0.005538,11600,0.005539,21600,0.00554,21761,0.005553,11600,0.005554,21011,0.005557,11600,0.005947,11038,0.005946,18732,0.005945,84715,0.005944,288006,0.005943,22673,0.005942,34891,0.005941,44846,0.005940,95591,0.005939,30750,0.005938,74975,0.005948,9878,0.005949,36238,0.005950,4362,0.005951,41253,0.005952,39884,0.005953,28384,0.005954,44164,0.005955,51814,0.005956,31719,0.005957,59987
gate,bybit,VANRYUSDT,0.005534,0.005947,7.463,1774116642196,0.005532,12916,0.005531,9016,0.00553,17354,0.005529,20112,0.005528,16669,0.005527,26667,0.005526,26829,0.005525,21600,0.005524,21600,0.005523,21600,0.005534,19355,0.005535,259206,0.005536,73721,0.005537,112925,0.005538,11600,0.005539,21600,0.00554,21761,0.005553,11600,0.005554,21011,0.005557,11600,0.005947,11038,0.005946,18732,0.005945,84715,0.005944,288006,0.005943,22673,0.005942,34891,0.005941,44846,0.005940,95591,0.005939,30750,0.005938,74975,0.005948,9878,0.005949,36238,0.005950,4362,0.005951,41253,0.005952,39884,0.005953,28384,0.005954,44164,0.005955,51814,0.005956,31719,0.005957,59987
gate,bybit,VANRYUSDT,0.005534,0.005947,7.463,1774116642496,0.005532,12916,0.005531,9016,0.00553,17354,0.005529,20112,0.005528,16669,0.005527,26667,0.005526,26829,0.005525,21600,0.005524,21600,0.005523,21600,0.005534,19355,0.005535,259206,0.005536,73721,0.005537,112925,0.005538,11600,0.005539,21600,0.00554,21761,0.005553,11600,0.005554,21011,0.005557,11600,0.005947,11038,0.005946,18732,0.005945,84715,0.005944,288006,0.005943,22673,0.005942,34891,0.005941,44846,0.005940,95591,0.005939,30750,0.005938,74975,0.005948,9878,0.005949,36238,0.005950,4362,0.005951,41253,0.005952,39884,0.005953,28384,0.005954,44164,0.005955,51814,0.005956,31719,0.005957,59987
gate,bybit,VANRYUSDT,0.005534,0.005947,7.463,1774116642801,0.005532,12916,0.005531,9016,0.00553,17354,0.005529,20112,0.005528,16669,0.005527,26667,0.005526,26829,0.005525,21600,0.005524,21600,0.005523,21600,0.005534,19355,0.005535,259206,0.005536,73721,0.005537,112925,0.005538,11600,0.005539,21600,0.00554,21761,0.005553,11600,0.005554,21011,0.005557,11600,0.005947,11038,0.005946,18732,0.005945,84715,0.005944,288006,0.005943,22673,0.005942,34891,0.005941,44846,0.005940,95591,0.005939,30750,0.005938,74975,0.005948,9878,0.005949,36238,0.005950,4362,0.005951,41253,0.005952,39884,0.005953,28384,0.005954,44164,0.005955,51814,0.005956,31719,0.005957,59987
gate,bybit,VANRYUSDT,0.005533,0.005947,7.4824,1774116643101,0.005532,6295,0.005531,15637,0.00553,17354,0.005529,20112,0.005528,16669,0.005527,26667,0.005526,26829,0.005525,21600,0.005524,21600,0.005523,21600,0.005533,5571,0.005534,22923,0.005535,259206,0.005536,73721,0.005537,112925,0.005538,11600,0.005539,21600,0.00554,21761,0.005553,11600,0.005554,21011,0.005947,11038,0.005946,18732,0.005945,84715,0.005944,288006,0.005943,22673,0.005942,34891,0.005941,44846,0.005940,95591,0.005939,30750,0.005938,74975,0.005948,9878,0.005949,36238,0.005950,4362,0.005951,41253,0.005952,39884,0.005953,28384,0.005954,44164,0.005955,51814,0.005956,31719,0.005957,59987
gate,bybit,VANRYUSDT,0.005533,0.005947,7.4824,1774116643402,0.005532,6295,0.005531,15637,0.00553,17354,0.005529,20112,0.005528,16669,0.005527,26667,0.005526,26829,0.005525,21600,0.005524,21600,0.005523,21600,0.005533,5571,0.005534,22923,0.005535,259206,0.005536,73721,0.005537,112925,0.005538,11600,0.005539,21600,0.00554,21761,0.005553,11600,0.005554,21011,0.005947,11038,0.005946,18732,0.005945,84715,0.005944,288006,0.005943,22673,0.005942,34891,0.005941,44846,0.005940,95591,0.005939,30750,0.005938,74975,0.005948,9878,0.005949,36238,0.005950,4362,0.005951,41253,0.005952,39884,0.005953,28384,0.005954,44164,0.005955,51814,0.005956,31719,0.005957,59987
gate,bybit,VANRYUSDT,0.005533,0.005947,7.4824,1774116643703,0.005532,6295,0.005531,15637,0.00553,17354,0.005529,20112,0.005528,16669,0.005527,26667,0.005526,26829,0.005525,21600,0.005524,21600,0.005523,21600,0.005533,5571,0.005534,22923,0.005535,259206,0.005536,73721,0.005537,112925,0.005538,11600,0.005539,21600,0.00554,21761,0.005553,11600,0.005554,21011,0.005947,11038,0.005946,18732,0.005945,84715,0.005944,288006,0.005943,22673,0.005942,34891,0.005941,44846,0.005940,95591,0.005939,30750,0.005938,74975,0.005948,9878,0.005949,36238,0.005950,4362,0.005951,41253,0.005952,39884,0.005953,28384,0.005954,44164,0.005955,51814,0.005956,31719,0.005957,59987
gate,bybit,VANRYUSDT,0.005533,0.005947,7.4824,1774116644004,0.005532,6295,0.005531,15637,0.00553,17354,0.005529,20112,0.005528,16669,0.005527,26667,0.005526,26829,0.005525,21600,0.005524,21600,0.005523,21600,0.005533,5571,0.005534,22923,0.005535,259206,0.005536,73721,0.005537,112925,0.005538,11600,0.005539,21600,0.00554,21761,0.005553,11600,0.005554,21011,0.005947,11038,0.005946,18732,0.005945,84715,0.005944,288006,0.005943,22673,0.005942,34891,0.005941,44846,0.005940,95591,0.005939,30750,0.005938,74975,0.005948,9878,0.005949,36238,0.005950,4362,0.005951,41253,0.005952,39884,0.005953,28384,0.005954,44164,0.005955,51814,0.005956,31719,0.005957,59987
gate,bybit,VANRYUSDT,0.005533,0.005947,7.4824,1774116644305,0.005532,6295,0.005531,15637,0.00553,17354,0.005529,20112,0.005528,16669,0.005527,26667,0.005526,26829,0.005525,21600,0.005524,21600,0.005523,21600,0.005533,5571,0.005534,22923,0.005535,259206,0.005536,73721,0.005537,112925,0.005538,11600,0.005539,21600,0.00554,21761,0.005553,11600,0.005554,21011,0.005947,11038,0.005946,18732,0.005945,84715,0.005944,288006,0.005943,22673,0.005942,34891,0.005941,44846,0.005940,95591,0.005939,30750,0.005938,74975,0.005948,9878,0.005949,36238,0.005950,4362,0.005951,41253,0.005952,39884,0.005953,28384,0.005954,44164,0.005955,51814,0.005956,31719,0.005957,59987
gate,bybit,VANRYUSDT,0.005533,0.005947,7.4824,1774116644607,0.005532,6295,0.005531,15637,0.00553,17354,0.005529,20112,0.005528,16669,0.005527,26667,0.005526,26829,0.005525,21600,0.005524,21600,0.005523,21600,0.005533,5571,0.005534,22923,0.005535,259206,0.005536,73721,0.005537,112925,0.005538,11600,0.005539,21600,0.00554,21761,0.005553,11600,0.005554,21011,0.005947,11038,0.005946,18732,0.005945,84715,0.005944,288006,0.005943,22673,0.005942,34891,0.005941,44846,0.005940,95591,0.005939,30750,0.005938,74975,0.005948,9878,0.005949,36238,0.005950,4362,0.005951,41253,0.005952,39884,0.005953,28384,0.005954,44164,0.005955,51814,0.005956,31719,0.005957,59987
gate,bybit,VANRYUSDT,0.005533,0.005947,7.4824,1774116644909,0.005532,6295,0.005531,9016,0.00553,17354,0.005529,20112,0.005528,16669,0.005527,26667,0.005526,26829,0.005525,21600,0.005524,21600,0.005523,21600,0.005533,5571,0.005534,22923,0.005535,259206,0.005536,73721,0.005537,112925,0.005538,11600,0.005539,21600,0.00554,21761,0.005553,11600,0.005554,21011,0.005947,11038,0.005946,18732,0.005945,84715,0.005944,288006,0.005943,22673,0.005942,34891,0.005941,44846,0.005940,95591,0.005939,30750,0.005938,74975,0.005948,9878,0.005949,36238,0.005950,4362,0.005951,41253,0.005952,39884,0.005953,28384,0.005954,44164,0.005955,51814,0.005956,31719,0.005957,59987
gate,bybit,VANRYUSDT,0.005533,0.005947,7.4824,1774116645211,0.005532,12916,0.005531,9016,0.00553,17354,0.005529,20112,0.005528,16669,0.005527,26667,0.005526,26829,0.005525,21600,0.005524,21600,0.005523,21600,0.005533,5571,0.005534,22923,0.005535,259206,0.005536,73721,0.005537,112925,0.005538,11600,0.005539,21600,0.00554,21761,0.005553,11600,0.005554,21011,0.005947,11038,0.005946,18732,0.005945,84715,0.005944,288006,0.005943,22673,0.005942,34891,0.005941,44846,0.005940,95591,0.005939,30750,0.005938,74975,0.005948,9878,0.005949,36238,0.005950,4362,0.005951,41253,0.005952,39884,0.005953,28384,0.005954,44164,0.005955,51814,0.005956,31719,0.005957,59987
gate,bybit,VANRYUSDT,0.005533,0.005947,7.4824,1774116645513,0.005532,12916,0.005531,9016,0.00553,17354,0.005529,20112,0.005528,16669,0.005527,26667,0.005526,26829,0.005525,21600,0.005524,21600,0.005523,21600,0.005533,5571,0.005534,22923,0.005535,259206,0.005536,73721,0.005537,112925,0.005538,11600,0.005539,21600,0.00554,21761,0.005553,11600,0.005554,21011,0.005947,11036,0.005946,18732,0.005945,84715,0.005944,288006,0.005943,22673,0.005942,34891,0.005941,44846,0.005940,95591,0.005939,30750,0.005938,74975,0.005948,9878,0.005949,36238,0.005950,4362,0.005951,41253,0.005952,39884,0.005953,28384,0.005954,44164,0.005955,51814,0.005956,31719,0.005957,59987
gate,bybit,VANRYUSDT,0.005533,0.005947,7.4824,1774116645815,0.005532,12916,0.005531,9016,0.00553,17354,0.005529,20112,0.005528,16669,0.005527,26667,0.005526,26829,0.005525,21600,0.005524,21600,0.005523,11600,0.005533,5571,0.005534,22923,0.005535,259206,0.005536,73721,0.005537,112925,0.005538,11600,0.005539,21600,0.00554,21761,0.005553,11600,0.005554,21011,0.005947,11036,0.005946,18732,0.005945,84715,0.005944,288006,0.005943,22673,0.005942,34891,0.005941,44846,0.005940,95591,0.005939,30750,0.005938,74975,0.005948,9878,0.005949,36238,0.005950,4362,0.005951,41253,0.005952,39884,0.005953,28384,0.005954,44164,0.005955,51814,0.005956,31719,0.005957,59987
gate,bybit,VANRYUSDT,0.005533,0.005947,7.4824,1774116646117,0.005532,12916,0.005531,9016,0.00553,17354,0.005529,20112,0.005528,16669,0.005527,26667,0.005526,26829,0.005525,21600,0.005524,21600,0.005523,11600,0.005533,5571,0.005534,22923,0.005535,259206,0.005536,73721,0.005537,112925,0.005538,11600,0.005539,21600,0.00554,21761,0.005553,11600,0.005554,21011,0.005947,11036,0.005946,18732,0.005945,84715,0.005944,288006,0.005943,22673,0.005942,34891,0.005941,44846,0.005940,95591,0.005939,30750,0.005938,74975,0.005948,9878,0.005949,36238,0.005950,4362,0.005951,41253,0.005952,39884,0.005953,28384,0.005954,44164,0.005955,51814,0.005956,31719,0.005957,59987
gate,bybit,VANRYUSDT,0.005533,0.005947,7.4824,1774116646417,0.005532,12916,0.005531,9016,0.00553,17354,0.005529,20112,0.005528,16669,0.005527,26667,0.005526,26829,0.005525,21600,0.005524,21600,0.005523,11600,0.005533,5571,0.005534,22923,0.005535,259206,0.005536,73721,0.005537,112925,0.005538,11600,0.005539,21600,0.00554,21761,0.005553,11600,0.005554,21011,0.005947,11036,0.005946,18732,0.005945,84715,0.005944,288006,0.005943,22673,0.005942,34891,0.005941,44846,0.005940,95591,0.005939,30750,0.005938,74975,0.005948,9878,0.005949,36238,0.005950,4362,0.005951,41253,0.005952,39884,0.005953,28384,0.005954,44164,0.005955,51814,0.005956,31719,0.005957,59987
gate,bybit,VANRYUSDT,0.005533,0.005947,7.4824,1774116646734,0.005532,12916,0.005531,9016,0.00553,17354,0.005529,20112,0.005528,16669,0.005527,26667,0.005526,26829,0.005525,21600,0.005524,21600,0.005523,11600,0.005533,5571,0.005534,22923,0.005535,259206,0.005536,73721,0.005537,112925,0.005538,11600,0.005539,21600,0.00554,21761,0.005553,11600,0.005554,21011,0.005947,11036,0.005946,18732,0.005945,84715,0.005944,288006,0.005943,22673,0.005942,34891,0.005941,44846,0.005940,95591,0.005939,30750,0.005938,74975,0.005948,9878,0.005949,36238,0.005950,4362,0.005951,41253,0.005952,39884,0.005953,28384,0.005954,44164,0.005955,51814,0.005956,31719,0.005957,59987
gate,bybit,VANRYUSDT,0.005533,0.005947,7.4824,1774116647039,0.005532,12916,0.005531,9016,0.00553,17354,0.005529,20112,0.005528,16669,0.005527,26667,0.005526,26829,0.005525,21600,0.005524,21600,0.005523,11600,0.005533,5571,0.005534,22923,0.005535,259206,0.005536,73721,0.005537,112925,0.005538,11600,0.005539,21600,0.00554,21761,0.005553,11600,0.005554,21011,0.005947,11036,0.005946,18732,0.005945,84715,0.005944,288006,0.005943,22673,0.005942,34891,0.005941,44846,0.005940,95591,0.005939,30750,0.005938,74975,0.005948,9878,0.005949,36238,0.005950,4362,0.005951,41253,0.005952,39884,0.005953,28384,0.005954,44164,0.005955,51814,0.005956,31719,0.005957,59987
gate,bybit,VANRYUSDT,0.005533,0.005947,7.4824,1774116647341,0.005532,12916,0.005531,9016,0.00553,17354,0.005529,20112,0.005528,16669,0.005527,26667,0.005526,26829,0.005525,21600,0.005524,21600,0.005523,11600,0.005533,5571,0.005534,22923,0.005535,259206,0.005536,73721,0.005537,112925,0.005538,11600,0.005539,21600,0.00554,21761,0.005553,11600,0.005554,21011,0.005947,11036,0.005946,18732,0.005945,84715,0.005944,288006,0.005943,22673,0.005942,34891,0.005941,44846,0.005940,95591,0.005939,30750,0.005938,74975,0.005948,9878,0.005949,36238,0.005950,4362,0.005951,41253,0.005952,39884,0.005953,28384,0.005954,44164,0.005955,51814,0.005956,31719,0.005957,59987
gate,bybit,VANRYUSDT,0.005533,0.005947,7.4824,1774116647643,0.005532,12916,0.005531,9016,0.00553,17354,0.005529,20112,0.005528,16669,0.005527,26667,0.005526,26829,0.005525,21600,0.005524,21600,0.005523,11600,0.005533,5571,0.005534,22923,0.005535,259206,0.005536,73721,0.005537,112925,0.005538,11600,0.005539,21600,0.00554,21761,0.005553,11600,0.005554,21011,0.005947,11036,0.005946,18732,0.005945,84715,0.005944,288006,0.005943,22673,0.005942,34891,0.005941,44846,0.005940,95591,0.005939,30750,0.005938,74975,0.005948,9878,0.005949,36238,0.005950,4362,0.005951,41253,0.005952,39884,0.005953,28384,0.005954,44164,0.005955,51814,0.005956,31719,0.005957,59987
gate,bybit,VANRYUSDT,0.005533,0.005947,7.4824,1774116647943,0.005532,6295,0.005531,9016,0.00553,17354,0.005529,20112,0.005528,16669,0.005527,26667,0.005526,26829,0.005525,21600,0.005524,21600,0.005523,11600,0.005533,5571,0.005534,22923,0.005535,259206,0.005536,73721,0.005537,112925,0.005538,11600,0.005539,21600,0.00554,21761,0.005553,11600,0.005554,21011,0.005947,11036,0.005946,18732,0.005945,84715,0.005944,288006,0.005943,22673,0.005942,34891,0.005941,44846,0.005940,95591,0.005939,30750,0.005938,74975,0.005948,9878,0.005949,36238,0.005950,4362,0.005951,41253,0.005952,39884,0.005953,28384,0.005954,44164,0.005955,51814,0.005956,31719,0.005957,59987
gate,bybit,VANRYUSDT,0.005533,0.005947,7.4824,1774116648243,0.005532,6295,0.005531,9016,0.00553,17354,0.005529,20112,0.005528,16669,0.005527,26667,0.005526,26829,0.005525,21600,0.005524,21600,0.005523,11600,0.005533,5571,0.005534,22923,0.005535,259206,0.005536,73721,0.005537,112925,0.005538,11600,0.005539,21600,0.00554,21761,0.005553,11600,0.005554,21011,0.005947,11036,0.005946,18732,0.005945,84715,0.005944,288006,0.005943,22673,0.005942,34891,0.005941,44846,0.005940,95591,0.005939,30750,0.005938,74975,0.005948,9878,0.005949,36238,0.005950,4362,0.005951,41253,0.005952,39884,0.005953,28384,0.005954,44164,0.005955,51814,0.005956,31719,0.005957,59987
gate,bybit,VANRYUSDT,0.005533,0.005947,7.4824,1774116648544,0.005532,6295,0.005531,9016,0.00553,17354,0.005529,20112,0.005528,16669,0.005527,26667,0.005526,26829,0.005525,21600,0.005524,21600,0.005523,11600,0.005533,5571,0.005534,22923,0.005535,259206,0.005536,73721,0.005537,112925,0.005538,11600,0.005539,21600,0.00554,21761,0.005553,11600,0.005554,21011,0.005947,11036,0.005946,18732,0.005945,84715,0.005944,288006,0.005943,22673,0.005942,34891,0.005941,44846,0.005940,95591,0.005939,30750,0.005938,74975,0.005948,9878,0.005949,36238,0.005950,4362,0.005951,41253,0.005952,39884,0.005953,28384,0.005954,44164,0.005955,51814,0.005956,31719,0.005957,59987
gate,bybit,VANRYUSDT,0.005533,0.005947,7.4824,1774116648845,0.005532,6295,0.005531,9016,0.00553,17354,0.005529,20112,0.005528,16669,0.005527,26667,0.005526,26829,0.005525,21600,0.005524,21600,0.005523,11600,0.005533,5571,0.005534,22923,0.005535,259206,0.005536,73721,0.005537,112925,0.005538,11600,0.005539,21600,0.00554,21761,0.005553,11600,0.005554,21011,0.005947,11036,0.005946,18732,0.005945,84715,0.005944,288006,0.005943,22673,0.005942,34891,0.005941,44846,0.005940,95591,0.005939,30750,0.005938,74975,0.005948,9878,0.005949,36238,0.005950,4362,0.005951,41253,0.005952,39884,0.005953,28384,0.005954,44164,0.005955,51814,0.005956,31719,0.005957,59987
gate,bybit,VANRYUSDT,0.005533,0.005947,7.4824,1774116649147,0.005532,6295,0.005531,9016,0.00553,17354,0.005529,20112,0.005528,16669,0.005527,26667,0.005526,26829,0.005525,21600,0.005524,21600,0.005523,11600,0.005533,5571,0.005534,22923,0.005535,259206,0.005536,73721,0.005537,112925,0.005538,11600,0.005539,21600,0.00554,21761,0.005553,11600,0.005554,21011,0.005947,11036,0.005946,18732,0.005945,84715,0.005944,288006,0.005943,22673,0.005942,34891,0.005941,44846,0.005940,95591,0.005939,30750,0.005938,74975,0.005948,9878,0.005949,36238,0.005950,4362,0.005951,41253,0.005952,39884,0.005953,28384,0.005954,44164,0.005955,51814,0.005956,31719,0.005957,59987
gate,bybit,VANRYUSDT,0.005533,0.005947,7.4824,1774116649447,0.005532,6295,0.005531,9016,0.00553,17354,0.005529,20112,0.005528,16669,0.005527,26667,0.005526,26829,0.005525,21600,0.005524,21600,0.005523,11600,0.005533,5571,0.005534,22923,0.005535,259206,0.005536,73721,0.005537,112925,0.005538,11600,0.005539,21600,0.00554,21761,0.005553,11600,0.005554,21011,0.005947,11036,0.005946,18732,0.005945,84715,0.005944,288006,0.005943,22673,0.005942,34891,0.005941,44846,0.005940,95591,0.005939,30750,0.005938,74975,0.005948,9878,0.005949,36238,0.005950,4362,0.005951,41253,0.005952,39884,0.005953,28384,0.005954,44164,0.005955,51814,0.005956,31719,0.005957,59987
gate,bybit,VANRYUSDT,0.005533,0.005947,7.4824,1774116649747,0.005532,6295,0.005531,9016,0.00553,17354,0.005529,20112,0.005528,16669,0.005527,26667,0.005526,26829,0.005525,21600,0.005524,21600,0.005523,11600,0.005533,5571,0.005534,22923,0.005535,259206,0.005536,73721,0.005537,112925,0.005538,11600,0.005539,21600,0.00554,21761,0.005553,11600,0.005554,21011,0.005947,11036,0.005946,18732,0.005945,84715,0.005944,288006,0.005943,22673,0.005942,34891,0.005941,44846,0.005940,95591,0.005939,30750,0.005938,74975,0.005948,9878,0.005949,36238,0.005950,4362,0.005951,41253,0.005952,39884,0.005953,28384,0.005954,44164,0.005955,51814,0.005956,31719,0.005957,59987
gate,bybit,VANRYUSDT,0.005533,0.005947,7.4824,1774116650047,0.005532,6295,0.005531,9016,0.00553,17354,0.005529,20112,0.005528,16669,0.005527,26667,0.005526,26829,0.005525,21600,0.005524,21600,0.005523,11600,0.005533,5571,0.005534,22923,0.005535,259206,0.005536,73721,0.005537,112925,0.005538,11600,0.005539,21600,0.00554,21761,0.005553,11600,0.005554,21011,0.005947,11036,0.005946,18732,0.005945,84715,0.005944,288006,0.005943,22673,0.005942,34891,0.005941,44846,0.005940,95591,0.005939,30750,0.005938,74975,0.005948,9878,0.005949,36238,0.005950,4362,0.005951,41253,0.005952,39884,0.005953,28384,0.005954,44164,0.005955,51814,0.005956,31719,0.005957,59987
gate,bybit,VANRYUSDT,0.005533,0.005947,7.4824,1774116650348,0.005532,6295,0.005531,9016,0.00553,17354,0.005529,20112,0.005528,16669,0.005527,26667,0.005526,26829,0.005525,21600,0.005524,21600,0.005523,11600,0.005533,5571,0.005534,22923,0.005535,259206,0.005536,73721,0.005537,112925,0.005538,11600,0.005539,21600,0.00554,21761,0.005553,11600,0.005554,21011,0.005947,11036,0.005946,18732,0.005945,84715,0.005944,288006,0.005943,22673,0.005942,34891,0.005941,44846,0.005940,95591,0.005939,30750,0.005938,74975,0.005948,9878,0.005949,36238,0.005950,4362,0.005951,41253,0.005952,39884,0.005953,28384,0.005954,44164,0.005955,51814,0.005956,31719,0.005957,59987
gate,bybit,VANRYUSDT,0.005533,0.005947,7.4824,1774116650648,0.005532,6295,0.005531,9016,0.00553,17354,0.005529,20112,0.005528,16669,0.005527,26667,0.005526,26829,0.005525,21600,0.005524,21600,0.005523,11600,0.005533,5571,0.005534,22923,0.005535,259206,0.005536,73721,0.005537,112925,0.005538,11600,0.005539,21600,0.00554,21761,0.005553,11600,0.005554,21011,0.005947,11036,0.005946,18732,0.005945,84715,0.005944,288006,0.005943,22673,0.005942,34891,0.005941,44846,0.005940,95591,0.005939,30750,0.005938,74975,0.005948,9878,0.005949,36238,0.005950,4362,0.005951,41253,0.005952,39884,0.005953,28384,0.005954,44164,0.005955,51814,0.005956,31719,0.005957,59987
gate,bybit,VANRYUSDT,0.005533,0.005947,7.4824,1774116650948,0.005532,12916,0.005531,9016,0.00553,17354,0.005529,20112,0.005528,16669,0.005527,26667,0.005526,26829,0.005525,21600,0.005524,21600,0.005523,11600,0.005533,5571,0.005534,22923,0.005535,259206,0.005536,73721,0.005537,112925,0.005538,11600,0.005539,21600,0.00554,21761,0.005553,11600,0.005554,21011,0.005947,11036,0.005946,18732,0.005945,84715,0.005944,288006,0.005943,22673,0.005942,34891,0.005941,44846,0.005940,95591,0.005939,30750,0.005938,74975,0.005948,9878,0.005949,36238,0.005950,4362,0.005951,41253,0.005952,39884,0.005953,28384,0.005954,44164,0.005955,51814,0.005956,31719,0.005957,59987
gate,bybit,VANRYUSDT,0.005533,0.005947,7.4824,1774116651249,0.005532,12916,0.005531,9016,0.00553,17354,0.005529,20112,0.005528,16669,0.005527,26667,0.005526,26829,0.005525,21600,0.005524,21600,0.005523,11600,0.005533,5571,0.005534,22923,0.005535,259206,0.005536,73721,0.005537,112925,0.005538,11600,0.005539,21600,0.00554,21761,0.005553,11600,0.005554,21011,0.005947,11036,0.005946,18732,0.005945,84715,0.005944,288006,0.005943,22673,0.005942,34891,0.005941,44846,0.005940,95591,0.005939,30750,0.005938,74975,0.005948,9878,0.005949,36238,0.005950,4362,0.005951,41253,0.005952,39884,0.005953,28384,0.005954,44164,0.005955,51814,0.005956,31719,0.005957,59987
gate,bybit,VANRYUSDT,0.005533,0.005947,7.4824,1774116651550,0.005532,12916,0.005531,9016,0.00553,17354,0.005529,20112,0.005528,16669,0.005527,26667,0.005526,26829,0.005525,21600,0.005524,21600,0.005523,11600,0.005533,5571,0.005534,22923,0.005535,259206,0.005536,73721,0.005537,112925,0.005538,11600,0.005539,21600,0.00554,21761,0.005553,11600,0.005554,21011,0.005947,11036,0.005946,18732,0.005945,84715,0.005944,288006,0.005943,22673,0.005942,34891,0.005941,44846,0.005940,95591,0.005939,30750,0.005938,74975,0.005948,9878,0.005949,36238,0.005950,4362,0.005951,41253,0.005952,39884,0.005953,28384,0.005954,44164,0.005955,51814,0.005956,31719,0.005957,59987
gate,bybit,VANRYUSDT,0.005534,0.005947,7.463,1774116651850,0.005532,6295,0.005531,9016,0.00553,17354,0.005529,20112,0.005528,16669,0.005527,26667,0.005526,26829,0.005525,21600,0.005524,21600,0.005523,11600,0.005533,5571,0.005534,22923,0.005535,259206,0.005536,73721,0.005537,112925,0.005538,11600,0.005539,21600,0.00554,21761,0.005553,11600,0.005554,21011,0.005947,11036,0.005946,18732,0.005945,84715,0.005944,288006,0.005943,22673,0.005942,34891,0.005941,44846,0.005940,95591,0.005939,30750,0.005938,74975,0.005948,9878,0.005949,36238,0.005950,4362,0.005951,39928,0.005952,39884,0.005953,28384,0.005954,44164,0.005955,51814,0.005956,31719,0.005957,59987
gate,bybit,VANRYUSDT,0.005534,0.005947,7.463,1774116652153,0.005532,12916,0.005531,9016,0.00553,17354,0.005529,20112,0.005528,16669,0.005527,26667,0.005526,26829,0.005525,21600,0.005524,21600,0.005523,11600,0.005534,22923,0.005535,259206,0.005536,73721,0.005537,112925,0.005538,11600,0.005539,21600,0.00554,21761,0.005553,11600,0.005554,21011,0.005557,11600,0.005947,11480,0.005946,18732,0.005945,84715,0.005944,288006,0.005943,22673,0.005942,34891,0.005941,44846,0.005940,95591,0.005939,30750,0.005938,74975,0.005948,9878,0.005949,36238,0.005950,4362,0.005951,39928,0.005952,39884,0.005953,28384,0.005954,44164,0.005955,51814,0.005956,31719,0.005957,59987
gate,bybit,VANRYUSDT,0.005534,0.005947,7.463,1774116652453,0.005532,12916,0.005531,9016,0.00553,17354,0.005529,20112,0.005528,16669,0.005527,26667,0.005526,26829,0.005525,21600,0.005524,21600,0.005523,11600,0.005534,22923,0.005535,259206,0.005536,73721,0.005537,112925,0.005538,11600,0.005539,21600,0.00554,21761,0.005553,11600,0.005554,21011,0.005557,11600,0.005947,11480,0.005946,18732,0.005945,84715,0.005944,288006,0.005943,22673,0.005942,34891,0.005941,44846,0.005940,95591,0.005939,30750,0.005938,74975,0.005948,9878,0.005949,36238,0.005950,4362,0.005951,39928,0.005952,39884,0.005953,28384,0.005954,45489,0.005955,51814,0.005956,31719,0.005957,59987
gate,bybit,VANRYUSDT,0.005534,0.005947,7.463,1774116652753,0.005532,12916,0.005531,9016,0.00553,17354,0.005529,20112,0.005528,16669,0.005527,26667,0.005526,26829,0.005525,21600,0.005524,21600,0.005523,11600,0.005534,22923,0.005535,259206,0.005536,73721,0.005537,112925,0.005538,11600,0.005539,21600,0.00554,21761,0.005553,11600,0.005554,21011,0.005557,11600,0.005947,11590,0.005946,18732,0.005945,84715,0.005944,288006,0.005943,22673,0.005942,34891,0.005941,44846,0.005940,95591,0.005939,30750,0.005938,74975,0.005948,9878,0.005949,36238,0.005950,4362,0.005951,39928,0.005952,39884,0.005953,28384,0.005954,45489,0.005955,51814,0.005956,31719,0.005957,59987
gate,bybit,VANRYUSDT,0.005533,0.005947,7.4824,1774116653054,0.005532,12916,0.005531,9016,0.00553,17354,0.005529,20112,0.005528,16669,0.005527,26667,0.005526,26829,0.005525,21600,0.005524,21600,0.005523,11600,0.005533,5149,0.005534,19355,0.005535,259206,0.005536,73721,0.005537,112925,0.005538,11600,0.005539,21600,0.00554,21761,0.005553,11600,0.005554,21011,0.005947,11590,0.005946,18732,0.005945,84715,0.005944,288006,0.005943,22673,0.005942,34891,0.005941,44846,0.005940,95591,0.005939,30750,0.005938,74975,0.005948,9878,0.005949,36238,0.005950,4362,0.005951,39928,0.005952,39884,0.005953,28384,0.005954,45489,0.005955,51814,0.005956,31719,0.005957,59987
gate,bybit,VANRYUSDT,0.005533,0.005947,7.4824,1774116653354,0.005532,12916,0.005531,9016,0.00553,17354,0.005529,20112,0.005528,16669,0.005527,26667,0.005526,26829,0.005525,21600,0.005524,21600,0.005523,11600,0.005533,5149,0.005534,19355,0.005535,259206,0.005536,73721,0.005537,112925,0.005538,11600,0.005539,21600,0.00554,21761,0.005553,11600,0.005554,21011,0.005947,11590,0.005946,18732,0.005945,84715,0.005944,288006,0.005943,22673,0.005942,34891,0.005941,44846,0.005940,95591,0.005939,30750,0.005938,74975,0.005948,9878,0.005949,36238,0.005950,4362,0.005951,39928,0.005952,39884,0.005953,28384,0.005954,45489,0.005955,51814,0.005956,31719,0.005957,59987
gate,bybit,VANRYUSDT,0.005533,0.005947,7.4824,1774116653654,0.005532,12916,0.005531,9016,0.00553,17354,0.005529,20112,0.005528,16669,0.005527,26667,0.005526,26829,0.005525,21600,0.005524,21600,0.005523,11600,0.005533,5149,0.005534,19355,0.005535,259206,0.005536,73721,0.005537,112925,0.005538,11600,0.005539,21600,0.00554,21761,0.005553,11600,0.005554,21011,0.005947,11590,0.005946,18732,0.005945,84715,0.005944,288006,0.005943,22673,0.005942,34891,0.005941,44846,0.005940,95591,0.005939,30750,0.005938,74975,0.005948,9878,0.005949,36238,0.005950,4362,0.005951,39928,0.005952,39884,0.005953,28384,0.005954,45489,0.005955,51814,0.005956,31719,0.005957,59987
gate,bybit,VANRYUSDT,0.005533,0.005947,7.4824,1774116653954,0.005532,12916,0.005531,9016,0.00553,17354,0.005529,20112,0.005528,16669,0.005527,26667,0.005526,26829,0.005525,21600,0.005524,21600,0.005523,11600,0.005533,5149,0.005534,19355,0.005535,259206,0.005536,73721,0.005537,112925,0.005538,11600,0.005539,21600,0.00554,21761,0.005553,11600,0.005554,21011,0.005947,11590,0.005946,18732,0.005945,84715,0.005944,288006,0.005943,22673,0.005942,34891,0.005941,44846,0.005940,95591,0.005939,30750,0.005938,74975,0.005948,9878,0.005949,36238,0.005950,4362,0.005951,39928,0.005952,39884,0.005953,28384,0.005954,45489,0.005955,51814,0.005956,31719,0.005957,59987
gate,bybit,VANRYUSDT,0.005533,0.005947,7.4824,1774116654254,0.005532,6295,0.005531,9016,0.00553,17354,0.005529,20112,0.005528,16669,0.005527,26667,0.005526,26829,0.005525,21600,0.005524,21600,0.005523,11600,0.005533,5149,0.005534,19355,0.005535,259206,0.005536,73721,0.005537,112925,0.005538,11600,0.005539,21600,0.00554,21761,0.005553,11600,0.005554,21011,0.005947,11590,0.005946,18732,0.005945,84715,0.005944,288006,0.005943,22673,0.005942,34891,0.005941,44846,0.005940,95591,0.005939,30750,0.005938,74975,0.005948,9878,0.005949,36238,0.005950,4362,0.005951,39928,0.005952,39884,0.005953,28384,0.005954,45489,0.005955,51814,0.005956,31719,0.005957,59987
gate,bybit,VANRYUSDT,0.005533,0.005947,7.4824,1774116654555,0.005532,6295,0.005531,9016,0.00553,17354,0.005529,20112,0.005528,16669,0.005527,26667,0.005526,26829,0.005525,21600,0.005524,21600,0.005523,11600,0.005533,5149,0.005534,19355,0.005535,259206,0.005536,73721,0.005537,112925,0.005538,11600,0.005539,21600,0.00554,21761,0.005553,11600,0.005554,21011,0.005947,11590,0.005946,18732,0.005945,84715,0.005944,288006,0.005943,22673,0.005942,34891,0.005941,44846,0.005940,95591,0.005939,30750,0.005938,74975,0.005948,9878,0.005949,36238,0.005950,4362,0.005951,39928,0.005952,39884,0.005953,28384,0.005954,45489,0.005955,51814,0.005956,31719,0.005957,59987
gate,bybit,VANRYUSDT,0.005533,0.005947,7.4824,1774116654855,0.005532,6295,0.005531,9016,0.00553,17354,0.005529,20112,0.005528,16669,0.005527,26667,0.005526,26829,0.005525,21600,0.005524,21600,0.005523,11600,0.005533,5149,0.005534,19355,0.005535,259206,0.005536,73721,0.005537,112925,0.005538,11600,0.005539,21600,0.00554,21761,0.005553,11600,0.005554,21011,0.005948,16360,0.005947,3410,0.005946,20482,0.005945,67325,0.005944,288006,0.005943,30885,0.005942,34891,0.005941,44846,0.005940,95591,0.005939,30750,0.005949,36238,0.005950,2612,0.005951,8146,0.005952,39884,0.005953,26634,0.005954,44164,0.005955,43602,0.005956,30394,0.005957,59987,0.005958,115232
gate,bybit,VANRYUSDT,0.005534,0.005948,7.481,1774116655155,0.005533,6621,0.005532,6295,0.005531,20616,0.00553,17354,0.005529,20112,0.005528,16669,0.005527,26667,0.005526,26829,0.005525,21600,0.005524,21600,0.005534,8047,0.005535,259206,0.005536,73721,0.005537,112925,0.005538,11600,0.005539,21600,0.00554,21761,0.005553,11600,0.005554,21011,0.005557,11600,0.005948,18159,0.005947,3293,0.005946,18732,0.005945,79284,0.005944,280879,0.005943,30885,0.005942,34891,0.005941,44846,0.005940,95591,0.005939,30750,0.005949,34414,0.005950,30167,0.005951,9896,0.005952,56950,0.005953,28384,0.005954,45735,0.005955,43602,0.005956,32144,0.005957,59987,0.005958,115232
gate,bybit,VANRYUSDT,0.005534,0.005948,7.481,1774116655455,0.005533,6621,0.005532,6295,0.005531,20616,0.00553,17354,0.005529,20112,0.005528,16669,0.005527,26667,0.005526,26829,0.005525,21600,0.005524,21600,0.005534,8047,0.005535,259206,0.005536,73721,0.005537,112925,0.005538,11600,0.005539,21600,0.00554,21761,0.005553,11600,0.005554,21011,0.005557,11600,0.005948,18159,0.005947,3293,0.005946,18732,0.005945,79284,0.005944,280879,0.005943,30885,0.005942,34891,0.005941,44846,0.005940,95591,0.005939,30750,0.005949,34414,0.005950,30167,0.005951,9896,0.005952,56950,0.005953,28384,0.005954,45735,0.005955,25634,0.005956,50161,0.005957,59987,0.005958,115232
gate,bybit,VANRYUSDT,0.005534,0.005948,7.481,1774116655756,0.005533,6621,0.005532,6295,0.005531,20616,0.00553,17354,0.005529,20112,0.005528,16669,0.005527,26667,0.005526,26829,0.005525,21600,0.005524,21600,0.005534,8047,0.005535,259206,0.005536,73721,0.005537,112925,0.005538,11600,0.005539,21600,0.00554,21761,0.005553,11600,0.005554,21011,0.005557,11600,0.005948,18159,0.005947,3293,0.005946,18732,0.005945,79284,0.005944,280879,0.005943,30885,0.005942,34891,0.005941,44846,0.005940,95591,0.005939,30750,0.005949,34414,0.005950,30167,0.005951,9896,0.005952,56950,0.005953,28384,0.005954,45735,0.005955,25634,0.005956,50161,0.005957,59987,0.005958,115232
gate,bybit,VANRYUSDT,0.005534,0.005948,7.481,1774116656057,0.005533,6621,0.005532,6295,0.005531,20616,0.00553,17354,0.005529,20112,0.005528,16669,0.005527,26667,0.005526,26829,0.005525,21600,0.005524,21600,0.005534,8047,0.005535,259206,0.005536,73721,0.005537,112925,0.005538,11600,0.005539,21600,0.00554,21761,0.005553,11600,0.005554,21011,0.005557,11600,0.005948,18159,0.005947,3293,0.005946,18732,0.005945,79284,0.005944,280879,0.005943,30885,0.005942,34891,0.005941,44846,0.005940,95591,0.005939,30750,0.005949,26238,0.005950,30167,0.005951,9896,0.005952,56950,0.005953,28384,0.005954,45735,0.005955,25634,0.005956,50161,0.005957,59987,0.005958,115232
gate,bybit,VANRYUSDT,0.005534,0.005948,7.481,1774116656358,0.005532,12916,0.005531,20616,0.00553,17354,0.005529,20112,0.005528,16669,0.005527,26667,0.005526,26829,0.005525,21600,0.005524,21600,0.005523,11600,0.005534,7775,0.005535,259206,0.005536,73721,0.005537,112925,0.005538,11600,0.005539,21600,0.00554,21761,0.005553,11600,0.005554,21011,0.005557,11600,0.005948,18159,0.005947,3293,0.005946,18732,0.005945,79284,0.005944,280879,0.005943,30885,0.005942,34891,0.005941,44846,0.005940,95591,0.005939,30750,0.005949,26238,0.005950,30167,0.005951,9896,0.005952,56950,0.005953,28384,0.005954,45735,0.005955,25634,0.005956,50161,0.005957,59987,0.005958,115232
gate,bybit,VANRYUSDT,0.005534,0.005948,7.481,1774116656658,0.005532,12916,0.005531,20616,0.00553,17354,0.005529,20112,0.005528,16669,0.005527,26667,0.005526,26829,0.005525,21600,0.005524,21600,0.005523,11600,0.005534,7336,0.005535,259206,0.005536,73721,0.005537,112925,0.005538,11600,0.005539,21600,0.00554,21761,0.005553,11600,0.005554,21011,0.005557,11600,0.005948,18159,0.005947,3293,0.005946,18732,0.005945,79284,0.005944,280879,0.005943,30885,0.005942,34891,0.005941,44846,0.005940,95591,0.005939,30750,0.005949,26238,0.005950,30167,0.005951,9896,0.005952,56950,0.005953,28384,0.005954,45735,0.005955,25634,0.005956,50161,0.005957,59987,0.005958,115232
gate,bybit,VANRYUSDT,0.005534,0.005948,7.481,1774116656958,0.005532,12916,0.005531,20616,0.00553,17354,0.005529,20112,0.005528,16669,0.005527,26667,0.005526,26829,0.005525,21600,0.005524,21600,0.00552,11600,0.005534,5966,0.005535,259206,0.005536,73721,0.005537,112925,0.005538,11600,0.005539,21600,0.00554,21761,0.005553,11600,0.005554,21011,0.005557,11600,0.005948,18159,0.005947,3293,0.005946,18732,0.005945,79284,0.005944,280879,0.005943,30885,0.005942,34891,0.005941,44846,0.005940,95591,0.005939,30750,0.005949,26238,0.005950,30167,0.005951,9896,0.005952,56950,0.005953,28384,0.005954,44164,0.005955,27158,0.005956,50161,0.005957,59987,0.005958,115232
gate,bybit,VANRYUSDT,0.005535,0.005948,7.4616,1774116657259,0.005532,12916,0.005531,20616,0.00553,17354,0.005529,20112,0.005528,16669,0.005527,26667,0.005526,26829,0.005525,21600,0.005524,21600,0.00552,11600,0.005534,5966,0.005535,259206,0.005536,73721,0.005537,112925,0.005538,11600,0.005539,21600,0.00554,21761,0.005553,11600,0.005554,21011,0.005557,11600,0.005948,18159,0.005947,3293,0.005946,18732,0.005945,79284,0.005944,280879,0.005943,30885,0.005942,34891,0.005941,44846,0.005940,95591,0.005939,30750,0.005949,26238,0.005950,30167,0.005951,9896,0.005952,56950,0.005953,28384,0.005954,44164,0.005955,27158,0.005956,50161,0.005957,59987,0.005958,115232
gate,bybit,VANRYUSDT,0.005534,0.005948,7.481,1774116657559,0.005533,6621,0.005532,6295,0.005531,20616,0.00553,17354,0.005529,20112,0.005528,16669,0.005527,26667,0.005526,26829,0.005525,21600,0.005524,11600,0.005534,8606,0.005535,259206,0.005536,73721,0.005537,112925,0.005538,11600,0.005539,21600,0.00554,21761,0.005553,11600,0.005554,21011,0.005557,11600,0.005948,18159,0.005947,3293,0.005946,18732,0.005945,79284,0.005944,280879,0.005943,30885,0.005942,34891,0.005941,44846,0.005940,95591,0.005939,30750,0.005949,26238,0.005950,30167,0.005951,9896,0.005952,56950,0.005953,28384,0.005954,44164,0.005955,27158,0.005956,50161,0.005957,59987,0.005958,115232
gate,bybit,VANRYUSDT,0.005535,0.005948,7.4616,1774116657859,0.005532,6295,0.005531,20616,0.00553,17354,0.005529,20112,0.005528,16669,0.005527,26667,0.005526,26829,0.005525,21600,0.005524,11600,0.005522,29712,0.005534,8021,0.005535,262774,0.005536,73721,0.005537,112925,0.005538,11600,0.005539,21600,0.00554,21761,0.005553,11600,0.005554,21011,0.005557,11600,0.005948,19003,0.005947,2481,0.005946,18732,0.005945,79284,0.005944,280879,0.005943,30885,0.005942,34891,0.005941,44846,0.005940,95591,0.005939,30750,0.005949,26238,0.005950,30167,0.005951,9896,0.005952,56950,0.005953,28384,0.005954,44164,0.005955,27158,0.005956,50161,0.005957,59987,0.005958,115232
gate,bybit,VANRYUSDT,0.005534,0.005948,7.481,1774116658160,0.005533,6621,0.005532,6295,0.005531,20616,0.00553,17354,0.005529,20112,0.005528,16669,0.005527,26667,0.005526,26829,0.005525,21600,0.005524,11600,0.005534,7105,0.005535,259206,0.005536,73721,0.005537,112925,0.005538,11600,0.005539,21600,0.00554,21761,0.005553,11600,0.005554,21011,0.005557,11600,0.005948,19003,0.005947,2481,0.005946,18732,0.005945,79284,0.005944,280879,0.005943,30885,0.005942,34891,0.005941,44846,0.005940,95591,0.005939,30750,0.005949,26238,0.005950,30167,0.005951,9896,0.005952,56950,0.005953,28384,0.005954,44164,0.005955,27158,0.005956,50161,0.005957,59987,0.005958,115232
gate,bybit,VANRYUSDT,0.005534,0.005948,7.481,1774116658460,0.005533,6621,0.005532,6295,0.005531,20616,0.00553,17354,0.005529,20112,0.005528,16669,0.005527,26667,0.005526,26829,0.005525,21600,0.005524,11600,0.005534,12702,0.005535,259206,0.005536,73721,0.005537,112925,0.005538,11600,0.005539,21600,0.00554,21761,0.005553,11600,0.005554,21011,0.005557,11600,0.005948,19003,0.005947,2481,0.005946,18732,0.005945,79284,0.005944,280879,0.005943,30885,0.005942,34891,0.005941,44846,0.005940,95591,0.005939,30750,0.005949,26238,0.005950,30167,0.005951,9896,0.005952,56950,0.005953,28384,0.005954,44164,0.005955,27158,0.005956,50161,0.005957,59987,0.005958,115232
gate,bybit,VANRYUSDT,0.005534,0.005948,7.481,1774116658760,0.005533,6621,0.005532,6295,0.005531,20616,0.00553,17354,0.005529,20112,0.005528,16669,0.005527,26667,0.005526,26829,0.005525,21600,0.005524,11600,0.005534,12702,0.005535,259206,0.005536,73721,0.005537,112925,0.005538,11600,0.005539,21600,0.00554,21761,0.005553,11600,0.005554,21011,0.005557,11600,0.005948,19003,0.005947,2481,0.005946,20481,0.005945,79284,0.005944,280879,0.005943,30885,0.005942,34891,0.005941,44846,0.005940,95591,0.005939,30750,0.005949,26238,0.005950,2612,0.005951,9896,0.005952,56950,0.005953,28384,0.005954,44164,0.005955,107729,0.005956,50161,0.005957,59987,0.005958,115232
gate,bybit,VANRYUSDT,0.005535,0.005948,7.4616,1774116659060,0.005532,6295,0.005531,20616,0.00553,17354,0.005529,20112,0.005528,16669,0.005527,26667,0.005526,26829,0.005525,21600,0.005524,11600,0.005522,29712,0.005534,8134,0.005535,259206,0.005536,73721,0.005537,112925,0.005538,11600,0.005539,21600,0.00554,21761,0.005553,11600,0.005554,21011,0.005557,11600,0.005948,19003,0.005947,2481,0.005946,20481,0.005945,79284,0.005944,280879,0.005943,30885,0.005942,34891,0.005941,44846,0.005940,95591,0.005939,30750,0.005949,26238,0.005950,2612,0.005951,9896,0.005952,56950,0.005953,28384,0.005954,44164,0.005955,107729,0.005956,48411,0.005957,59987,0.005958,115232
gate,bybit,VANRYUSDT,0.005535,0.005948,7.4616,1774116659363,0.005532,6295,0.005531,20616,0.00553,17354,0.005529,20112,0.005528,16669,0.005527,26667,0.005526,26829,0.005525,21600,0.005524,11600,0.005522,29712,0.005534,8134,0.005535,259206,0.005536,73721,0.005537,112925,0.005538,11600,0.005539,21600,0.00554,21761,0.005553,11600,0.005554,21011,0.005557,11600,0.005948,19003,0.005947,2481,0.005946,20481,0.005945,79284,0.005944,280879,0.005943,30885,0.005942,34891,0.005941,44846,0.005940,95591,0.005939,30750,0.005949,26238,0.005950,2612,0.005951,9896,0.005952,56950,0.005953,28384,0.005954,44164,0.005955,107729,0.005956,48411,0.005957,59987,0.005958,115232
gate,bybit,VANRYUSDT,0.005535,0.005948,7.4616,1774116659663,0.005533,6621,0.005532,6295,0.005531,20616,0.00553,17354,0.005529,20112,0.005528,16669,0.005527,26667,0.005526,26829,0.005525,21600,0.005524,11600,0.005534,3568,0.005535,259206,0.005536,73721,0.005537,112925,0.005538,11600,0.005539,21600,0.00554,21761,0.005553,11600,0.005554,21011,0.005557,11600,0.005948,19003,0.005947,4230,0.005946,20481,0.005945,81033,0.005944,280879,0.005943,30885,0.005942,34891,0.005941,69983,0.005940,95591,0.005939,30750,0.005949,1682,0.005950,2612,0.005951,8146,0.005952,46840,0.005953,28383,0.005954,44164,0.005955,106205,0.005956,48411,0.005957,59987,0.005958,115232
gate,bybit,VANRYUSDT,0.005535,0.005948,7.4616,1774116659963,0.005533,6111,0.005532,17895,0.005531,20616,0.00553,17354,0.005529,20112,0.005528,16669,0.005527,26667,0.005526,26829,0.005525,21600,0.005524,11600,0.005535,252774,0.005536,73721,0.005537,112925,0.005538,11600,0.005539,21600,0.00554,21761,0.005553,11600,0.005554,21011,0.005557,11600,0.005558,147218,0.005948,19003,0.005947,4230,0.005946,20481,0.005945,81033,0.005944,280879,0.005943,30885,0.005942,34891,0.005941,69983,0.005940,95591,0.005939,30750,0.005949,1682,0.005950,2612,0.005951,8146,0.005952,46840,0.005953,28383,0.005954,44164,0.005955,106205,0.005956,48411,0.005957,59987,0.005958,115232
gate,bybit,VANRYUSDT,0.005535,0.005948,7.4616,1774116660267,0.005533,6111,0.005532,17895,0.005531,20616,0.00553,17354,0.005529,20112,0.005528,16669,0.005527,26667,0.005526,26829,0.005525,21600,0.005524,11600,0.005535,252774,0.005536,73721,0.005537,112925,0.005538,11600,0.005539,21600,0.00554,21761,0.005553,11600,0.005554,21011,0.005557,11600,0.005558,147218,0.005948,19003,0.005947,4230,0.005946,20481,0.005945,81033,0.005944,280879,0.005943,30885,0.005942,34891,0.005941,69983,0.005940,95591,0.005939,30750,0.005949,1682,0.005950,2612,0.005951,8146,0.005952,46840,0.005953,28383,0.005954,44164,0.005955,106205,0.005956,48411,0.005957,59987,0.005958,115232
gate,bybit,VANRYUSDT,0.005535,0.005948,7.4616,1774116660568,0.005533,6111,0.005532,17895,0.005531,20616,0.00553,17354,0.005529,20112,0.005528,16669,0.005527,26667,0.005526,26829,0.005525,21600,0.005524,11600,0.005535,126376,0.005536,200119,0.005537,112925,0.005538,11600,0.005539,27169,0.00554,28328,0.005553,11600,0.005554,21011,0.005557,11600,0.005558,147218,0.005948,19003,0.005947,4230,0.005946,20481,0.005945,81033,0.005944,280879,0.005943,30885,0.005942,34891,0.005941,69983,0.005940,95591,0.005939,30750,0.005949,1682,0.005950,2612,0.005951,8146,0.005952,46840,0.005953,28383,0.005954,44164,0.005955,106205,0.005956,48411,0.005957,59987,0.005958,115232
gate,bybit,VANRYUSDT,0.005535,0.005948,7.4616,1774116660874,0.005533,6111,0.005532,17895,0.005531,20616,0.00553,17354,0.005529,20112,0.005528,16669,0.005527,26667,0.005526,26829,0.005525,21600,0.005524,11600,0.005535,126376,0.005536,200119,0.005537,112925,0.005538,11600,0.005539,27169,0.00554,28328,0.005553,11600,0.005554,21011,0.005557,11600,0.005558,147218,0.005948,17204,0.005947,4230,0.005946,20481,0.005945,79284,0.005944,280879,0.005943,30885,0.005942,34891,0.005941,69983,0.005940,95591,0.005939,30750,0.005949,9858,0.005950,2612,0.005951,9895,0.005952,48410,0.005953,28383,0.005954,45816,0.005955,106205,0.005956,48411,0.005957,59987,0.005958,115232
gate,bybit,VANRYUSDT,0.005535,0.005949,7.4797,1774116661174,0.005533,6111,0.005532,17895,0.005531,20616,0.00553,17354,0.005529,20112,0.005528,16669,0.005527,26667,0.005526,26829,0.005525,21600,0.005524,11600,0.005535,122808,0.005536,200119,0.005537,112925,0.005538,11600,0.005539,21600,0.00554,21761,0.005553,11600,0.005554,21011,0.005557,11600,0.005558,147218,0.005949,10828,0.005948,6062,0.005947,95527,0.005946,299471,0.005945,22674,0.005944,28138,0.005943,30885,0.005942,34891,0.005941,69983,0.005940,95591,0.005950,2612,0.005951,1681,0.005952,18990,0.005953,36998,0.005954,44164,0.005955,106205,0.005956,40199,0.005957,59987,0.005958,115232,0.005959,42099
gate,bybit,VANRYUSDT,0.005535,0.005949,7.4797,1774116661475,0.005533,12732,0.005532,17895,0.005531,20616,0.00553,17354,0.005529,20112,0.005528,26669,0.005527,26667,0.005526,26829,0.005525,21600,0.005524,11600,0.005535,122808,0.005536,190119,0.005537,112925,0.005538,11600,0.005539,21600,0.00554,21761,0.005553,11600,0.005554,21011,0.005557,11600,0.005558,147218,0.005949,8180,0.005948,8634,0.005947,95527,0.005946,299471,0.005945,22674,0.005944,28138,0.005943,30885,0.005942,34891,0.005941,69983,0.005940,95591,0.005950,16412,0.005951,3430,0.005952,20739,0.005953,36998,0.005954,45913,0.005955,106205,0.005956,30394,0.005957,59987,0.005958,133259,0.005959,42099
gate,bybit,VANRYUSDT,0.005535,0.005949,7.4797,1774116661775,0.005533,12732,0.005532,17895,0.005531,20616,0.00553,17354,0.005529,20112,0.005528,26669,0.005527,26667,0.005526,26829,0.005525,21600,0.005524,11600,0.005535,122808,0.005536,190119,0.005537,112925,0.005538,11600,0.005539,21600,0.00554,21761,0.005553,11600,0.005554,21011,0.005557,11600,0.005558,147218,0.005949,8180,0.005948,8634,0.005947,95527,0.005946,299471,0.005945,22674,0.005944,41619,0.005943,30885,0.005942,34891,0.005941,69983,0.005940,95591,0.005950,16412,0.005951,1681,0.005952,20739,0.005953,36998,0.005954,45913,0.005955,106205,0.005956,30394,0.005957,59987,0.005958,133259,0.005959,42099
gate,bybit,VANRYUSDT,0.005535,0.005949,7.4797,1774116662076,0.005533,12732,0.005532,17895,0.005531,20616,0.00553,17354,0.005529,20112,0.005528,26669,0.005527,26667,0.005526,26829,0.005525,21600,0.005524,11600,0.005535,122808,0.005536,190119,0.005537,112925,0.005538,11600,0.005539,21600,0.00554,21761,0.005553,11600,0.005554,21011,0.005557,11600,0.005558,147218,0.005949,8180,0.005948,8634,0.005947,95527,0.005946,299471,0.005945,22674,0.005944,41619,0.005943,30885,0.005942,34891,0.005941,69983,0.005940,95591,0.005950,16412,0.005951,1681,0.005952,20739,0.005953,36998,0.005954,45913,0.005955,106205,0.005956,30394,0.005957,59987,0.005958,133259,0.005959,42099
gate,bybit,VANRYUSDT,0.005535,0.005949,7.4797,1774116662376,0.005533,12732,0.005532,17895,0.005531,20616,0.00553,17354,0.005529,20112,0.005528,26669,0.005527,26667,0.005526,26829,0.005525,21600,0.005524,11600,0.005535,122808,0.005536,190119,0.005537,112925,0.005538,11600,0.005539,21600,0.00554,21761,0.005553,11600,0.005554,21011,0.005557,11600,0.005558,147218,0.005949,8180,0.005948,8634,0.005947,95527,0.005946,299471,0.005945,22674,0.005944,41619,0.005943,30885,0.005942,34891,0.005941,69983,0.005940,95591,0.005950,16412,0.005951,1681,0.005952,20739,0.005953,36998,0.005954,45913,0.005955,106205,0.005956,30394,0.005957,59987,0.005958,133259,0.005959,42099
gate,bybit,VANRYUSDT,0.005535,0.005949,7.4797,1774116662676,0.005533,12732,0.005532,17895,0.005531,20616,0.00553,17354,0.005529,20112,0.005528,26669,0.005527,26667,0.005526,26829,0.005525,21600,0.005524,11600,0.005535,122808,0.005536,190119,0.005537,112925,0.005538,11600,0.005539,21600,0.00554,21761,0.005553,11600,0.005554,21011,0.005557,11600,0.005558,147218,0.005949,8180,0.005948,8634,0.005947,95527,0.005946,299471,0.005945,22674,0.005944,41619,0.005943,30885,0.005942,34891,0.005941,69983,0.005940,95591,0.005950,16412,0.005951,1681,0.005952,20739,0.005953,36998,0.005954,45913,0.005955,106205,0.005956,30394,0.005957,59987,0.005958,133259,0.005959,42099
gate,bybit,VANRYUSDT,0.005535,0.005949,7.4797,1774116662977,0.005533,12732,0.005532,17895,0.005531,20616,0.00553,17354,0.005529,20112,0.005528,26669,0.005527,26667,0.005526,26829,0.005525,21600,0.005522,11600,0.005535,122808,0.005536,190119,0.005537,112925,0.005538,11600,0.005539,21600,0.00554,21761,0.005553,11600,0.005554,21011,0.005557,11600,0.005558,147218,0.005949,8180,0.005948,26143,0.005947,95527,0.005946,299471,0.005945,22674,0.005944,41619,0.005943,30885,0.005942,34891,0.005941,69983,0.005940,95591,0.005950,16412,0.005951,1681,0.005952,20739,0.005953,36998,0.005954,45913,0.005955,106205,0.005956,30394,0.005957,59987,0.005958,133259,0.005959,42099
gate,bybit,VANRYUSDT,0.005535,0.005949,7.4797,1774116663277,0.005533,12732,0.005532,17895,0.005531,20616,0.00553,17354,0.005529,20112,0.005528,26669,0.005527,26667,0.005526,26829,0.005525,21600,0.005522,11600,0.005535,122808,0.005536,190119,0.005537,112925,0.005538,11600,0.005539,21600,0.00554,21761,0.005553,11600,0.005554,21011,0.005557,11600,0.005558,147218,0.005949,8180,0.005948,26143,0.005947,95527,0.005946,299471,0.005945,22674,0.005944,41619,0.005943,30885,0.005942,34891,0.005941,69983,0.005940,95591,0.005950,16412,0.005951,1681,0.005952,20739,0.005953,36998,0.005954,45913,0.005955,106205,0.005956,30394,0.005957,59987,0.005958,133259,0.005959,42099
gate,bybit,VANRYUSDT,0.005535,0.005949,7.4797,1774116663578,0.005533,12732,0.005532,17895,0.005531,20616,0.00553,17354,0.005529,20112,0.005528,26669,0.005527,26667,0.005526,26829,0.005525,11600,0.005523,10000,0.005535,122808,0.005536,190119,0.005537,112925,0.005538,11600,0.005539,21600,0.00554,21761,0.005553,11600,0.005554,21011,0.005557,11600,0.005558,147218,0.005949,8180,0.005948,26143,0.005947,95527,0.005946,299471,0.005945,22674,0.005944,41619,0.005943,30885,0.005942,34891,0.005941,69983,0.005940,95591,0.005950,16412,0.005951,1681,0.005952,20739,0.005953,36998,0.005954,45913,0.005955,106205,0.005956,30394,0.005957,59987,0.005958,133259,0.005959,42099
