spot_source_id,fut_source_id,symbol_id,ask_spot,bid_futures,spread_pct,ts,s_b1,s_b2,s_b3,s_b4,s_b5,s_b6,s_b7,s_b8,s_b9,s_b10,s_bq1,s_bq2,s_bq3,s_bq4,s_bq5,s_bq6,s_bq7,s_bq8,s_bq9,s_bq10,s_a1,s_a2,s_a3,s_a4,s_a5,s_a6,s_a7,s_a8,s_a9,s_a10,s_aq1,s_aq2,s_aq3,s_aq4,s_aq5,s_aq6,s_aq7,s_aq8,s_aq9,s_aq10,f_b1,f_b2,f_b3,f_b4,f_b5,f_b6,f_b7,f_b8,f_b9,f_b10,f_bq1,f_bq2,f_bq3,f_bq4,f_bq5,f_bq6,f_bq7,f_bq8,f_bq9,f_bq10,f_a1,f_a2,f_a3,f_a4,f_a5,f_a6,f_a7,f_a8,f_a9,f_a10,f_aq1,f_aq2,f_aq3,f_aq4,f_aq5,f_aq6,f_aq7,f_aq8,f_aq9,f_aq10,fr_r,fr_ft
0,7,166,0.09250000,0.09246,-0.0432,1774137103000,0.09249000,59678.00000000,0.09248000,95874.00000000,0.09247000,518301.00000000,0.09246000,428001.00000000,0.09245000,518750.00000000,0.09244000,444516.00000000,0.09243000,643323.00000000,0.09242000,252642.00000000,0.09241000,630426.00000000,0.09240000,609308.00000000,0.09250000,59353.00000000,0.09251000,91875.00000000,0.09252000,175439.00000000,0.09253000,171070.00000000,0.09254000,84286.00000000,0.09255000,381590.00000000,0.09256000,139696.00000000,0.09257000,326189.00000000,0.09258000,799102.00000000,0.09259000,317864.00000000,,,,,,,,,,,,,,,,,,,,,,,,,,,,,,,,,,,,,,,,,0.0001,
0,7,166,0.09249000,0.09242,-0.0757,1774137104000,0.09248000,74349.00000000,0.09247000,88882.00000000,0.09246000,917080.00000000,0.09245000,557183.00000000,0.09244000,506142.00000000,0.09243000,608689.00000000,0.09242000,236835.00000000,0.09241000,554564.00000000,0.09240000,672627.00000000,0.09239000,827196.00000000,0.09249000,89684.00000000,0.09250000,148751.00000000,0.09251000,215109.00000000,0.09252000,414508.00000000,0.09253000,185700.00000000,0.09254000,158050.00000000,0.09255000,380734.00000000,0.09256000,93224.00000000,0.09257000,366479.00000000,0.09258000,834727.00000000,,,,,,,,,,,,,,,,,,,,,,,,,,,,,,,,,,,,,,,,,0.0001,
0,7,166,0.09242000,0.09234,-0.0866,1774137105000,0.09240000,79286.00000000,0.09239000,356710.00000000,0.09238000,317.00000000,0.09237000,26611.00000000,0.09236000,154860.00000000,0.09235000,457266.00000000,0.09234000,153767.00000000,0.09233000,555023.00000000,0.09232000,316992.00000000,0.09231000,573172.00000000,0.09241000,60773.00000000,0.09242000,56471.00000000,0.09243000,298270.00000000,0.09244000,170197.00000000,0.09245000,612163.00000000,0.09246000,421280.00000000,0.09247000,244229.00000000,0.09248000,247616.00000000,0.09249000,709090.00000000,0.09250000,476634.00000000,,,,,,,,,,,,,,,,,,,,,,,,,,,,,,,,,,,,,,,,,0.0001,
0,7,166,0.09240000,0.09223,-0.184,1774137106000,0.09229000,122524.00000000,0.09228000,188950.00000000,0.09227000,93836.00000000,0.09226000,70375.00000000,0.09225000,527882.00000000,0.09224000,36383.00000000,0.09223000,586020.00000000,0.09222000,205451.00000000,0.09221000,503477.00000000,0.09220000,304296.00000000,0.09230000,8215.00000000,0.09231000,5589.00000000,0.09232000,27258.00000000,0.09233000,219630.00000000,0.09234000,208599.00000000,0.09235000,563940.00000000,0.09236000,146855.00000000,0.09237000,326139.00000000,0.09238000,46944.00000000,0.09239000,119395.00000000,,,,,,,,,,,,,,,,,,,,,,,,,,,,,,,,,,,,,,,,,,
0,7,166,0.09237000,0.09233,-0.0433,1774137107000,0.09239000,138024.00000000,0.09238000,21858.00000000,0.09237000,174191.00000000,0.09236000,174077.00000000,0.09235000,494754.00000000,0.09234000,331347.00000000,0.09233000,459964.00000000,0.09232000,208689.00000000,0.09231000,546821.00000000,0.09230000,469602.00000000,0.09240000,14994.00000000,0.09241000,166.00000000,0.09242000,20412.00000000,0.09243000,161227.00000000,0.09244000,113542.00000000,0.09245000,507538.00000000,0.09246000,511645.00000000,0.09247000,237904.00000000,0.09248000,23146.00000000,0.09249000,398525.00000000,,,,,,,,,,,,,,,,,,,,,,,,,,,,,,,,,,,,,,,,,0.0001,
0,7,166,0.09229000,0.09226,-0.0325,1774137108000,0.09234000,50872.00000000,0.09233000,144.00000000,0.09232000,191.00000000,0.09231000,137.00000000,0.09230000,26644.00000000,0.09229000,435430.00000000,0.09228000,173268.00000000,0.09227000,431280.00000000,0.09226000,249020.00000000,0.09225000,579596.00000000,0.09235000,60260.00000000,0.09236000,372410.00000000,0.09237000,198400.00000000,0.09238000,222517.00000000,0.09239000,467786.00000000,0.09240000,613940.00000000,0.09241000,340494.00000000,0.09242000,466354.00000000,0.09243000,60704.00000000,0.09244000,128017.00000000,,,,,,,,,,,,,,,,,,,,,,,,,,,,,,,,,,,,,,,,,0.0001,
0,7,166,0.09235000,0.0923,-0.0541,1774137109000,0.09237000,199600.00000000,0.09236000,93297.00000000,0.09235000,70506.00000000,0.09234000,289258.00000000,0.09233000,608597.00000000,0.09232000,153669.00000000,0.09231000,492340.00000000,0.09230000,440210.00000000,0.09229000,552029.00000000,0.09228000,133896.00000000,0.09238000,36007.00000000,0.09239000,5341.00000000,0.09240000,38242.00000000,0.09241000,142373.00000000,0.09242000,348546.00000000,0.09243000,142178.00000000,0.09244000,114080.00000000,0.09245000,495774.00000000,0.09246000,425973.00000000,0.09247000,163839.00000000,,,,,,,,,,,,,,,,,,,,,,,,,,,,,,,,,,,,,,,,,0.0001,
0,7,166,0.09240000,0.09227,-0.1407,1774137110000,0.09234000,143860.00000000,0.09233000,61719.00000000,0.09232000,58751.00000000,0.09231000,492188.00000000,0.09230000,440210.00000000,0.09229000,549346.00000000,0.09228000,166721.00000000,0.09227000,476464.00000000,0.09226000,376200.00000000,0.09225000,505506.00000000,0.09235000,45450.00000000,0.09236000,17077.00000000,0.09237000,130530.00000000,0.09238000,37955.00000000,0.09239000,187790.00000000,0.09240000,128597.00000000,0.09241000,473679.00000000,0.09242000,494629.00000000,0.09243000,302044.00000000,0.09244000,127978.00000000,,,,,,,,,,,,,,,,,,,,,,,,,,,,,,,,,,,,,,,,,0.0001,
0,7,166,0.09235000,0.09216,-0.2057,1774137111000,0.09222000,107199.00000000,0.09221000,578.00000000,0.09220000,17954.00000000,0.09219000,27558.00000000,0.09218000,50025.00000000,0.09217000,588816.00000000,0.09216000,236682.00000000,0.09215000,546722.00000000,0.09214000,83464.00000000,0.09213000,476266.00000000,0.09223000,32377.00000000,0.09224000,11004.00000000,0.09225000,121240.00000000,0.09226000,55821.00000000,0.09227000,216231.00000000,0.09228000,119522.00000000,0.09229000,571801.00000000,0.09230000,226379.00000000,0.09231000,113846.00000000,0.09232000,388955.00000000,,,,,,,,,,,,,,,,,,,,,,,,,,,,,,,,,,,,,,,,,0.0001,
0,7,166,0.09237000,0.09217,-0.2165,1774137112000,0.09223000,168324.00000000,0.09222000,75178.00000000,0.09221000,19597.00000000,0.09220000,234266.00000000,0.09219000,561881.00000000,0.09218000,318682.00000000,0.09217000,624508.00000000,0.09216000,212709.00000000,0.09215000,678686.00000000,0.09214000,365068.00000000,0.09224000,87083.00000000,0.09225000,10201.00000000,0.09226000,55359.00000000,0.09227000,265937.00000000,0.09228000,138307.00000000,0.09229000,194875.00000000,0.09230000,753713.00000000,0.09231000,107855.00000000,0.09232000,370102.00000000,0.09233000,326077.00000000,,,,,,,,,,,,,,,,,,,,,,,,,,,,,,,,,,,,,,,,,0.0001,
0,7,166,0.09235000,0.09222,-0.1408,1774137113000,0.09229000,18986.00000000,0.09228000,46458.00000000,0.09227000,439660.00000000,0.09226000,202736.00000000,0.09225000,627220.00000000,0.09224000,441697.00000000,0.09223000,546288.00000000,0.09222000,225544.00000000,0.09221000,537488.00000000,0.09220000,304024.00000000,0.09230000,180058.00000000,0.09231000,10072.00000000,0.09232000,202108.00000000,0.09233000,169928.00000000,0.09234000,79654.00000000,0.09235000,176398.00000000,0.09236000,468898.00000000,0.09237000,110474.00000000,0.09238000,636030.00000000,0.09239000,306370.00000000,,,,,,,,,,,,,,,,,,,,,,,,,,,,,,,,,,,,,,,,,0.0001,
0,7,166,0.09223000,0.09217,-0.0651,1774137114000,0.09224000,61991.00000000,0.09223000,154153.00000000,0.09222000,430936.00000000,0.09221000,26499.00000000,0.09220000,257605.00000000,0.09219000,544594.00000000,0.09218000,254351.00000000,0.09217000,585711.00000000,0.09216000,102733.00000000,0.09215000,581805.00000000,0.09225000,208791.00000000,0.09226000,106471.00000000,0.09227000,326722.00000000,0.09228000,171001.00000000,0.09229000,132336.00000000,0.09230000,133632.00000000,0.09231000,250327.00000000,0.09232000,93898.00000000,0.09233000,707298.00000000,0.09234000,85654.00000000,,,,,,,,,,,,,,,,,,,,,,,,,,,,,,,,,,,,,,,,,,
0,7,166,0.09228000,0.09218,-0.1084,1774137115000,0.09224000,81044.00000000,0.09223000,40336.00000000,0.09222000,89574.00000000,0.09221000,518575.00000000,0.09220000,253308.00000000,0.09219000,538600.00000000,0.09218000,98097.00000000,0.09217000,588394.00000000,0.09216000,283437.00000000,0.09215000,488004.00000000,0.09225000,23926.00000000,0.09226000,59636.00000000,0.09227000,67911.00000000,0.09228000,286679.00000000,0.09229000,118559.00000000,0.09230000,58986.00000000,0.09231000,274068.00000000,0.09232000,239239.00000000,0.09233000,710441.00000000,0.09234000,81029.00000000,,,,,,,,,,,,,,,,,,,,,,,,,,,,,,,,,,,,,,,,,0.0001,
0,7,166,0.09225000,0.09219,-0.065,1774137116000,0.09225000,86749.00000000,0.09224000,178896.00000000,0.09223000,449433.00000000,0.09222000,186415.00000000,0.09221000,518575.00000000,0.09220000,253308.00000000,0.09219000,536029.00000000,0.09218000,98097.00000000,0.09217000,593812.00000000,0.09216000,283437.00000000,0.09226000,158972.00000000,0.09227000,40682.00000000,0.09228000,173960.00000000,0.09229000,134939.00000000,0.09230000,142768.00000000,0.09231000,250327.00000000,0.09232000,262980.00000000,0.09233000,721284.00000000,0.09234000,81029.00000000,0.09235000,146830.00000000,,,,,,,,,,,,,,,,,,,,,,,,,,,,,,,,,,,,,,,,,0.0001,
0,7,166,0.09225000,0.09217,-0.0867,1774137117000,0.09224000,41026.00000000,0.09223000,40360.00000000,0.09222000,84145.00000000,0.09221000,518575.00000000,0.09220000,253308.00000000,0.09219000,536029.00000000,0.09218000,98097.00000000,0.09217000,593812.00000000,0.09216000,283437.00000000,0.09215000,488004.00000000,0.09225000,170368.00000000,0.09226000,67390.00000000,0.09227000,101178.00000000,0.09228000,289080.00000000,0.09229000,121255.00000000,0.09230000,69923.00000000,0.09231000,260327.00000000,0.09232000,262991.00000000,0.09233000,721284.00000000,0.09234000,110897.00000000,,,,,,,,,,,,,,,,,,,,,,,,,,,,,,,,,,,,,,,,,0.0001,
0,7,166,0.09225000,0.09217,-0.0867,1774137118000,0.09224000,64630.00000000,0.09223000,40336.00000000,0.09222000,84145.00000000,0.09221000,513950.00000000,0.09220000,253308.00000000,0.09219000,540654.00000000,0.09218000,98097.00000000,0.09217000,593812.00000000,0.09216000,283437.00000000,0.09215000,488004.00000000,0.09225000,149146.00000000,0.09226000,75799.00000000,0.09227000,102899.00000000,0.09228000,289080.00000000,0.09229000,133255.00000000,0.09230000,74548.00000000,0.09231000,250338.00000000,0.09232000,258366.00000000,0.09233000,721284.00000000,0.09234000,102897.00000000,,,,,,,,,,,,,,,,,,,,,,,,,,,,,,,,,,,,,,,,,0.0001,
0,7,166,0.09223000,0.09216,-0.0759,1774137119000,0.09222000,103597.00000000,0.09221000,154691.00000000,0.09220000,204890.00000000,0.09219000,375999.00000000,0.09218000,99141.00000000,0.09217000,589403.00000000,0.09216000,284233.00000000,0.09215000,472541.00000000,0.09214000,366354.00000000,0.09213000,434137.00000000,0.09223000,53269.00000000,0.09224000,55761.00000000,0.09225000,178289.00000000,0.09226000,126618.00000000,0.09227000,148354.00000000,0.09228000,356257.00000000,0.09229000,517781.00000000,0.09230000,195682.00000000,0.09231000,250326.00000000,0.09232000,283615.00000000,,,,,,,,,,,,,,,,,,,,,,,,,,,,,,,,,,,,,,,,,0.0001,
0,7,166,0.09223000,0.09215,-0.0867,1774137120000,0.09218000,78088.00000000,0.09217000,406453.00000000,0.09216000,72808.00000000,0.09215000,475163.00000000,0.09214000,356459.00000000,0.09213000,513270.00000000,0.09212000,247863.00000000,0.09211000,476383.00000000,0.09210000,291462.00000000,0.09209000,584448.00000000,0.09219000,43498.00000000,0.09220000,35.00000000,0.09221000,82973.00000000,0.09222000,166054.00000000,0.09223000,167093.00000000,0.09224000,55804.00000000,0.09225000,380796.00000000,0.09226000,552632.00000000,0.09227000,272842.00000000,0.09228000,344268.00000000,,,,,,,,,,,,,,,,,,,,,,,,,,,,,,,,,,,,,,,,,0.0001,
0,7,166,0.09215000,0.09197,-0.1953,1774137121000,0.09197000,11.00000000,0.09195000,397.00000000,0.09194000,101365.00000000,0.09193000,2596.00000000,0.09192000,7378.00000000,0.09191000,4061.00000000,0.09190000,17275.00000000,0.09189000,51766.00000000,0.09188000,6256.00000000,0.09187000,1638.00000000,0.09198000,21093.00000000,0.09199000,31710.00000000,0.09200000,83196.00000000,0.09201000,157640.00000000,0.09202000,131541.00000000,0.09203000,160433.00000000,0.09204000,167101.00000000,0.09205000,134783.00000000,0.09206000,396157.00000000,0.09207000,661052.00000000,,,,,,,,,,,,,,,,,,,,,,,,,,,,,,,,,,,,,,,,,0.0001,
0,7,166,0.09213000,0.09178,-0.3799,1774137122000,0.09182000,7416.00000000,0.09181000,13719.00000000,0.09180000,246098.00000000,0.09179000,2575.00000000,0.09178000,33459.00000000,0.09177000,129736.00000000,0.09176000,132137.00000000,0.09175000,29024.00000000,0.09174000,534509.00000000,0.09173000,179278.00000000,0.09183000,36658.00000000,0.09184000,16981.00000000,0.09185000,43398.00000000,0.09186000,53947.00000000,0.09187000,116585.00000000,0.09188000,75446.00000000,0.09189000,342873.00000000,0.09190000,443105.00000000,0.09191000,49834.00000000,0.09192000,280459.00000000,,,,,,,,,,,,,,,,,,,,,,,,,,,,,,,,,,,,,,,,,0.0001,
0,7,166,0.09206000,0.09179,-0.2933,1774137123000,0.09184000,206623.00000000,0.09183000,72031.00000000,0.09182000,85786.00000000,0.09181000,83830.00000000,0.09180000,324356.00000000,0.09179000,28120.00000000,0.09178000,262319.00000000,0.09177000,348857.00000000,0.09176000,434973.00000000,0.09175000,257004.00000000,0.09185000,26168.00000000,0.09186000,136758.00000000,0.09187000,428845.00000000,0.09188000,167824.00000000,0.09189000,354340.00000000,0.09190000,600443.00000000,0.09191000,158246.00000000,0.09192000,258988.00000000,0.09193000,519674.00000000,0.09194000,141310.00000000,,,,,,,,,,,,,,,,,,,,,,,,,,,,,,,,,,,,,,,,,0.0001,
0,7,166,0.09198000,0.09176,-0.2392,1774137124000,0.09190000,162500.00000000,0.09189000,126845.00000000,0.09188000,111291.00000000,0.09187000,114369.00000000,0.09186000,107078.00000000,0.09185000,115852.00000000,0.09184000,792461.00000000,0.09183000,263378.00000000,0.09182000,555123.00000000,0.09181000,439096.00000000,0.09191000,23004.00000000,0.09192000,251.00000000,0.09193000,161.00000000,0.09194000,354932.00000000,0.09195000,65364.00000000,0.09196000,218947.00000000,0.09197000,76490.00000000,0.09198000,521949.00000000,0.09199000,369104.00000000,0.09200000,70288.00000000,,,,,,,,,,,,,,,,,,,,,,,,,,,,,,,,,,,,,,,,,0.0001,
0,7,166,0.09193000,0.09162,-0.3372,1774137125000,0.09179000,18326.00000000,0.09178000,69350.00000000,0.09177000,89876.00000000,0.09176000,473112.00000000,0.09175000,29013.00000000,0.09174000,604932.00000000,0.09173000,32559.00000000,0.09172000,59691.00000000,0.09171000,234693.00000000,0.09170000,476059.00000000,0.09180000,104919.00000000,0.09181000,179250.00000000,0.09182000,179424.00000000,0.09183000,101800.00000000,0.09184000,88183.00000000,0.09185000,17107.00000000,0.09186000,179813.00000000,0.09187000,277752.00000000,0.09188000,198997.00000000,0.09189000,707249.00000000,,,,,,,,,,,,,,,,,,,,,,,,,,,,,,,,,,,,,,,,,0.0001,
0,7,166,0.09189000,0.09161,-0.3047,1774137126000,0.09183000,16646.00000000,0.09182000,163644.00000000,0.09181000,411630.00000000,0.09180000,117984.00000000,0.09179000,190078.00000000,0.09178000,506889.00000000,0.09177000,436657.00000000,0.09176000,482163.00000000,0.09175000,198055.00000000,0.09174000,706760.00000000,0.09184000,85164.00000000,0.09185000,178.00000000,0.09186000,192.00000000,0.09187000,101602.00000000,0.09188000,159855.00000000,0.09189000,52137.00000000,0.09190000,66714.00000000,0.09191000,295193.00000000,0.09192000,130588.00000000,0.09193000,486646.00000000,,,,,,,,,,,,,,,,,,,,,,,,,,,,,,,,,,,,,,,,,0.0001,
0,7,166,0.09186000,0.09157,-0.3157,1774137127000,0.09173000,65969.00000000,0.09172000,13423.00000000,0.09171000,56834.00000000,0.09170000,39597.00000000,0.09169000,489447.00000000,0.09168000,206967.00000000,0.09167000,548972.00000000,0.09166000,259075.00000000,0.09165000,486185.00000000,0.09164000,226886.00000000,0.09174000,121001.00000000,0.09175000,122580.00000000,0.09176000,222645.00000000,0.09177000,705166.00000000,0.09178000,77835.00000000,0.09179000,171527.00000000,0.09180000,94146.00000000,0.09181000,677935.00000000,0.09182000,366727.00000000,0.09183000,162405.00000000,,,,,,,,,,,,,,,,,,,,,,,,,,,,,,,,,,,,,,,,,,
0,7,166,0.09185000,0.09164,-0.2286,1774137128000,0.09168000,86296.00000000,0.09167000,9423.00000000,0.09166000,113331.00000000,0.09165000,43182.00000000,0.09164000,169110.00000000,0.09163000,508608.00000000,0.09162000,760799.00000000,0.09161000,645571.00000000,0.09160000,337249.00000000,0.09159000,682275.00000000,0.09169000,195105.00000000,0.09170000,121555.00000000,0.09171000,209295.00000000,0.09172000,313180.00000000,0.09173000,706914.00000000,0.09174000,125763.00000000,0.09175000,121295.00000000,0.09176000,398919.00000000,0.09177000,702383.00000000,0.09178000,93588.00000000,,,,,,,,,,,,,,,,,,,,,,,,,,,,,,,,,,,,,,,,,0.0001,
0,7,166,0.09184000,0.09161,-0.2504,1774137129000,0.09168000,18461.00000000,0.09167000,40052.00000000,0.09166000,249845.00000000,0.09165000,254487.00000000,0.09164000,215311.00000000,0.09163000,354592.00000000,0.09162000,788483.00000000,0.09161000,273626.00000000,0.09160000,324578.00000000,0.09159000,682330.00000000,0.09170000,54595.00000000,0.09171000,68721.00000000,0.09172000,74473.00000000,0.09173000,97986.00000000,0.09174000,138719.00000000,0.09175000,109545.00000000,0.09176000,97568.00000000,0.09177000,196570.00000000,0.09178000,65472.00000000,0.09179000,130364.00000000,,,,,,,,,,,,,,,,,,,,,,,,,,,,,,,,,,,,,,,,,0.0001,
0,7,166,0.09189000,0.09157,-0.3482,1774137130000,0.09169000,59904.00000000,0.09168000,33100.00000000,0.09167000,29150.00000000,0.09166000,432091.00000000,0.09165000,305845.00000000,0.09164000,138009.00000000,0.09163000,666313.00000000,0.09162000,668004.00000000,0.09161000,481292.00000000,0.09160000,122466.00000000,0.09170000,110987.00000000,0.09171000,180.00000000,0.09172000,44348.00000000,0.09173000,213450.00000000,0.09174000,263865.00000000,0.09175000,137857.00000000,0.09176000,558204.00000000,0.09177000,166844.00000000,0.09178000,63251.00000000,0.09179000,197050.00000000,,,,,,,,,,,,,,,,,,,,,,,,,,,,,,,,,,,,,,,,,,
0,7,166,0.09190000,0.09149,-0.4461,1774137131000,0.09163000,120105.00000000,0.09162000,58469.00000000,0.09161000,79789.00000000,0.09160000,58933.00000000,0.09159000,54948.00000000,0.09158000,373403.00000000,0.09157000,627355.00000000,0.09156000,194297.00000000,0.09155000,571543.00000000,0.09154000,360073.00000000,0.09164000,27427.00000000,0.09165000,4204.00000000,0.09166000,66243.00000000,0.09167000,58103.00000000,0.09168000,686563.00000000,0.09169000,401492.00000000,0.09170000,101252.00000000,0.09171000,279293.00000000,0.09172000,693871.00000000,0.09173000,122762.00000000,,,,,,,,,,,,,,,,,,,,,,,,,,,,,,,,,,,,,,,,,0.0001,
0,7,166,0.09188000,0.09143,-0.4898,1774137132000,0.09171000,60877.00000000,0.09170000,100294.00000000,0.09169000,90285.00000000,0.09168000,38356.00000000,0.09167000,411544.00000000,0.09166000,252780.00000000,0.09165000,471317.00000000,0.09164000,410716.00000000,0.09163000,544226.00000000,0.09162000,217010.00000000,0.09172000,17204.00000000,0.09173000,108795.00000000,0.09174000,138385.00000000,0.09175000,245361.00000000,0.09176000,257410.00000000,0.09177000,475351.00000000,0.09178000,176387.00000000,0.09179000,167017.00000000,0.09180000,187602.00000000,0.09181000,671177.00000000,,,,,,,,,,,,,,,,,,,,,,,,,,,,,,,,,,,,,,,,,0.0001,
0,7,166,0.09191000,0.09141,-0.544,1774137133000,0.09169000,148.00000000,0.09168000,76628.00000000,0.09167000,162772.00000000,0.09166000,182682.00000000,0.09165000,603500.00000000,0.09164000,410717.00000000,0.09163000,603666.00000000,0.09162000,446489.00000000,0.09161000,637607.00000000,0.09160000,96618.00000000,0.09170000,85209.00000000,0.09171000,203782.00000000,0.09172000,399917.00000000,0.09173000,322757.00000000,0.09174000,187450.00000000,0.09175000,290164.00000000,0.09176000,382867.00000000,0.09177000,547669.00000000,0.09178000,214545.00000000,0.09179000,170917.00000000,,,,,,,,,,,,,,,,,,,,,,,,,,,,,,,,,,,,,,,,,0.0001,
0,7,166,0.09192000,0.09126,-0.718,1774137134000,0.09160000,200735.00000000,0.09159000,141206.00000000,0.09158000,271582.00000000,0.09157000,275290.00000000,0.09156000,222803.00000000,0.09155000,593091.00000000,0.09154000,560757.00000000,0.09153000,538226.00000000,0.09152000,302833.00000000,0.09151000,486081.00000000,0.09161000,34814.00000000,0.09162000,82392.00000000,0.09163000,119714.00000000,0.09164000,74424.00000000,0.09165000,91523.00000000,0.09166000,152537.00000000,0.09167000,133703.00000000,0.09168000,686052.00000000,0.09169000,170337.00000000,0.09170000,299592.00000000,,,,,,,,,,,,,,,,,,,,,,,,,,,,,,,,,,,,,,,,,0.0001,
0,7,166,0.09189000,0.09109,-0.8706,1774137135000,0.09164000,93375.00000000,0.09163000,51378.00000000,0.09162000,671764.00000000,0.09161000,272672.00000000,0.09160000,533728.00000000,0.09159000,475970.00000000,0.09158000,628573.00000000,0.09157000,232129.00000000,0.09156000,654891.00000000,0.09155000,229722.00000000,0.09165000,29994.00000000,0.09166000,157401.00000000,0.09167000,174.00000000,0.09168000,56431.00000000,0.09169000,167159.00000000,0.09170000,198743.00000000,0.09171000,160726.00000000,0.09172000,488496.00000000,0.09173000,171359.00000000,0.09174000,96640.00000000,,,,,,,,,,,,,,,,,,,,,,,,,,,,,,,,,,,,,,,,,0.0001,
0,7,166,0.09185000,0.09115,-0.7621,1774137136000,0.09152000,37249.00000000,0.09151000,271951.00000000,0.09150000,358369.00000000,0.09149000,41469.00000000,0.09148000,175482.00000000,0.09147000,211178.00000000,0.09146000,582618.00000000,0.09145000,402654.00000000,0.09144000,585934.00000000,0.09143000,383658.00000000,0.09153000,82844.00000000,0.09154000,83220.00000000,0.09155000,180947.00000000,0.09156000,128011.00000000,0.09157000,82671.00000000,0.09158000,472068.00000000,0.09159000,408094.00000000,0.09160000,571198.00000000,0.09161000,504421.00000000,0.09162000,122468.00000000,,,,,,,,,,,,,,,,,,,,,,,,,,,,,,,,,,,,,,,,,0.0001,
0,7,166,0.09179000,0.09127,-0.5665,1774137137000,0.09149000,93854.00000000,0.09148000,121115.00000000,0.09147000,568271.00000000,0.09146000,480543.00000000,0.09145000,301900.00000000,0.09144000,885740.00000000,0.09143000,171982.00000000,0.09142000,584008.00000000,0.09141000,415270.00000000,0.09140000,302037.00000000,0.09150000,38570.00000000,0.09151000,72333.00000000,0.09152000,48656.00000000,0.09153000,110926.00000000,0.09154000,75603.00000000,0.09155000,652869.00000000,0.09156000,626901.00000000,0.09157000,360302.00000000,0.09158000,378712.00000000,0.09159000,141070.00000000,,,,,,,,,,,,,,,,,,,,,,,,,,,,,,,,,,,,,,,,,0.0001,
0,7,166,0.09177000,0.09126,-0.5557,1774137138000,0.09151000,273044.00000000,0.09150000,50055.00000000,0.09149000,50070.00000000,0.09148000,111289.00000000,0.09147000,119419.00000000,0.09146000,540789.00000000,0.09145000,420935.00000000,0.09144000,474065.00000000,0.09143000,107649.00000000,0.09142000,487025.00000000,0.09152000,43947.00000000,0.09153000,22239.00000000,0.09154000,58657.00000000,0.09155000,375454.00000000,0.09156000,472491.00000000,0.09157000,121305.00000000,0.09158000,318543.00000000,0.09159000,113411.00000000,0.09160000,492384.00000000,0.09161000,418960.00000000,,,,,,,,,,,,,,,,,,,,,,,,,,,,,,,,,,,,,,,,,0.0001,
0,7,166,0.09183000,0.09129,-0.588,1774137139000,0.09147000,53543.00000000,0.09146000,21059.00000000,0.09145000,52970.00000000,0.09144000,258.00000000,0.09143000,14497.00000000,0.09142000,487024.00000000,0.09141000,260744.00000000,0.09140000,518697.00000000,0.09139000,118644.00000000,0.09138000,755596.00000000,0.09148000,250391.00000000,0.09149000,237357.00000000,0.09150000,262491.00000000,0.09151000,111289.00000000,0.09152000,239573.00000000,0.09153000,151644.00000000,0.09154000,548674.00000000,0.09155000,311191.00000000,0.09156000,89616.00000000,0.09157000,545287.00000000,,,,,,,,,,,,,,,,,,,,,,,,,,,,,,,,,,,,,,,,,0.0001,
0,7,166,0.09177000,0.09136,-0.4468,1774137140000,0.09127000,8827.00000000,0.09126000,1689.00000000,0.09125000,20443.00000000,0.09124000,2133.00000000,0.09123000,92947.00000000,0.09122000,72031.00000000,0.09121000,641201.00000000,0.09120000,1843047.00000000,0.09119000,99026.00000000,0.09118000,67647.00000000,0.09128000,149990.00000000,0.09129000,432007.00000000,0.09130000,96491.00000000,0.09131000,457556.00000000,0.09132000,212120.00000000,0.09133000,137306.00000000,0.09134000,362627.00000000,0.09135000,531690.00000000,0.09136000,265205.00000000,0.09137000,385511.00000000,,,,,,,,,,,,,,,,,,,,,,,,,,,,,,,,,,,,,,,,,,
0,7,166,0.09179000,0.09125,-0.5883,1774137141000,0.09120000,1006328.00000000,0.09119000,29672.00000000,0.09118000,6346.00000000,0.09117000,14379.00000000,0.09116000,4144.00000000,0.09115000,41501.00000000,0.09114000,36702.00000000,0.09113000,438170.00000000,0.09112000,135312.00000000,0.09111000,605401.00000000,0.09121000,140563.00000000,0.09122000,46084.00000000,0.09123000,511722.00000000,0.09124000,119531.00000000,0.09125000,400604.00000000,0.09126000,503853.00000000,0.09127000,190940.00000000,0.09128000,399527.00000000,0.09129000,485774.00000000,0.09130000,176112.00000000,,,,,,,,,,,,,,,,,,,,,,,,,,,,,,,,,,,,,,,,,0.0001,
0,7,166,0.09174000,0.09113,-0.6649,1774137142000,0.09113000,109530.00000000,0.09112000,71312.00000000,0.09111000,27547.00000000,0.09110000,153387.00000000,0.09109000,645777.00000000,0.09108000,418336.00000000,0.09107000,474700.00000000,0.09106000,244403.00000000,0.09105000,453198.00000000,0.09104000,202218.00000000,0.09114000,40470.00000000,0.09115000,4138.00000000,0.09116000,162767.00000000,0.09117000,188.00000000,0.09118000,151927.00000000,0.09119000,432002.00000000,0.09120000,65732.00000000,0.09121000,146563.00000000,0.09122000,409011.00000000,0.09123000,438983.00000000,,,,,,,,,,,,,,,,,,,,,,,,,,,,,,,,,,,,,,,,,0.0001,
0,7,166,0.09163000,0.09124,-0.4256,1774137143000,0.09112000,174314.00000000,0.09111000,19924.00000000,0.09110000,295565.00000000,0.09109000,210045.00000000,0.09108000,332961.00000000,0.09107000,599908.00000000,0.09106000,309998.00000000,0.09105000,524460.00000000,0.09104000,164060.00000000,0.09103000,556647.00000000,0.09113000,100565.00000000,0.09114000,55.00000000,0.09115000,32119.00000000,0.09116000,104391.00000000,0.09117000,2370.00000000,0.09118000,500192.00000000,0.09119000,375053.00000000,0.09120000,215076.00000000,0.09121000,22876.00000000,0.09122000,409011.00000000,,,,,,,,,,,,,,,,,,,,,,,,,,,,,,,,,,,,,,,,,0.0001,
0,7,166,0.09118000,0.09108,-0.1097,1774137148000,0.09131000,102229.00000000,0.09130000,99432.00000000,0.09129000,128805.00000000,0.09128000,419867.00000000,0.09127000,13754.00000000,0.09126000,422069.00000000,0.09125000,40371.00000000,0.09124000,1218.00000000,0.09123000,344607.00000000,0.09122000,587725.00000000,0.09132000,13568.00000000,0.09133000,12285.00000000,0.09134000,46481.00000000,0.09135000,81946.00000000,0.09136000,23077.00000000,0.09137000,212403.00000000,0.09138000,585808.00000000,0.09139000,221019.00000000,0.09140000,39157.00000000,0.09141000,155543.00000000,,,,,,,,,,,,,,,,,,,,,,,,,,,,,,,,,,,,,,,,,0.0001,
0,7,166,0.09109000,0.09101,-0.0878,1774137149000,0.09131000,88360.00000000,0.09130000,159052.00000000,0.09129000,5660.00000000,0.09128000,59078.00000000,0.09127000,263089.00000000,0.09126000,440999.00000000,0.09125000,68918.00000000,0.09124000,411746.00000000,0.09123000,334755.00000000,0.09122000,653160.00000000,0.09132000,82785.00000000,0.09133000,977.00000000,0.09134000,176857.00000000,0.09135000,520959.00000000,0.09136000,67119.00000000,0.09137000,312974.00000000,0.09138000,149376.00000000,0.09139000,496911.00000000,0.09140000,287964.00000000,0.09141000,40335.00000000,,,,,,,,,,,,,,,,,,,,,,,,,,,,,,,,,,,,,,,,,0.0001,
0,7,166,0.09120000,0.09074,-0.5044,1774137150000,0.09143000,128944.00000000,0.09142000,154133.00000000,0.09141000,112354.00000000,0.09140000,73663.00000000,0.09139000,122725.00000000,0.09138000,38804.00000000,0.09137000,144049.00000000,0.09136000,652911.00000000,0.09135000,67863.00000000,0.09134000,424965.00000000,0.09144000,21599.00000000,0.09145000,167.00000000,0.09146000,17120.00000000,0.09147000,205.00000000,0.09148000,126.00000000,0.09149000,587361.00000000,0.09150000,27648.00000000,0.09151000,103057.00000000,0.09152000,305321.00000000,0.09153000,457131.00000000,,,,,,,,,,,,,,,,,,,,,,,,,,,,,,,,,,,,,,,,,0.0001,
0,7,166,0.09111000,0.0906,-0.5598,1774137151000,0.09144000,117877.00000000,0.09143000,43166.00000000,0.09142000,10965.00000000,0.09141000,503574.00000000,0.09140000,23053.00000000,0.09139000,253830.00000000,0.09138000,588521.00000000,0.09137000,210161.00000000,0.09136000,732868.00000000,0.09135000,173806.00000000,0.09145000,42151.00000000,0.09146000,50100.00000000,0.09147000,10117.00000000,0.09148000,104432.00000000,0.09149000,453574.00000000,0.09150000,210.00000000,0.09151000,77703.00000000,0.09152000,385648.00000000,0.09153000,442526.00000000,0.09154000,1870.00000000,,,,,,,,,,,,,,,,,,,,,,,,,,,,,,,,,,,,,,,,,0.0001,
0,7,166,0.09101000,0.09057,-0.4835,1774137152000,0.09145000,89652.00000000,0.09144000,200713.00000000,0.09143000,670971.00000000,0.09142000,310965.00000000,0.09141000,561774.00000000,0.09140000,228420.00000000,0.09139000,454385.00000000,0.09138000,707263.00000000,0.09137000,477790.00000000,0.09136000,684142.00000000,0.09146000,50613.00000000,0.09147000,10129.00000000,0.09148000,59758.00000000,0.09149000,229993.00000000,0.09150000,119677.00000000,0.09151000,198417.00000000,0.09152000,333439.00000000,0.09153000,495673.00000000,0.09154000,33037.00000000,0.09155000,310308.00000000,,,,,,,,,,,,,,,,,,,,,,,,,,,,,,,,,,,,,,,,,0.0001,
0,7,166,0.09098000,0.09084,-0.1539,1774137153000,0.09125000,21702.00000000,0.09124000,67407.00000000,0.09123000,4035.00000000,0.09122000,85150.00000000,0.09121000,70845.00000000,0.09120000,466674.00000000,0.09119000,368967.00000000,0.09118000,73429.00000000,0.09117000,122008.00000000,0.09116000,446398.00000000,0.09126000,161856.00000000,0.09127000,855.00000000,0.09128000,92188.00000000,0.09129000,214039.00000000,0.09130000,135718.00000000,0.09131000,138158.00000000,0.09132000,45968.00000000,0.09133000,37464.00000000,0.09134000,370612.00000000,0.09135000,570926.00000000,,,,,,,,,,,,,,,,,,,,,,,,,,,,,,,,,,,,,,,,,0.0001,
0,7,166,0.09081000,0.09104,0.2533,1774137154000,0.09119000,1755.00000000,0.09118000,68833.00000000,0.09117000,360052.00000000,0.09116000,427586.00000000,0.09115000,62099.00000000,0.09114000,36186.00000000,0.09113000,467680.00000000,0.09112000,173582.00000000,0.09111000,416843.00000000,0.09110000,170201.00000000,0.09120000,138920.00000000,0.09121000,208697.00000000,0.09122000,33659.00000000,0.09123000,111385.00000000,0.09124000,35600.00000000,0.09125000,134070.00000000,0.09126000,565759.00000000,0.09127000,193302.00000000,0.09128000,206748.00000000,0.09129000,326837.00000000,,,,,,,,,,,,,,,,,,,,,,,,,,,,,,,,,,,,,,,,,0.0001,
0,7,166,0.09078000,0.09113,0.3855,1774137155000,0.09112000,58.00000000,0.09111000,1409.00000000,0.09110000,10189.00000000,0.09109000,622628.00000000,0.09108000,272652.00000000,0.09107000,126242.00000000,0.09106000,167552.00000000,0.09105000,438867.00000000,0.09104000,70619.00000000,0.09103000,498064.00000000,0.09113000,75107.00000000,0.09114000,135972.00000000,0.09115000,177361.00000000,0.09116000,152854.00000000,0.09117000,188473.00000000,0.09118000,211860.00000000,0.09119000,192978.00000000,0.09120000,524495.00000000,0.09121000,456251.00000000,0.09122000,177149.00000000,,,,,,,,,,,,,,,,,,,,,,,,,,,,,,,,,,,,,,,,,0.0001,
0,7,166,0.09069000,0.0911,0.4521,1774137156000,0.09124000,186004.00000000,0.09123000,140799.00000000,0.09122000,40569.00000000,0.09121000,88558.00000000,0.09120000,88055.00000000,0.09119000,130760.00000000,0.09118000,546204.00000000,0.09117000,137012.00000000,0.09116000,520584.00000000,0.09115000,300978.00000000,0.09125000,190.00000000,0.09126000,41317.00000000,0.09127000,108419.00000000,0.09128000,115229.00000000,0.09129000,434673.00000000,0.09130000,355312.00000000,0.09131000,237364.00000000,0.09132000,58651.00000000,0.09133000,564583.00000000,0.09134000,169251.00000000,,,,,,,,,,,,,,,,,,,,,,,,,,,,,,,,,,,,,,,,,0.0001,
0,7,166,0.09065000,0.09109,0.4854,1774137157000,0.09121000,28088.00000000,0.09120000,38673.00000000,0.09119000,107349.00000000,0.09118000,94701.00000000,0.09117000,140831.00000000,0.09116000,475220.00000000,0.09115000,211541.00000000,0.09114000,401235.00000000,0.09113000,43883.00000000,0.09112000,567773.00000000,0.09122000,139348.00000000,0.09123000,104474.00000000,0.09124000,122644.00000000,0.09125000,39802.00000000,0.09126000,281548.00000000,0.09127000,535478.00000000,0.09128000,55573.00000000,0.09129000,263564.00000000,0.09130000,569548.00000000,0.09131000,160528.00000000,,,,,,,,,,,,,,,,,,,,,,,,,,,,,,,,,,,,,,,,,,
0,7,166,0.09073000,0.09107,0.3747,1774137158000,0.09112000,171076.00000000,0.09111000,166276.00000000,0.09110000,127690.00000000,0.09109000,315504.00000000,0.09108000,710920.00000000,0.09107000,348005.00000000,0.09106000,638971.00000000,0.09105000,121898.00000000,0.09104000,415359.00000000,0.09103000,573104.00000000,0.09113000,19334.00000000,0.09114000,23684.00000000,0.09115000,32280.00000000,0.09116000,190415.00000000,0.09117000,646188.00000000,0.09118000,216959.00000000,0.09119000,179471.00000000,0.09120000,521638.00000000,0.09121000,560722.00000000,0.09122000,103074.00000000,,,,,,,,,,,,,,,,,,,,,,,,,,,,,,,,,,,,,,,,,0.0001,
0,7,166,0.09092000,0.09096,0.044,1774137159000,0.09103000,56144.00000000,0.09102000,18002.00000000,0.09101000,421261.00000000,0.09100000,3837136.00000000,0.09099000,416065.00000000,0.09098000,132502.00000000,0.09097000,364476.00000000,0.09096000,73449.00000000,0.09095000,647329.00000000,0.09094000,72455.00000000,0.09104000,88041.00000000,0.09105000,202242.00000000,0.09106000,189741.00000000,0.09107000,132.00000000,0.09108000,557447.00000000,0.09109000,115952.00000000,0.09110000,178618.00000000,0.09111000,595005.00000000,0.09112000,121360.00000000,0.09113000,50285.00000000,,,,,,,,,,,,,,,,,,,,,,,,,,,,,,,,,,,,,,,,,,
0,7,166,0.09097000,0.09108,0.1209,1774137160000,0.09117000,88196.00000000,0.09116000,54172.00000000,0.09115000,73721.00000000,0.09114000,166673.00000000,0.09113000,308545.00000000,0.09112000,256851.00000000,0.09111000,357095.00000000,0.09110000,230060.00000000,0.09109000,368148.00000000,0.09108000,278470.00000000,0.09118000,59192.00000000,0.09119000,193.00000000,0.09120000,12769.00000000,0.09121000,27576.00000000,0.09122000,516609.00000000,0.09123000,296279.00000000,0.09124000,81069.00000000,0.09125000,378238.00000000,0.09126000,164913.00000000,0.09127000,229181.00000000,,,,,,,,,,,,,,,,,,,,,,,,,,,,,,,,,,,,,,,,,0.0001,
0,7,166,0.09090000,0.09088,-0.022,1774137161000,0.09123000,96760.00000000,0.09122000,303209.00000000,0.09121000,418550.00000000,0.09120000,294789.00000000,0.09119000,633252.00000000,0.09118000,272826.00000000,0.09117000,436293.00000000,0.09116000,253262.00000000,0.09115000,501811.00000000,0.09114000,187461.00000000,0.09124000,150871.00000000,0.09125000,372.00000000,0.09126000,176.00000000,0.09127000,668.00000000,0.09128000,12185.00000000,0.09129000,239168.00000000,0.09130000,503831.00000000,0.09131000,160517.00000000,0.09132000,43162.00000000,0.09133000,119618.00000000,,,,,,,,,,,,,,,,,,,,,,,,,,,,,,,,,,,,,,,,,0.0001,
0,7,166,0.09099000,0.09097,-0.022,1774137162000,0.09122000,50775.00000000,0.09121000,30376.00000000,0.09120000,259649.00000000,0.09119000,628436.00000000,0.09118000,294022.00000000,0.09117000,393512.00000000,0.09116000,376825.00000000,0.09115000,467687.00000000,0.09114000,229545.00000000,0.09113000,416817.00000000,0.09123000,102278.00000000,0.09124000,115173.00000000,0.09125000,153524.00000000,0.09126000,158394.00000000,0.09127000,534110.00000000,0.09128000,52690.00000000,0.09129000,37555.00000000,0.09130000,505644.00000000,0.09131000,395609.00000000,0.09132000,127177.00000000,,,,,,,,,,,,,,,,,,,,,,,,,,,,,,,,,,,,,,,,,0.0001,
0,7,166,0.09108000,0.09111,0.0329,1774137163000,0.09118000,339344.00000000,0.09117000,218846.00000000,0.09116000,122447.00000000,0.09115000,616278.00000000,0.09114000,471411.00000000,0.09113000,439306.00000000,0.09112000,147317.00000000,0.09111000,416575.00000000,0.09110000,279056.00000000,0.09109000,451015.00000000,0.09119000,198.00000000,0.09120000,217.00000000,0.09121000,12842.00000000,0.09122000,69063.00000000,0.09123000,27774.00000000,0.09124000,96254.00000000,0.09125000,115828.00000000,0.09126000,302294.00000000,0.09127000,468333.00000000,0.09128000,59174.00000000,,,,,,,,,,,,,,,,,,,,,,,,,,,,,,,,,,,,,,,,,0.0001,
0,7,166,0.09110000,0.0912,0.1098,1774137164000,0.09113000,150.00000000,0.09112000,2323.00000000,0.09111000,2373.00000000,0.09110000,35290.00000000,0.09109000,406406.00000000,0.09108000,145181.00000000,0.09107000,335163.00000000,0.09106000,179543.00000000,0.09105000,338021.00000000,0.09104000,174163.00000000,0.09114000,116361.00000000,0.09115000,136918.00000000,0.09116000,125139.00000000,0.09117000,221768.00000000,0.09118000,179582.00000000,0.09119000,289151.00000000,0.09120000,389990.00000000,0.09121000,214558.00000000,0.09122000,82033.00000000,0.09123000,509957.00000000,,,,,,,,,,,,,,,,,,,,,,,,,,,,,,,,,,,,,,,,,,
0,7,166,0.09119000,0.09122,0.0329,1774137165000,0.09111000,306901.00000000,0.09110000,160314.00000000,0.09109000,339842.00000000,0.09108000,85656.00000000,0.09107000,569970.00000000,0.09106000,61633.00000000,0.09105000,360037.00000000,0.09104000,329935.00000000,0.09103000,383114.00000000,0.09102000,122845.00000000,0.09112000,92745.00000000,0.09113000,141987.00000000,0.09114000,141310.00000000,0.09115000,142232.00000000,0.09116000,92831.00000000,0.09117000,121789.00000000,0.09118000,102422.00000000,0.09119000,174472.00000000,0.09120000,10532.00000000,0.09121000,66506.00000000,,,,,,,,,,,,,,,,,,,,,,,,,,,,,,,,,,,,,,,,,0.0001,
0,7,166,0.09127000,0.09117,-0.1096,1774137166000,0.09113000,154844.00000000,0.09112000,150737.00000000,0.09111000,146602.00000000,0.09110000,37784.00000000,0.09109000,45243.00000000,0.09108000,2374.00000000,0.09107000,10465.00000000,0.09106000,314906.00000000,0.09105000,142697.00000000,0.09104000,413888.00000000,0.09114000,48506.00000000,0.09115000,109981.00000000,0.09116000,49519.00000000,0.09117000,539211.00000000,0.09118000,159367.00000000,0.09119000,264126.00000000,0.09120000,194234.00000000,0.09121000,434051.00000000,0.09122000,34183.00000000,0.09123000,318872.00000000,,,,,,,,,,,,,,,,,,,,,,,,,,,,,,,,,,,,,,,,,0.0001,
0,7,166,0.09126000,0.09126,0.0,1774137167000,0.09099000,31660.00000000,0.09098000,114115.00000000,0.09097000,109237.00000000,0.09096000,133409.00000000,0.09095000,152012.00000000,0.09094000,35296.00000000,0.09093000,26560.00000000,0.09092000,12319.00000000,0.09091000,305.00000000,0.09090000,164353.00000000,0.09100000,160879.00000000,0.09101000,142734.00000000,0.09102000,314942.00000000,0.09103000,332279.00000000,0.09104000,319827.00000000,0.09105000,136605.00000000,0.09106000,572653.00000000,0.09107000,35825.00000000,0.09108000,273267.00000000,0.09109000,315746.00000000,,,,,,,,,,,,,,,,,,,,,,,,,,,,,,,,,,,,,,,,,0.0001,
0,7,166,0.09117000,0.09124,0.0768,1774137168000,0.09078000,24.00000000,0.09077000,13822.00000000,0.09076000,100148.00000000,0.09075000,16691.00000000,0.09074000,12107.00000000,0.09073000,11852.00000000,0.09072000,30003.00000000,0.09071000,283909.00000000,0.09070000,122452.00000000,0.09069000,276930.00000000,0.09079000,123452.00000000,0.09080000,199428.00000000,0.09081000,143331.00000000,0.09082000,129423.00000000,0.09083000,18368.00000000,0.09084000,80689.00000000,0.09085000,112002.00000000,0.09086000,82984.00000000,0.09087000,94748.00000000,0.09088000,73739.00000000,,,,,,,,,,,,,,,,,,,,,,,,,,,,,,,,,,,,,,,,,0.0001,
0,7,166,0.09117000,0.09133,0.1755,1774137169000,0.09062000,265.00000000,0.09061000,17335.00000000,0.09060000,69404.00000000,0.09059000,12482.00000000,0.09058000,26090.00000000,0.09057000,13061.00000000,0.09056000,1210846.00000000,0.09055000,62410.00000000,0.09054000,26369.00000000,0.09053000,116282.00000000,0.09065000,18365.00000000,0.09066000,103440.00000000,0.09067000,85961.00000000,0.09068000,145525.00000000,0.09069000,41369.00000000,0.09070000,47275.00000000,0.09071000,37854.00000000,0.09072000,20259.00000000,0.09073000,234068.00000000,0.09074000,32263.00000000,,,,,,,,,,,,,,,,,,,,,,,,,,,,,,,,,,,,,,,,,0.0001,
0,7,166,0.09120000,0.0913,0.1096,1774137170000,0.09079000,93808.00000000,0.09078000,128792.00000000,0.09077000,88599.00000000,0.09076000,172766.00000000,0.09075000,85904.00000000,0.09074000,133066.00000000,0.09073000,48012.00000000,0.09072000,102422.00000000,0.09071000,129129.00000000,0.09070000,83007.00000000,0.09080000,22346.00000000,0.09081000,126.00000000,0.09082000,169.00000000,0.09083000,11975.00000000,0.09084000,5158.00000000,0.09085000,22330.00000000,0.09086000,138.00000000,0.09087000,10038.00000000,0.09088000,163447.00000000,0.09089000,126.00000000,,,,,,,,,,,,,,,,,,,,,,,,,,,,,,,,,,,,,,,,,0.0001,
0,7,166,0.09115000,0.09133,0.1975,1774137171000,0.09094000,40254.00000000,0.09093000,27841.00000000,0.09092000,26997.00000000,0.09091000,27014.00000000,0.09090000,515490.00000000,0.09089000,10056.00000000,0.09088000,67725.00000000,0.09087000,27853.00000000,0.09086000,22972.00000000,0.09085000,10027.00000000,0.09095000,142419.00000000,0.09096000,32584.00000000,0.09097000,106565.00000000,0.09098000,113253.00000000,0.09099000,11784.00000000,0.09100000,167553.00000000,0.09101000,296977.00000000,0.09102000,170164.00000000,0.09103000,137056.00000000,0.09104000,328680.00000000,,,,,,,,,,,,,,,,,,,,,,,,,,,,,,,,,,,,,,,,,0.0001,
0,7,166,0.09114000,0.09134,0.2194,1774137172000,0.09092000,32347.00000000,0.09091000,40.00000000,0.09090000,50957.00000000,0.09089000,10051.00000000,0.09088000,10051.00000000,0.09087000,80410.00000000,0.09086000,15242.00000000,0.09085000,34782.00000000,0.09084000,84873.00000000,0.09083000,248979.00000000,0.09093000,147365.00000000,0.09094000,27935.00000000,0.09095000,28614.00000000,0.09096000,65675.00000000,0.09097000,50364.00000000,0.09098000,21246.00000000,0.09099000,32144.00000000,0.09100000,169618.00000000,0.09101000,87893.00000000,0.09102000,174958.00000000,,,,,,,,,,,,,,,,,,,,,,,,,,,,,,,,,,,,,,,,,0.0001,
0,7,166,0.09119000,0.09137,0.1974,1774137173000,0.09101000,93991.00000000,0.09100000,10761.00000000,0.09099000,86632.00000000,0.09098000,79595.00000000,0.09097000,77228.00000000,0.09096000,80233.00000000,0.09095000,103865.00000000,0.09094000,127807.00000000,0.09093000,72248.00000000,0.09092000,48644.00000000,0.09102000,22176.00000000,0.09103000,5260.00000000,0.09104000,309120.00000000,0.09105000,21083.00000000,0.09106000,553041.00000000,0.09107000,26890.00000000,0.09108000,273380.00000000,0.09109000,306412.00000000,0.09110000,298591.00000000,0.09111000,56322.00000000,,,,,,,,,,,,,,,,,,,,,,,,,,,,,,,,,,,,,,,,,0.0001,
0,7,166,0.09100000,0.09142,0.4615,1774137174000,0.09113000,27683.00000000,0.09112000,27343.00000000,0.09111000,103269.00000000,0.09110000,108625.00000000,0.09109000,117939.00000000,0.09108000,98478.00000000,0.09107000,37882.00000000,0.09106000,27077.00000000,0.09105000,10027.00000000,0.09104000,10099.00000000,0.09115000,6780.00000000,0.09116000,14250.00000000,0.09117000,113241.00000000,0.09118000,27743.00000000,0.09119000,300768.00000000,0.09120000,37288.00000000,0.09121000,136450.00000000,0.09122000,10090.00000000,0.09123000,37705.00000000,0.09124000,315145.00000000,,,,,,,,,,,,,,,,,,,,,,,,,,,,,,,,,,,,,,,,,0.0001,
0,7,166,0.09102000,0.0914,0.4175,1774137175000,0.09122000,64768.00000000,0.09121000,52796.00000000,0.09120000,130268.00000000,0.09119000,63722.00000000,0.09118000,49475.00000000,0.09117000,8806.00000000,0.09116000,181.00000000,0.09115000,28274.00000000,0.09114000,143.00000000,0.09113000,10026.00000000,0.09123000,866.00000000,0.09124000,856.00000000,0.09125000,12973.00000000,0.09126000,121.00000000,0.09127000,46283.00000000,0.09128000,2620.00000000,0.09129000,37874.00000000,0.09130000,211.00000000,0.09131000,97008.00000000,0.09132000,10275.00000000,,,,,,,,,,,,,,,,,,,,,,,,,,,,,,,,,,,,,,,,,0.0001,
0,7,166,0.09103000,0.09143,0.4394,1774137176000,0.09118000,142264.00000000,0.09117000,82575.00000000,0.09116000,38760.00000000,0.09115000,53187.00000000,0.09114000,27023.00000000,0.09113000,26529.00000000,0.09112000,49749.00000000,0.09111000,10038.00000000,0.09110000,65136.00000000,0.09109000,143.00000000,0.09119000,341.00000000,0.09120000,40504.00000000,0.09121000,965.00000000,0.09122000,10865.00000000,0.09123000,27852.00000000,0.09124000,45721.00000000,0.09125000,359240.00000000,0.09126000,73311.00000000,0.09127000,26512.00000000,0.09128000,37664.00000000,,,,,,,,,,,,,,,,,,,,,,,,,,,,,,,,,,,,,,,,,0.0001,
0,7,166,0.09100000,0.09144,0.4835,1774137177000,0.09116000,31347.00000000,0.09115000,17091.00000000,0.09114000,17918.00000000,0.09113000,43844.00000000,0.09112000,18686.00000000,0.09111000,80916.00000000,0.09110000,10585.00000000,0.09109000,26546.00000000,0.09108000,181.00000000,0.09107000,111931.00000000,0.09117000,58903.00000000,0.09118000,10865.00000000,0.09119000,119881.00000000,0.09120000,88708.00000000,0.09121000,51999.00000000,0.09122000,185018.00000000,0.09123000,126.00000000,0.09124000,44735.00000000,0.09125000,275485.00000000,0.09126000,54498.00000000,,,,,,,,,,,,,,,,,,,,,,,,,,,,,,,,,,,,,,,,,0.0001,
0,7,166,0.09098000,0.09151,0.5825,1774137178000,0.09116000,18706.00000000,0.09115000,18350.00000000,0.09114000,16629.00000000,0.09113000,38512.00000000,0.09112000,21920.00000000,0.09111000,44167.00000000,0.09110000,10038.00000000,0.09109000,26546.00000000,0.09108000,80040.00000000,0.09107000,48639.00000000,0.09117000,22007.00000000,0.09118000,200251.00000000,0.09119000,5838.00000000,0.09120000,10021.00000000,0.09121000,126939.00000000,0.09122000,12219.00000000,0.09123000,58538.00000000,0.09124000,150080.00000000,0.09125000,175473.00000000,0.09126000,86507.00000000,,,,,,,,,,,,,,,,,,,,,,,,,,,,,,,,,,,,,,,,,0.0001,
0,7,166,0.09095000,0.09153,0.6377,1774137179000,0.09113000,83972.00000000,0.09112000,26847.00000000,0.09111000,86497.00000000,0.09110000,97667.00000000,0.09109000,26546.00000000,0.09108000,28196.00000000,0.09107000,123383.00000000,0.09106000,33893.00000000,0.09105000,65416.00000000,0.09104000,228783.00000000,0.09114000,22273.00000000,0.09115000,30691.00000000,0.09116000,108059.00000000,0.09117000,10021.00000000,0.09118000,30652.00000000,0.09119000,206905.00000000,0.09120000,37383.00000000,0.09121000,26996.00000000,0.09122000,221818.00000000,0.09123000,344127.00000000,,,,,,,,,,,,,,,,,,,,,,,,,,,,,,,,,,,,,,,,,0.0001,
0,7,166,0.09109000,0.09159,0.5489,1774137180000,0.09117000,152889.00000000,0.09116000,133411.00000000,0.09115000,38908.00000000,0.09114000,62137.00000000,0.09113000,129669.00000000,0.09112000,34907.00000000,0.09111000,82702.00000000,0.09110000,111184.00000000,0.09109000,59084.00000000,0.09108000,42619.00000000,0.09118000,170.00000000,0.09119000,12620.00000000,0.09120000,10288.00000000,0.09121000,27008.00000000,0.09122000,179995.00000000,0.09123000,195603.00000000,0.09124000,151125.00000000,0.09125000,329041.00000000,0.09126000,245221.00000000,0.09127000,213834.00000000,,,,,,,,,,,,,,,,,,,,,,,,,,,,,,,,,,,,,,,,,0.0001,
0,7,166,0.09112000,0.0917,0.6365,1774137181000,0.09111000,37330.00000000,0.09110000,126.00000000,0.09109000,19217.00000000,0.09108000,10081.00000000,0.09107000,49168.00000000,0.09106000,72496.00000000,0.09105000,171895.00000000,0.09104000,52271.00000000,0.09103000,46069.00000000,0.09102000,92933.00000000,0.09112000,120766.00000000,0.09113000,112704.00000000,0.09114000,127428.00000000,0.09115000,198185.00000000,0.09116000,188893.00000000,0.09117000,110209.00000000,0.09118000,159522.00000000,0.09119000,137369.00000000,0.09120000,111017.00000000,0.09121000,26546.00000000,,,,,,,,,,,,,,,,,,,,,,,,,,,,,,,,,,,,,,,,,0.0001,
0,7,166,0.09117000,0.09172,0.6033,1774137182000,0.09098000,64942.00000000,0.09097000,127.00000000,0.09096000,182.00000000,0.09095000,19214.00000000,0.09094000,393.00000000,0.09093000,162147.00000000,0.09092000,18429.00000000,0.09091000,249.00000000,0.09090000,19543.00000000,0.09089000,41031.00000000,0.09099000,88821.00000000,0.09100000,2670.00000000,0.09101000,109.00000000,0.09102000,115181.00000000,0.09103000,121.00000000,0.09104000,17092.00000000,0.09105000,246035.00000000,0.09106000,114797.00000000,0.09107000,81567.00000000,0.09108000,76626.00000000,,,,,,,,,,,,,,,,,,,,,,,,,,,,,,,,,,,,,,,,,,
0,7,166,0.09122000,0.09181,0.6468,1774137183000,0.09102000,64161.00000000,0.09101000,8635.00000000,0.09100000,110420.00000000,0.09099000,117348.00000000,0.09098000,111146.00000000,0.09097000,21578.00000000,0.09096000,30458.00000000,0.09095000,78195.00000000,0.09094000,393.00000000,0.09093000,127128.00000000,0.09103000,81825.00000000,0.09104000,15764.00000000,0.09105000,35224.00000000,0.09106000,104863.00000000,0.09107000,44971.00000000,0.09108000,27051.00000000,0.09109000,19293.00000000,0.09110000,84567.00000000,0.09111000,20898.00000000,0.09112000,26584.00000000,,,,,,,,,,,,,,,,,,,,,,,,,,,,,,,,,,,,,,,,,0.0001,
0,7,166,0.09124000,0.09196,0.7891,1774137184000,0.09111000,61652.00000000,0.09110000,57656.00000000,0.09109000,48415.00000000,0.09108000,47997.00000000,0.09107000,104620.00000000,0.09106000,115546.00000000,0.09105000,240429.00000000,0.09104000,149031.00000000,0.09103000,135807.00000000,0.09102000,111835.00000000,0.09112000,93972.00000000,0.09113000,121.00000000,0.09114000,121.00000000,0.09115000,10021.00000000,0.09116000,84524.00000000,0.09117000,120971.00000000,0.09118000,42817.00000000,0.09119000,142808.00000000,0.09120000,70501.00000000,0.09121000,63490.00000000,,,,,,,,,,,,,,,,,,,,,,,,,,,,,,,,,,,,,,,,,,
0,7,166,0.09124000,0.09209,0.9316,1774137185000,0.09092000,22279.00000000,0.09091000,626.00000000,0.09090000,104599.00000000,0.09089000,156.00000000,0.09088000,153674.00000000,0.09087000,71281.00000000,0.09086000,136463.00000000,0.09085000,112074.00000000,0.09084000,33974.00000000,0.09083000,70627.00000000,0.09093000,63288.00000000,0.09094000,10021.00000000,0.09095000,20841.00000000,0.09096000,61684.00000000,0.09097000,28013.00000000,0.09098000,88072.00000000,0.09099000,29398.00000000,0.09100000,138087.00000000,0.09101000,137066.00000000,0.09102000,90107.00000000,,,,,,,,,,,,,,,,,,,,,,,,,,,,,,,,,,,,,,,,,0.0001,
0,7,166,0.09122000,0.09208,0.9428,1774137186000,0.09098000,110997.00000000,0.09097000,108284.00000000,0.09096000,32770.00000000,0.09095000,61030.00000000,0.09094000,86274.00000000,0.09093000,61718.00000000,0.09092000,152192.00000000,0.09091000,123377.00000000,0.09090000,182770.00000000,0.09089000,32338.00000000,0.09099000,13091.00000000,0.09100000,239.00000000,0.09101000,148.00000000,0.09102000,4148.00000000,0.09103000,50219.00000000,0.09104000,33599.00000000,0.09105000,81181.00000000,0.09106000,106888.00000000,0.09107000,34051.00000000,0.09108000,58813.00000000,,,,,,,,,,,,,,,,,,,,,,,,,,,,,,,,,,,,,,,,,0.0001,
0,7,166,0.09123000,0.09193,0.7673,1774137187000,0.09103000,102173.00000000,0.09102000,81892.00000000,0.09101000,22755.00000000,0.09100000,73861.00000000,0.09099000,26904.00000000,0.09098000,77223.00000000,0.09097000,35349.00000000,0.09096000,211056.00000000,0.09095000,33738.00000000,0.09094000,48839.00000000,0.09104000,1812.00000000,0.09105000,17935.00000000,0.09106000,49674.00000000,0.09107000,17102.00000000,0.09108000,181592.00000000,0.09109000,143913.00000000,0.09110000,71201.00000000,0.09111000,59311.00000000,0.09112000,71342.00000000,0.09113000,107101.00000000,,,,,,,,,,,,,,,,,,,,,,,,,,,,,,,,,,,,,,,,,0.0001,
0,7,166,0.09117000,0.09202,0.9323,1774137189000,0.09123000,58511.00000000,0.09122000,12142.00000000,0.09121000,76253.00000000,0.09120000,5138.00000000,0.09119000,127195.00000000,0.09118000,61099.00000000,0.09117000,74815.00000000,0.09116000,60926.00000000,0.09115000,45639.00000000,0.09114000,107023.00000000,0.09124000,170305.00000000,0.09125000,163.00000000,0.09126000,93717.00000000,0.09127000,10051.00000000,0.09128000,66070.00000000,0.09129000,236426.00000000,0.09130000,142609.00000000,0.09131000,283114.00000000,0.09132000,92260.00000000,0.09133000,196412.00000000,,,,,,,,,,,,,,,,,,,,,,,,,,,,,,,,,,,,,,,,,0.0001,
0,7,166,0.09117000,0.09209,1.0091,1774137192577,0.09118000,124704.00000000,0.09117000,88480.00000000,0.09116000,85190.00000000,0.09115000,115584.00000000,0.09114000,107035.00000000,0.09113000,16629.00000000,0.09112000,72264.00000000,0.09111000,97109.00000000,0.09110000,84667.00000000,0.09109000,86148.00000000,0.09119000,20963.00000000,0.09120000,17108.00000000,0.09121000,61414.00000000,0.09122000,28279.00000000,0.09123000,192394.00000000,0.09124000,70797.00000000,0.09125000,131770.00000000,0.09126000,48842.00000000,0.09127000,33490.00000000,0.09128000,66668.00000000,,,,,,,,,,,,,,,,,,,,,,,,,,,,,,,,,,,,,,,,,0.0001,
0,7,166,0.09117000,0.09212,1.042,1774137192877,0.09125000,20901.00000000,0.09124000,861.00000000,0.09123000,33745.00000000,0.09122000,71697.00000000,0.09121000,79772.00000000,0.09120000,156175.00000000,0.09119000,143635.00000000,0.09118000,91127.00000000,0.09117000,127204.00000000,0.09116000,86988.00000000,0.09126000,96251.00000000,0.09127000,17091.00000000,0.09128000,24200.00000000,0.09129000,110458.00000000,0.09130000,113791.00000000,0.09131000,141546.00000000,0.09132000,42791.00000000,0.09133000,196412.00000000,0.09134000,152841.00000000,0.09135000,344836.00000000,,,,,,,,,,,,,,,,,,,,,,,,,,,,,,,,,,,,,,,,,0.0001,
0,7,166,0.09117000,0.09218,1.1078,1774137193178,0.09128000,63010.00000000,0.09127000,52094.00000000,0.09126000,54153.00000000,0.09125000,101376.00000000,0.09124000,22959.00000000,0.09123000,31174.00000000,0.09122000,107817.00000000,0.09121000,111128.00000000,0.09120000,190184.00000000,0.09119000,174991.00000000,0.09129000,110379.00000000,0.09130000,223.00000000,0.09131000,97020.00000000,0.09132000,11813.00000000,0.09133000,42856.00000000,0.09134000,311500.00000000,0.09135000,404257.00000000,0.09136000,82233.00000000,0.09137000,316933.00000000,0.09138000,185947.00000000,,,,,,,,,,,,,,,,,,,,,,,,,,,,,,,,,,,,,,,,,0.0001,
0,7,166,0.09117000,0.0922,1.1298,1774137193478,0.09127000,50763.00000000,0.09126000,25177.00000000,0.09125000,96005.00000000,0.09124000,61589.00000000,0.09123000,31186.00000000,0.09122000,151912.00000000,0.09121000,148993.00000000,0.09120000,192357.00000000,0.09119000,31499.00000000,0.09118000,73002.00000000,0.09128000,39998.00000000,0.09129000,131676.00000000,0.09130000,118910.00000000,0.09131000,95593.00000000,0.09132000,365.00000000,0.09133000,10306.00000000,0.09134000,314470.00000000,0.09135000,45495.00000000,0.09136000,43618.00000000,0.09137000,306074.00000000,,,,,,,,,,,,,,,,,,,,,,,,,,,,,,,,,,,,,,,,,0.0001,
0,7,166,0.09117000,0.0922,1.1298,1774137193780,0.09130000,48.00000000,0.09129000,39917.00000000,0.09128000,35632.00000000,0.09127000,44906.00000000,0.09126000,54147.00000000,0.09125000,116567.00000000,0.09124000,61577.00000000,0.09123000,91678.00000000,0.09122000,202694.00000000,0.09121000,170125.00000000,0.09131000,186800.00000000,0.09132000,333.00000000,0.09133000,10318.00000000,0.09134000,123285.00000000,0.09135000,57507.00000000,0.09136000,168388.00000000,0.09137000,360147.00000000,0.09138000,181149.00000000,0.09139000,299313.00000000,0.09140000,288082.00000000,,,,,,,,,,,,,,,,,,,,,,,,,,,,,,,,,,,,,,,,,0.0001,
0,7,166,0.09224000,0.09217,-0.0759,1774137194081,0.09127000,89246.00000000,0.09126000,152846.00000000,0.09125000,111284.00000000,0.09124000,71589.00000000,0.09123000,64116.00000000,0.09122000,106357.00000000,0.09121000,142714.00000000,0.09120000,147121.00000000,0.09119000,31499.00000000,0.09118000,82520.00000000,0.09128000,1255.00000000,0.09129000,49106.00000000,0.09130000,116210.00000000,0.09131000,153205.00000000,0.09132000,350.00000000,0.09133000,10306.00000000,0.09134000,135273.00000000,0.09135000,45495.00000000,0.09136000,77025.00000000,0.09137000,484386.00000000,,,,,,,,,,,,,,,,,,,,,,,,,,,,,,,,,,,,,,,,,0.0001,
0,7,166,0.09228000,0.09214,-0.1517,1774137194381,0.09128000,21067.00000000,0.09127000,48080.00000000,0.09126000,82097.00000000,0.09125000,93368.00000000,0.09124000,143568.00000000,0.09123000,85293.00000000,0.09122000,106357.00000000,0.09121000,90534.00000000,0.09120000,91175.00000000,0.09119000,52686.00000000,0.09129000,152826.00000000,0.09130000,126452.00000000,0.09131000,116050.00000000,0.09132000,117575.00000000,0.09133000,22318.00000000,0.09134000,5715.00000000,0.09135000,15147.00000000,0.09136000,178743.00000000,0.09137000,484386.00000000,0.09138000,181149.00000000,,,,,,,,,,,,,,,,,,,,,,,,,,,,,,,,,,,,,,,,,0.0001,
0,7,166,0.09228000,0.09213,-0.1625,1774137194682,0.09131000,65454.00000000,0.09130000,71925.00000000,0.09129000,142177.00000000,0.09128000,65848.00000000,0.09127000,43271.00000000,0.09126000,82097.00000000,0.09125000,104548.00000000,0.09124000,162728.00000000,0.09123000,106866.00000000,0.09122000,155168.00000000,0.09132000,44465.00000000,0.09133000,430.00000000,0.09134000,3537.00000000,0.09135000,12969.00000000,0.09136000,43205.00000000,0.09137000,498576.00000000,0.09138000,181149.00000000,0.09139000,287088.00000000,0.09140000,288095.00000000,0.09141000,412970.00000000,,,,,,,,,,,,,,,,,,,,,,,,,,,,,,,,,,,,,,,,,0.0001,
0,7,166,0.09228000,0.0921,-0.1951,1774137194983,0.09135000,1710.00000000,0.09134000,22193.00000000,0.09133000,22157.00000000,0.09132000,81035.00000000,0.09131000,82221.00000000,0.09130000,34326.00000000,0.09129000,190785.00000000,0.09128000,95525.00000000,0.09127000,74386.00000000,0.09126000,104697.00000000,0.09136000,86132.00000000,0.09137000,244.00000000,0.09138000,747.00000000,0.09139000,10115.00000000,0.09140000,255668.00000000,0.09141000,484954.00000000,0.09142000,102571.00000000,0.09143000,185716.00000000,0.09144000,189138.00000000,0.09145000,264537.00000000,,,,,,,,,,,,,,,,,,,,,,,,,,,,,,,,,,,,,,,,,0.0001,
0,7,166,0.09224000,0.0921,-0.1518,1774137195284,0.09135000,88156.00000000,0.09134000,22193.00000000,0.09133000,39713.00000000,0.09132000,152995.00000000,0.09131000,118496.00000000,0.09130000,34326.00000000,0.09129000,190785.00000000,0.09128000,95525.00000000,0.09127000,79857.00000000,0.09126000,104697.00000000,0.09136000,68403.00000000,0.09137000,227.00000000,0.09138000,747.00000000,0.09139000,47575.00000000,0.09140000,233780.00000000,0.09141000,496954.00000000,0.09142000,102571.00000000,0.09143000,185716.00000000,0.09144000,189138.00000000,0.09145000,264537.00000000,,,,,,,,,,,,,,,,,,,,,,,,,,,,,,,,,,,,,,,,,0.0001,
0,7,166,0.09219000,0.09216,-0.0325,1774137195585,0.09135000,64341.00000000,0.09134000,22227.00000000,0.09133000,39713.00000000,0.09132000,172431.00000000,0.09131000,118509.00000000,0.09130000,34326.00000000,0.09129000,190785.00000000,0.09128000,95525.00000000,0.09127000,79857.00000000,0.09126000,134148.00000000,0.09136000,58406.00000000,0.09137000,227.00000000,0.09138000,747.00000000,0.09139000,37675.00000000,0.09140000,233780.00000000,0.09141000,496954.00000000,0.09142000,102571.00000000,0.09143000,185716.00000000,0.09144000,189138.00000000,0.09145000,264537.00000000,,,,,,,,,,,,,,,,,,,,,,,,,,,,,,,,,,,,,,,,,0.0001,
0,7,166,0.09218000,0.09214,-0.0434,1774137195886,0.09135000,68631.00000000,0.09134000,56654.00000000,0.09133000,67168.00000000,0.09132000,172431.00000000,0.09131000,117988.00000000,0.09130000,36068.00000000,0.09129000,188595.00000000,0.09128000,95525.00000000,0.09127000,79857.00000000,0.09126000,134148.00000000,0.09136000,70246.00000000,0.09137000,10127.00000000,0.09138000,759.00000000,0.09139000,37675.00000000,0.09140000,233780.00000000,0.09141000,499143.00000000,0.09142000,102571.00000000,0.09143000,192923.00000000,0.09144000,189138.00000000,0.09145000,264537.00000000,,,,,,,,,,,,,,,,,,,,,,,,,,,,,,,,,,,,,,,,,0.0001,
0,7,166,0.09220000,0.09212,-0.0868,1774137196187,0.09134000,17537.00000000,0.09133000,22169.00000000,0.09132000,100398.00000000,0.09131000,83549.00000000,0.09130000,115821.00000000,0.09129000,163733.00000000,0.09128000,167484.00000000,0.09127000,74386.00000000,0.09126000,105286.00000000,0.09125000,194637.00000000,0.09135000,128912.00000000,0.09136000,130104.00000000,0.09137000,160783.00000000,0.09138000,10659.00000000,0.09139000,49675.00000000,0.09140000,127778.00000000,0.09141000,487043.00000000,0.09142000,102571.00000000,0.09143000,230716.00000000,0.09144000,189138.00000000,,,,,,,,,,,,,,,,,,,,,,,,,,,,,,,,,,,,,,,,,0.0001,
0,7,166,0.09214000,0.09213,-0.0109,1774137196487,0.09131000,70745.00000000,0.09130000,51355.00000000,0.09129000,132606.00000000,0.09128000,136365.00000000,0.09127000,74386.00000000,0.09126000,105286.00000000,0.09125000,194531.00000000,0.09124000,147353.00000000,0.09123000,53358.00000000,0.09122000,97238.00000000,0.09132000,66737.00000000,0.09133000,95718.00000000,0.09134000,137980.00000000,0.09135000,92464.00000000,0.09136000,83766.00000000,0.09137000,106619.00000000,0.09138000,12836.00000000,0.09139000,37663.00000000,0.09140000,303858.00000000,0.09141000,487043.00000000,,,,,,,,,,,,,,,,,,,,,,,,,,,,,,,,,,,,,,,,,0.0001,
0,7,166,0.09214000,0.09213,-0.0109,1774137196788,0.09138000,18091.00000000,0.09137000,54989.00000000,0.09136000,101497.00000000,0.09135000,66785.00000000,0.09134000,52418.00000000,0.09133000,73796.00000000,0.09132000,151903.00000000,0.09131000,128004.00000000,0.09130000,36079.00000000,0.09129000,163615.00000000,0.09139000,85934.00000000,0.09140000,79444.00000000,0.09141000,197.00000000,0.09142000,10106.00000000,0.09143000,233720.00000000,0.09144000,335451.00000000,0.09145000,217519.00000000,0.09146000,174106.00000000,0.09147000,111375.00000000,0.09148000,136686.00000000,,,,,,,,,,,,,,,,,,,,,,,,,,,,,,,,,,,,,,,,,0.0001,
0,7,166,0.09216000,0.09216,0.0,1774137197089,0.09138000,20052.00000000,0.09137000,22191.00000000,0.09136000,89887.00000000,0.09135000,66785.00000000,0.09134000,52418.00000000,0.09133000,152479.00000000,0.09132000,151903.00000000,0.09131000,112883.00000000,0.09130000,67075.00000000,0.09129000,163615.00000000,0.09139000,173309.00000000,0.09140000,79444.00000000,0.09141000,197.00000000,0.09142000,10106.00000000,0.09143000,237720.00000000,0.09144000,327234.00000000,0.09145000,217519.00000000,0.09146000,174106.00000000,0.09147000,111375.00000000,0.09148000,136698.00000000,,,,,,,,,,,,,,,,,,,,,,,,,,,,,,,,,,,,,,,,,0.0001,
0,7,166,0.09218000,0.09217,-0.0108,1774137197390,0.09136000,45907.00000000,0.09135000,24058.00000000,0.09134000,38318.00000000,0.09133000,58554.00000000,0.09132000,80522.00000000,0.09131000,144070.00000000,0.09130000,125854.00000000,0.09129000,146158.00000000,0.09128000,117122.00000000,0.09127000,65699.00000000,0.09137000,64114.00000000,0.09138000,12887.00000000,0.09139000,191125.00000000,0.09140000,62637.00000000,0.09141000,46988.00000000,0.09142000,101477.00000000,0.09143000,250644.00000000,0.09144000,250268.00000000,0.09145000,239270.00000000,0.09146000,176370.00000000,,,,,,,,,,,,,,,,,,,,,,,,,,,,,,,,,,,,,,,,,0.0001,
0,7,166,0.09220000,0.09214,-0.0651,1774137197691,0.09136000,45907.00000000,0.09135000,24058.00000000,0.09134000,38318.00000000,0.09133000,58554.00000000,0.09132000,80522.00000000,0.09131000,144070.00000000,0.09130000,125854.00000000,0.09129000,146158.00000000,0.09128000,117122.00000000,0.09127000,65699.00000000,0.09137000,64114.00000000,0.09138000,12887.00000000,0.09139000,191125.00000000,0.09140000,62637.00000000,0.09141000,46988.00000000,0.09142000,101477.00000000,0.09143000,250644.00000000,0.09144000,250268.00000000,0.09145000,239270.00000000,0.09146000,176370.00000000,,,,,,,,,,,,,,,,,,,,,,,,,,,,,,,,,,,,,,,,,0.0001,
0,7,166,0.09219000,0.09215,-0.0434,1774137197992,0.09136000,45907.00000000,0.09135000,24058.00000000,0.09134000,38318.00000000,0.09133000,58554.00000000,0.09132000,80522.00000000,0.09131000,144070.00000000,0.09130000,125854.00000000,0.09129000,146158.00000000,0.09128000,117122.00000000,0.09127000,65699.00000000,0.09137000,64114.00000000,0.09138000,12887.00000000,0.09139000,191125.00000000,0.09140000,62637.00000000,0.09141000,46988.00000000,0.09142000,101477.00000000,0.09143000,250644.00000000,0.09144000,250268.00000000,0.09145000,239270.00000000,0.09146000,176370.00000000,,,,,,,,,,,,,,,,,,,,,,,,,,,,,,,,,,,,,,,,,0.0001,
0,7,166,0.09217000,0.09215,-0.0217,1774137198292,0.09136000,45907.00000000,0.09135000,24058.00000000,0.09134000,38318.00000000,0.09133000,58554.00000000,0.09132000,80522.00000000,0.09131000,144070.00000000,0.09130000,125854.00000000,0.09129000,146158.00000000,0.09128000,117122.00000000,0.09127000,65699.00000000,0.09137000,64114.00000000,0.09138000,12887.00000000,0.09139000,191125.00000000,0.09140000,62637.00000000,0.09141000,46988.00000000,0.09142000,101477.00000000,0.09143000,250644.00000000,0.09144000,250268.00000000,0.09145000,239270.00000000,0.09146000,176370.00000000,,,,,,,,,,,,,,,,,,,,,,,,,,,,,,,,,,,,,,,,,0.0001,
0,7,166,0.09220000,0.0921,-0.1085,1774137198593,0.09136000,45907.00000000,0.09135000,24058.00000000,0.09134000,38318.00000000,0.09133000,58554.00000000,0.09132000,80522.00000000,0.09131000,144070.00000000,0.09130000,125854.00000000,0.09129000,146158.00000000,0.09128000,117122.00000000,0.09127000,65699.00000000,0.09137000,64114.00000000,0.09138000,12887.00000000,0.09139000,191125.00000000,0.09140000,62637.00000000,0.09141000,46988.00000000,0.09142000,101477.00000000,0.09143000,250644.00000000,0.09144000,250268.00000000,0.09145000,239270.00000000,0.09146000,176370.00000000,,,,,,,,,,,,,,,,,,,,,,,,,,,,,,,,,,,,,,,,,0.0001,
0,7,166,0.09219000,0.09204,-0.1627,1774137198894,0.09136000,45907.00000000,0.09135000,24058.00000000,0.09134000,38318.00000000,0.09133000,58554.00000000,0.09132000,80522.00000000,0.09131000,144070.00000000,0.09130000,125854.00000000,0.09129000,146158.00000000,0.09128000,117122.00000000,0.09127000,65699.00000000,0.09137000,64114.00000000,0.09138000,12887.00000000,0.09139000,191125.00000000,0.09140000,62637.00000000,0.09141000,46988.00000000,0.09142000,101477.00000000,0.09143000,250644.00000000,0.09144000,250268.00000000,0.09145000,239270.00000000,0.09146000,176370.00000000,,,,,,,,,,,,,,,,,,,,,,,,,,,,,,,,,,,,,,,,,0.0001,
0,7,166,0.09224000,0.0921,-0.1518,1774137199195,0.09136000,45907.00000000,0.09135000,24058.00000000,0.09134000,38318.00000000,0.09133000,58554.00000000,0.09132000,80522.00000000,0.09131000,144070.00000000,0.09130000,125854.00000000,0.09129000,146158.00000000,0.09128000,117122.00000000,0.09127000,65699.00000000,0.09137000,64114.00000000,0.09138000,12887.00000000,0.09139000,191125.00000000,0.09140000,62637.00000000,0.09141000,46988.00000000,0.09142000,101477.00000000,0.09143000,250644.00000000,0.09144000,250268.00000000,0.09145000,239270.00000000,0.09146000,176370.00000000,,,,,,,,,,,,,,,,,,,,,,,,,,,,,,,,,,,,,,,,,0.0001,
0,7,166,0.09225000,0.09212,-0.1409,1774137199495,0.09136000,45907.00000000,0.09135000,24058.00000000,0.09134000,38318.00000000,0.09133000,58554.00000000,0.09132000,80522.00000000,0.09131000,144070.00000000,0.09130000,125854.00000000,0.09129000,146158.00000000,0.09128000,117122.00000000,0.09127000,65699.00000000,0.09137000,64114.00000000,0.09138000,12887.00000000,0.09139000,191125.00000000,0.09140000,62637.00000000,0.09141000,46988.00000000,0.09142000,101477.00000000,0.09143000,250644.00000000,0.09144000,250268.00000000,0.09145000,239270.00000000,0.09146000,176370.00000000,,,,,,,,,,,,,,,,,,,,,,,,,,,,,,,,,,,,,,,,,0.0001,
0,7,166,0.09222000,0.0921,-0.1301,1774137199796,0.09136000,45907.00000000,0.09135000,24058.00000000,0.09134000,38318.00000000,0.09133000,58554.00000000,0.09132000,80522.00000000,0.09131000,144070.00000000,0.09130000,125854.00000000,0.09129000,146158.00000000,0.09128000,117122.00000000,0.09127000,65699.00000000,0.09137000,64114.00000000,0.09138000,12887.00000000,0.09139000,191125.00000000,0.09140000,62637.00000000,0.09141000,46988.00000000,0.09142000,101477.00000000,0.09143000,250644.00000000,0.09144000,250268.00000000,0.09145000,239270.00000000,0.09146000,176370.00000000,,,,,,,,,,,,,,,,,,,,,,,,,,,,,,,,,,,,,,,,,0.0001,
0,7,166,0.09223000,0.09208,-0.1626,1774137200097,0.09136000,45907.00000000,0.09135000,24058.00000000,0.09134000,38318.00000000,0.09133000,58554.00000000,0.09132000,80522.00000000,0.09131000,144070.00000000,0.09130000,125854.00000000,0.09129000,146158.00000000,0.09128000,117122.00000000,0.09127000,65699.00000000,0.09137000,64114.00000000,0.09138000,12887.00000000,0.09139000,191125.00000000,0.09140000,62637.00000000,0.09141000,46988.00000000,0.09142000,101477.00000000,0.09143000,250644.00000000,0.09144000,250268.00000000,0.09145000,239270.00000000,0.09146000,176370.00000000,,,,,,,,,,,,,,,,,,,,,,,,,,,,,,,,,,,,,,,,,0.0001,
0,7,166,0.09218000,0.09208,-0.1085,1774137200397,0.09136000,45907.00000000,0.09135000,24058.00000000,0.09134000,38318.00000000,0.09133000,58554.00000000,0.09132000,80522.00000000,0.09131000,144070.00000000,0.09130000,125854.00000000,0.09129000,146158.00000000,0.09128000,117122.00000000,0.09127000,65699.00000000,0.09137000,64114.00000000,0.09138000,12887.00000000,0.09139000,191125.00000000,0.09140000,62637.00000000,0.09141000,46988.00000000,0.09142000,101477.00000000,0.09143000,250644.00000000,0.09144000,250268.00000000,0.09145000,239270.00000000,0.09146000,176370.00000000,,,,,,,,,,,,,,,,,,,,,,,,,,,,,,,,,,,,,,,,,0.0001,
0,7,166,0.09212000,0.09209,-0.0326,1774137200697,0.09136000,45907.00000000,0.09135000,24058.00000000,0.09134000,38318.00000000,0.09133000,58554.00000000,0.09132000,80522.00000000,0.09131000,144070.00000000,0.09130000,125854.00000000,0.09129000,146158.00000000,0.09128000,117122.00000000,0.09127000,65699.00000000,0.09137000,64114.00000000,0.09138000,12887.00000000,0.09139000,191125.00000000,0.09140000,62637.00000000,0.09141000,46988.00000000,0.09142000,101477.00000000,0.09143000,250644.00000000,0.09144000,250268.00000000,0.09145000,239270.00000000,0.09146000,176370.00000000,,,,,,,,,,,,,,,,,,,,,,,,,,,,,,,,,,,,,,,,,0.0001,
0,7,166,0.09213000,0.09208,-0.0543,1774137200999,0.09136000,45907.00000000,0.09135000,24058.00000000,0.09134000,38318.00000000,0.09133000,58554.00000000,0.09132000,80522.00000000,0.09131000,144070.00000000,0.09130000,125854.00000000,0.09129000,146158.00000000,0.09128000,117122.00000000,0.09127000,65699.00000000,0.09137000,64114.00000000,0.09138000,12887.00000000,0.09139000,191125.00000000,0.09140000,62637.00000000,0.09141000,46988.00000000,0.09142000,101477.00000000,0.09143000,250644.00000000,0.09144000,250268.00000000,0.09145000,239270.00000000,0.09146000,176370.00000000,,,,,,,,,,,,,,,,,,,,,,,,,,,,,,,,,,,,,,,,,0.0001,
0,7,166,0.09218000,0.09208,-0.1085,1774137201299,0.09136000,45907.00000000,0.09135000,24058.00000000,0.09134000,38318.00000000,0.09133000,58554.00000000,0.09132000,80522.00000000,0.09131000,144070.00000000,0.09130000,125854.00000000,0.09129000,146158.00000000,0.09128000,117122.00000000,0.09127000,65699.00000000,0.09137000,64114.00000000,0.09138000,12887.00000000,0.09139000,191125.00000000,0.09140000,62637.00000000,0.09141000,46988.00000000,0.09142000,101477.00000000,0.09143000,250644.00000000,0.09144000,250268.00000000,0.09145000,239270.00000000,0.09146000,176370.00000000,,,,,,,,,,,,,,,,,,,,,,,,,,,,,,,,,,,,,,,,,0.0001,
0,7,166,0.09216000,0.09208,-0.0868,1774137201600,0.09136000,45907.00000000,0.09135000,24058.00000000,0.09134000,38318.00000000,0.09133000,58554.00000000,0.09132000,80522.00000000,0.09131000,144070.00000000,0.09130000,125854.00000000,0.09129000,146158.00000000,0.09128000,117122.00000000,0.09127000,65699.00000000,0.09137000,64114.00000000,0.09138000,12887.00000000,0.09139000,191125.00000000,0.09140000,62637.00000000,0.09141000,46988.00000000,0.09142000,101477.00000000,0.09143000,250644.00000000,0.09144000,250268.00000000,0.09145000,239270.00000000,0.09146000,176370.00000000,,,,,,,,,,,,,,,,,,,,,,,,,,,,,,,,,,,,,,,,,0.0001,
0,7,166,0.09215000,0.0921,-0.0543,1774137201900,0.09136000,45907.00000000,0.09135000,24058.00000000,0.09134000,38318.00000000,0.09133000,58554.00000000,0.09132000,80522.00000000,0.09131000,144070.00000000,0.09130000,125854.00000000,0.09129000,146158.00000000,0.09128000,117122.00000000,0.09127000,65699.00000000,0.09137000,64114.00000000,0.09138000,12887.00000000,0.09139000,191125.00000000,0.09140000,62637.00000000,0.09141000,46988.00000000,0.09142000,101477.00000000,0.09143000,250644.00000000,0.09144000,250268.00000000,0.09145000,239270.00000000,0.09146000,176370.00000000,,,,,,,,,,,,,,,,,,,,,,,,,,,,,,,,,,,,,,,,,0.0001,
0,7,166,0.09217000,0.09211,-0.0651,1774137202201,0.09136000,45907.00000000,0.09135000,24058.00000000,0.09134000,38318.00000000,0.09133000,58554.00000000,0.09132000,80522.00000000,0.09131000,144070.00000000,0.09130000,125854.00000000,0.09129000,146158.00000000,0.09128000,117122.00000000,0.09127000,65699.00000000,0.09137000,64114.00000000,0.09138000,12887.00000000,0.09139000,191125.00000000,0.09140000,62637.00000000,0.09141000,46988.00000000,0.09142000,101477.00000000,0.09143000,250644.00000000,0.09144000,250268.00000000,0.09145000,239270.00000000,0.09146000,176370.00000000,,,,,,,,,,,,,,,,,,,,,,,,,,,,,,,,,,,,,,,,,0.0001,
0,7,166,0.09217000,0.09211,-0.0651,1774137202502,0.09136000,45907.00000000,0.09135000,24058.00000000,0.09134000,38318.00000000,0.09133000,58554.00000000,0.09132000,80522.00000000,0.09131000,144070.00000000,0.09130000,125854.00000000,0.09129000,146158.00000000,0.09128000,117122.00000000,0.09127000,65699.00000000,0.09137000,64114.00000000,0.09138000,12887.00000000,0.09139000,191125.00000000,0.09140000,62637.00000000,0.09141000,46988.00000000,0.09142000,101477.00000000,0.09143000,250644.00000000,0.09144000,250268.00000000,0.09145000,239270.00000000,0.09146000,176370.00000000,,,,,,,,,,,,,,,,,,,,,,,,,,,,,,,,,,,,,,,,,0.0001,
0,7,166,0.09214000,0.09206,-0.0868,1774137202803,0.09136000,45907.00000000,0.09135000,24058.00000000,0.09134000,38318.00000000,0.09133000,58554.00000000,0.09132000,80522.00000000,0.09131000,144070.00000000,0.09130000,125854.00000000,0.09129000,146158.00000000,0.09128000,117122.00000000,0.09127000,65699.00000000,0.09137000,64114.00000000,0.09138000,12887.00000000,0.09139000,191125.00000000,0.09140000,62637.00000000,0.09141000,46988.00000000,0.09142000,101477.00000000,0.09143000,250644.00000000,0.09144000,250268.00000000,0.09145000,239270.00000000,0.09146000,176370.00000000,,,,,,,,,,,,,,,,,,,,,,,,,,,,,,,,,,,,,,,,,0.0001,
0,7,166,0.09211000,0.09205,-0.0651,1774137203103,0.09136000,45907.00000000,0.09135000,24058.00000000,0.09134000,38318.00000000,0.09133000,58554.00000000,0.09132000,80522.00000000,0.09131000,144070.00000000,0.09130000,125854.00000000,0.09129000,146158.00000000,0.09128000,117122.00000000,0.09127000,65699.00000000,0.09137000,64114.00000000,0.09138000,12887.00000000,0.09139000,191125.00000000,0.09140000,62637.00000000,0.09141000,46988.00000000,0.09142000,101477.00000000,0.09143000,250644.00000000,0.09144000,250268.00000000,0.09145000,239270.00000000,0.09146000,176370.00000000,,,,,,,,,,,,,,,,,,,,,,,,,,,,,,,,,,,,,,,,,0.0001,
0,7,166,0.09209000,0.09203,-0.0652,1774137203404,0.09136000,45907.00000000,0.09135000,24058.00000000,0.09134000,38318.00000000,0.09133000,58554.00000000,0.09132000,80522.00000000,0.09131000,144070.00000000,0.09130000,125854.00000000,0.09129000,146158.00000000,0.09128000,117122.00000000,0.09127000,65699.00000000,0.09137000,64114.00000000,0.09138000,12887.00000000,0.09139000,191125.00000000,0.09140000,62637.00000000,0.09141000,46988.00000000,0.09142000,101477.00000000,0.09143000,250644.00000000,0.09144000,250268.00000000,0.09145000,239270.00000000,0.09146000,176370.00000000,,,,,,,,,,,,,,,,,,,,,,,,,,,,,,,,,,,,,,,,,0.0001,
0,7,166,0.09205000,0.09199,-0.0652,1774137203705,0.09136000,45907.00000000,0.09135000,24058.00000000,0.09134000,38318.00000000,0.09133000,58554.00000000,0.09132000,80522.00000000,0.09131000,144070.00000000,0.09130000,125854.00000000,0.09129000,146158.00000000,0.09128000,117122.00000000,0.09127000,65699.00000000,0.09137000,64114.00000000,0.09138000,12887.00000000,0.09139000,191125.00000000,0.09140000,62637.00000000,0.09141000,46988.00000000,0.09142000,101477.00000000,0.09143000,250644.00000000,0.09144000,250268.00000000,0.09145000,239270.00000000,0.09146000,176370.00000000,,,,,,,,,,,,,,,,,,,,,,,,,,,,,,,,,,,,,,,,,0.0001,
0,7,166,0.09205000,0.09199,-0.0652,1774137204005,0.09136000,45907.00000000,0.09135000,24058.00000000,0.09134000,38318.00000000,0.09133000,58554.00000000,0.09132000,80522.00000000,0.09131000,144070.00000000,0.09130000,125854.00000000,0.09129000,146158.00000000,0.09128000,117122.00000000,0.09127000,65699.00000000,0.09137000,64114.00000000,0.09138000,12887.00000000,0.09139000,191125.00000000,0.09140000,62637.00000000,0.09141000,46988.00000000,0.09142000,101477.00000000,0.09143000,250644.00000000,0.09144000,250268.00000000,0.09145000,239270.00000000,0.09146000,176370.00000000,,,,,,,,,,,,,,,,,,,,,,,,,,,,,,,,,,,,,,,,,0.0001,
0,7,166,0.09205000,0.09199,-0.0652,1774137204306,0.09136000,45907.00000000,0.09135000,24058.00000000,0.09134000,38318.00000000,0.09133000,58554.00000000,0.09132000,80522.00000000,0.09131000,144070.00000000,0.09130000,125854.00000000,0.09129000,146158.00000000,0.09128000,117122.00000000,0.09127000,65699.00000000,0.09137000,64114.00000000,0.09138000,12887.00000000,0.09139000,191125.00000000,0.09140000,62637.00000000,0.09141000,46988.00000000,0.09142000,101477.00000000,0.09143000,250644.00000000,0.09144000,250268.00000000,0.09145000,239270.00000000,0.09146000,176370.00000000,,,,,,,,,,,,,,,,,,,,,,,,,,,,,,,,,,,,,,,,,0.0001,
0,7,166,0.09204000,0.092,-0.0435,1774137204607,0.09136000,45907.00000000,0.09135000,24058.00000000,0.09134000,38318.00000000,0.09133000,58554.00000000,0.09132000,80522.00000000,0.09131000,144070.00000000,0.09130000,125854.00000000,0.09129000,146158.00000000,0.09128000,117122.00000000,0.09127000,65699.00000000,0.09137000,64114.00000000,0.09138000,12887.00000000,0.09139000,191125.00000000,0.09140000,62637.00000000,0.09141000,46988.00000000,0.09142000,101477.00000000,0.09143000,250644.00000000,0.09144000,250268.00000000,0.09145000,239270.00000000,0.09146000,176370.00000000,,,,,,,,,,,,,,,,,,,,,,,,,,,,,,,,,,,,,,,,,0.0001,
0,7,166,0.09203000,0.09197,-0.0652,1774137204908,0.09136000,45907.00000000,0.09135000,24058.00000000,0.09134000,38318.00000000,0.09133000,58554.00000000,0.09132000,80522.00000000,0.09131000,144070.00000000,0.09130000,125854.00000000,0.09129000,146158.00000000,0.09128000,117122.00000000,0.09127000,65699.00000000,0.09137000,64114.00000000,0.09138000,12887.00000000,0.09139000,191125.00000000,0.09140000,62637.00000000,0.09141000,46988.00000000,0.09142000,101477.00000000,0.09143000,250644.00000000,0.09144000,250268.00000000,0.09145000,239270.00000000,0.09146000,176370.00000000,,,,,,,,,,,,,,,,,,,,,,,,,,,,,,,,,,,,,,,,,0.0001,
0,7,166,0.09203000,0.09197,-0.0652,1774137205208,0.09136000,45907.00000000,0.09135000,24058.00000000,0.09134000,38318.00000000,0.09133000,58554.00000000,0.09132000,80522.00000000,0.09131000,144070.00000000,0.09130000,125854.00000000,0.09129000,146158.00000000,0.09128000,117122.00000000,0.09127000,65699.00000000,0.09137000,64114.00000000,0.09138000,12887.00000000,0.09139000,191125.00000000,0.09140000,62637.00000000,0.09141000,46988.00000000,0.09142000,101477.00000000,0.09143000,250644.00000000,0.09144000,250268.00000000,0.09145000,239270.00000000,0.09146000,176370.00000000,,,,,,,,,,,,,,,,,,,,,,,,,,,,,,,,,,,,,,,,,0.0001,
0,7,166,0.09202000,0.09196,-0.0652,1774137205509,0.09136000,45907.00000000,0.09135000,24058.00000000,0.09134000,38318.00000000,0.09133000,58554.00000000,0.09132000,80522.00000000,0.09131000,144070.00000000,0.09130000,125854.00000000,0.09129000,146158.00000000,0.09128000,117122.00000000,0.09127000,65699.00000000,0.09137000,64114.00000000,0.09138000,12887.00000000,0.09139000,191125.00000000,0.09140000,62637.00000000,0.09141000,46988.00000000,0.09142000,101477.00000000,0.09143000,250644.00000000,0.09144000,250268.00000000,0.09145000,239270.00000000,0.09146000,176370.00000000,,,,,,,,,,,,,,,,,,,,,,,,,,,,,,,,,,,,,,,,,0.0001,
0,7,166,0.09203000,0.09197,-0.0652,1774137205809,0.09201000,35167.00000000,0.09200000,2454.00000000,0.09199000,11494.00000000,0.09198000,272763.00000000,0.09197000,161580.00000000,0.09196000,402308.00000000,0.09195000,249173.00000000,0.09194000,304875.00000000,0.09193000,321298.00000000,0.09192000,254196.00000000,0.09202000,117807.00000000,0.09203000,60934.00000000,0.09204000,66312.00000000,0.09205000,81217.00000000,0.09206000,186207.00000000,0.09207000,400069.00000000,0.09208000,298032.00000000,0.09209000,329854.00000000,0.09210000,437171.00000000,0.09211000,143009.00000000,,,,,,,,,,,,,,,,,,,,,,,,,,,,,,,,,,,,,,,,,0.0001,
0,7,166,0.09203000,0.09196,-0.0761,1774137206110,0.09202000,98789.00000000,0.09201000,31704.00000000,0.09200000,112897.00000000,0.09199000,374403.00000000,0.09198000,370723.00000000,0.09197000,254209.00000000,0.09196000,402849.00000000,0.09195000,249173.00000000,0.09194000,304875.00000000,0.09193000,349603.00000000,0.09203000,76003.00000000,0.09204000,65888.00000000,0.09205000,104820.00000000,0.09206000,158147.00000000,0.09207000,400092.00000000,0.09208000,297810.00000000,0.09209000,336501.00000000,0.09210000,437171.00000000,0.09211000,143009.00000000,0.09212000,178931.00000000,,,,,,,,,,,,,,,,,,,,,,,,,,,,,,,,,,,,,,,,,0.0001,
0,7,166,0.09200000,0.09194,-0.0652,1774137206411,0.09202000,71516.00000000,0.09201000,31704.00000000,0.09200000,12366.00000000,0.09199000,220835.00000000,0.09198000,327232.00000000,0.09197000,253667.00000000,0.09196000,402849.00000000,0.09195000,249173.00000000,0.09194000,304875.00000000,0.09193000,349603.00000000,0.09203000,136620.00000000,0.09204000,65888.00000000,0.09205000,102249.00000000,0.09206000,160718.00000000,0.09207000,445092.00000000,0.09208000,297810.00000000,0.09209000,336501.00000000,0.09210000,392171.00000000,0.09211000,143009.00000000,0.09212000,178931.00000000,,,,,,,,,,,,,,,,,,,,,,,,,,,,,,,,,,,,,,,,,0.0001,
0,7,166,0.09200000,0.09194,-0.0652,1774137206711,0.09199000,38750.00000000,0.09198000,10150.00000000,0.09197000,38384.00000000,0.09196000,189994.00000000,0.09195000,294720.00000000,0.09194000,304875.00000000,0.09193000,349603.00000000,0.09192000,254196.00000000,0.09191000,313205.00000000,0.09190000,226689.00000000,0.09200000,194732.00000000,0.09201000,170954.00000000,0.09202000,265674.00000000,0.09203000,184796.00000000,0.09204000,373883.00000000,0.09205000,324852.00000000,0.09206000,241581.00000000,0.09207000,598637.00000000,0.09208000,295121.00000000,0.09209000,483422.00000000,,,,,,,,,,,,,,,,,,,,,,,,,,,,,,,,,,,,,,,,,0.0001,
0,7,166,0.09200000,0.09194,-0.0652,1774137207012,0.09199000,40617.00000000,0.09198000,10150.00000000,0.09197000,38384.00000000,0.09196000,228184.00000000,0.09195000,294720.00000000,0.09194000,341645.00000000,0.09193000,349603.00000000,0.09192000,254196.00000000,0.09191000,313205.00000000,0.09190000,226689.00000000,0.09200000,365738.00000000,0.09201000,170954.00000000,0.09202000,263103.00000000,0.09203000,189108.00000000,0.09204000,373895.00000000,0.09205000,324852.00000000,0.09206000,241581.00000000,0.09207000,598637.00000000,0.09208000,295121.00000000,0.09209000,481682.00000000,,,,,,,,,,,,,,,,,,,,,,,,,,,,,,,,,,,,,,,,,0.0001,
0,7,166,0.09200000,0.09194,-0.0652,1774137207313,0.09199000,66967.00000000,0.09198000,10150.00000000,0.09197000,126327.00000000,0.09196000,438115.00000000,0.09195000,322291.00000000,0.09194000,342729.00000000,0.09193000,349603.00000000,0.09192000,254196.00000000,0.09191000,313205.00000000,0.09190000,226689.00000000,0.09200000,84340.00000000,0.09201000,17984.00000000,0.09202000,219336.00000000,0.09203000,184796.00000000,0.09204000,376341.00000000,0.09205000,357852.00000000,0.09206000,253581.00000000,0.09207000,598637.00000000,0.09208000,295121.00000000,0.09209000,436682.00000000,,,,,,,,,,,,,,,,,,,,,,,,,,,,,,,,,,,,,,,,,0.0001,
0,7,166,0.09204000,0.09195,-0.0978,1774137207613,0.09199000,86702.00000000,0.09198000,12312.00000000,0.09197000,172.00000000,0.09196000,415863.00000000,0.09195000,294720.00000000,0.09194000,342187.00000000,0.09193000,349603.00000000,0.09192000,254196.00000000,0.09191000,313205.00000000,0.09190000,226689.00000000,0.09200000,81787.00000000,0.09201000,77131.00000000,0.09202000,219336.00000000,0.09203000,186191.00000000,0.09204000,421341.00000000,0.09205000,359593.00000000,0.09206000,245581.00000000,0.09207000,588611.00000000,0.09208000,250121.00000000,0.09209000,436682.00000000,,,,,,,,,,,,,,,,,,,,,,,,,,,,,,,,,,,,,,,,,0.0001,
0,7,166,0.09205000,0.09201,-0.0435,1774137207914,0.09205000,67843.00000000,0.09204000,17986.00000000,0.09203000,229105.00000000,0.09202000,135452.00000000,0.09201000,123882.00000000,0.09200000,347697.00000000,0.09199000,246307.00000000,0.09198000,405496.00000000,0.09197000,162733.00000000,0.09196000,437726.00000000,0.09206000,64954.00000000,0.09207000,10103.00000000,0.09208000,82901.00000000,0.09209000,134448.00000000,0.09210000,116082.00000000,0.09211000,113163.00000000,0.09212000,332499.00000000,0.09213000,387909.00000000,0.09214000,308738.00000000,0.09215000,264957.00000000,,,,,,,,,,,,,,,,,,,,,,,,,,,,,,,,,,,,,,,,,0.0001,
0,7,166,0.09205000,0.09198,-0.076,1774137208215,0.09204000,37117.00000000,0.09203000,10072.00000000,0.09202000,32093.00000000,0.09201000,229616.00000000,0.09200000,438172.00000000,0.09199000,344589.00000000,0.09198000,444969.00000000,0.09197000,197780.00000000,0.09196000,533273.00000000,0.09195000,267269.00000000,0.09205000,168550.00000000,0.09206000,81433.00000000,0.09207000,90606.00000000,0.09208000,340261.00000000,0.09209000,418383.00000000,0.09210000,426478.00000000,0.09211000,113597.00000000,0.09212000,442347.00000000,0.09213000,378237.00000000,0.09214000,308304.00000000,,,,,,,,,,,,,,,,,,,,,,,,,,,,,,,,,,,,,,,,,0.0001,
0,7,166,0.09205000,0.092,-0.0543,1774137208515,0.09204000,96318.00000000,0.09203000,64212.00000000,0.09202000,336132.00000000,0.09201000,195060.00000000,0.09200000,546050.00000000,0.09199000,388902.00000000,0.09198000,257876.00000000,0.09197000,197780.00000000,0.09196000,495083.00000000,0.09195000,267269.00000000,0.09205000,51262.00000000,0.09206000,101832.00000000,0.09207000,90606.00000000,0.09208000,296770.00000000,0.09209000,308535.00000000,0.09210000,414478.00000000,0.09211000,113597.00000000,0.09212000,450347.00000000,0.09213000,378237.00000000,0.09214000,308304.00000000,,,,,,,,,,,,,,,,,,,,,,,,,,,,,,,,,,,,,,,,,0.0001,
0,7,166,0.09204000,0.09199,-0.0543,1774137208816,0.09204000,54832.00000000,0.09203000,172.00000000,0.09202000,176559.00000000,0.09201000,239821.00000000,0.09200000,394111.00000000,0.09199000,301231.00000000,0.09198000,257876.00000000,0.09197000,238643.00000000,0.09196000,495083.00000000,0.09195000,267269.00000000,0.09205000,61178.00000000,0.09206000,274093.00000000,0.09207000,242557.00000000,0.09208000,337912.00000000,0.09209000,418383.00000000,0.09210000,427937.00000000,0.09211000,156667.00000000,0.09212000,442347.00000000,0.09213000,375909.00000000,0.09214000,308304.00000000,,,,,,,,,,,,,,,,,,,,,,,,,,,,,,,,,,,,,,,,,0.0001,
0,7,166,0.09204000,0.09199,-0.0543,1774137209116,0.09203000,65741.00000000,0.09202000,132032.00000000,0.09201000,142990.00000000,0.09200000,250394.00000000,0.09199000,261106.00000000,0.09198000,366201.00000000,0.09197000,282134.00000000,0.09196000,452676.00000000,0.09195000,249607.00000000,0.09194000,261384.00000000,0.09204000,27191.00000000,0.09205000,85566.00000000,0.09206000,225716.00000000,0.09207000,90606.00000000,0.09208000,409621.00000000,0.09209000,367757.00000000,0.09210000,428806.00000000,0.09211000,144667.00000000,0.09212000,442347.00000000,0.09213000,375909.00000000,,,,,,,,,,,,,,,,,,,,,,,,,,,,,,,,,,,,,,,,,0.0001,
0,7,166,0.09204000,0.09199,-0.0543,1774137209417,0.09203000,61690.00000000,0.09202000,115486.00000000,0.09201000,167945.00000000,0.09200000,238416.00000000,0.09199000,335585.00000000,0.09198000,383776.00000000,0.09197000,282134.00000000,0.09196000,452676.00000000,0.09195000,249607.00000000,0.09194000,261384.00000000,0.09204000,27191.00000000,0.09205000,85566.00000000,0.09206000,225716.00000000,0.09207000,93177.00000000,0.09208000,409621.00000000,0.09209000,367757.00000000,0.09210000,428806.00000000,0.09211000,144667.00000000,0.09212000,442347.00000000,0.09213000,375909.00000000,,,,,,,,,,,,,,,,,,,,,,,,,,,,,,,,,,,,,,,,,0.0001,
0,7,166,0.09206000,0.09199,-0.076,1774137209718,0.09203000,66550.00000000,0.09202000,280244.00000000,0.09201000,249719.00000000,0.09200000,419992.00000000,0.09199000,360568.00000000,0.09198000,383776.00000000,0.09197000,282134.00000000,0.09196000,452134.00000000,0.09195000,249607.00000000,0.09194000,261384.00000000,0.09204000,32289.00000000,0.09205000,80048.00000000,0.09206000,225716.00000000,0.09207000,93177.00000000,0.09208000,409621.00000000,0.09209000,367757.00000000,0.09210000,416806.00000000,0.09211000,156667.00000000,0.09212000,442347.00000000,0.09213000,375909.00000000,,,,,,,,,,,,,,,,,,,,,,,,,,,,,,,,,,,,,,,,,0.0001,
0,7,166,0.09209000,0.09203,-0.0652,1774137210019,0.09207000,175598.00000000,0.09206000,138819.00000000,0.09205000,66546.00000000,0.09204000,116239.00000000,0.09203000,158899.00000000,0.09202000,484795.00000000,0.09201000,406783.00000000,0.09200000,413141.00000000,0.09199000,370981.00000000,0.09198000,401438.00000000,0.09208000,9009.00000000,0.09209000,21335.00000000,0.09210000,192009.00000000,0.09211000,115911.00000000,0.09212000,334851.00000000,0.09213000,264611.00000000,0.09214000,308304.00000000,0.09215000,351597.00000000,0.09216000,296167.00000000,0.09217000,246026.00000000,,,,,,,,,,,,,,,,,,,,,,,,,,,,,,,,,,,,,,,,,0.0001,
0,7,166,0.09209000,0.09203,-0.0652,1774137210319,0.09208000,68800.00000000,0.09207000,19328.00000000,0.09206000,85101.00000000,0.09205000,120959.00000000,0.09204000,337644.00000000,0.09203000,321798.00000000,0.09202000,482622.00000000,0.09201000,406783.00000000,0.09200000,412587.00000000,0.09199000,370981.00000000,0.09209000,85779.00000000,0.09210000,10274.00000000,0.09211000,76841.00000000,0.09212000,308056.00000000,0.09213000,266365.00000000,0.09214000,317329.00000000,0.09215000,326280.00000000,0.09216000,371374.00000000,0.09217000,248153.00000000,0.09218000,291764.00000000,,,,,,,,,,,,,,,,,,,,,,,,,,,,,,,,,,,,,,,,,0.0001,
0,7,166,0.09210000,0.09204,-0.0651,1774137210619,0.09208000,72273.00000000,0.09207000,107436.00000000,0.09206000,326643.00000000,0.09205000,284283.00000000,0.09204000,462582.00000000,0.09203000,213149.00000000,0.09202000,509781.00000000,0.09201000,413531.00000000,0.09200000,412598.00000000,0.09199000,370992.00000000,0.09209000,12520.00000000,0.09210000,10297.00000000,0.09211000,76852.00000000,0.09212000,264576.00000000,0.09213000,264634.00000000,0.09214000,317329.00000000,0.09215000,314291.00000000,0.09216000,383385.00000000,0.09217000,248153.00000000,0.09218000,291775.00000000,,,,,,,,,,,,,,,,,,,,,,,,,,,,,,,,,,,,,,,,,0.0001,
0,7,166,0.09211000,0.09208,-0.0326,1774137210920,0.09211000,38250.00000000,0.09210000,61123.00000000,0.09209000,79193.00000000,0.09208000,124430.00000000,0.09207000,89947.00000000,0.09206000,262827.00000000,0.09205000,340664.00000000,0.09204000,486955.00000000,0.09203000,213149.00000000,0.09202000,482633.00000000,0.09212000,67344.00000000,0.09213000,54347.00000000,0.09214000,202538.00000000,0.09215000,182677.00000000,0.09216000,252711.00000000,0.09217000,291644.00000000,0.09218000,265921.00000000,0.09219000,380925.00000000,0.09220000,306793.00000000,0.09221000,288948.00000000,,,,,,,,,,,,,,,,,,,,,,,,,,,,,,,,,,,,,,,,,0.0001,
0,7,166,0.09213000,0.09207,-0.0651,1774137211220,0.09212000,172099.00000000,0.09211000,66524.00000000,0.09210000,411706.00000000,0.09209000,148922.00000000,0.09208000,314484.00000000,0.09207000,310766.00000000,0.09206000,260256.00000000,0.09205000,340236.00000000,0.09204000,514103.00000000,0.09203000,213149.00000000,0.09213000,221.00000000,0.09214000,10136.00000000,0.09215000,1775.00000000,0.09216000,66994.00000000,0.09217000,248333.00000000,0.09218000,144073.00000000,0.09219000,346148.00000000,0.09220000,306793.00000000,0.09221000,372656.00000000,0.09222000,370921.00000000,,,,,,,,,,,,,,,,,,,,,,,,,,,,,,,,,,,,,,,,,0.0001,
0,7,166,0.09215000,0.09205,-0.1085,1774137211521,0.09211000,65406.00000000,0.09210000,10103.00000000,0.09209000,128861.00000000,0.09208000,398070.00000000,0.09207000,312960.00000000,0.09206000,260256.00000000,0.09205000,340236.00000000,0.09204000,486955.00000000,0.09203000,238331.00000000,0.09202000,402795.00000000,0.09212000,107.00000000,0.09213000,183.00000000,0.09214000,68437.00000000,0.09215000,220010.00000000,0.09216000,112445.00000000,0.09217000,277014.00000000,0.09218000,257992.00000000,0.09219000,431144.00000000,0.09220000,351793.00000000,0.09221000,291118.00000000,,,,,,,,,,,,,,,,,,,,,,,,,,,,,,,,,,,,,,,,,0.0001,
0,7,166,0.09216000,0.09209,-0.076,1774137211821,0.09215000,20822.00000000,0.09214000,20159.00000000,0.09213000,136130.00000000,0.09212000,155611.00000000,0.09211000,199849.00000000,0.09210000,372104.00000000,0.09209000,173874.00000000,0.09208000,422066.00000000,0.09207000,311307.00000000,0.09206000,260797.00000000,0.09216000,79517.00000000,0.09217000,31257.00000000,0.09218000,202615.00000000,0.09219000,129339.00000000,0.09220000,313947.00000000,0.09221000,292861.00000000,0.09222000,458253.00000000,0.09223000,212129.00000000,0.09224000,403954.00000000,0.09225000,261229.00000000,,,,,,,,,,,,,,,,,,,,,,,,,,,,,,,,,,,,,,,,,0.0001,
0,7,166,0.09215000,0.09209,-0.0651,1774137212122,0.09214000,20100.00000000,0.09213000,18061.00000000,0.09212000,131219.00000000,0.09211000,172589.00000000,0.09210000,369950.00000000,0.09209000,202585.00000000,0.09208000,422066.00000000,0.09207000,337401.00000000,0.09206000,358456.00000000,0.09205000,357898.00000000,0.09215000,74076.00000000,0.09216000,115693.00000000,0.09217000,59536.00000000,0.09218000,259010.00000000,0.09219000,350209.00000000,0.09220000,313947.00000000,0.09221000,304861.00000000,0.09222000,443925.00000000,0.09223000,212129.00000000,0.09224000,403954.00000000,,,,,,,,,,,,,,,,,,,,,,,,,,,,,,,,,,,,,,,,,0.0001,
0,7,166,0.09218000,0.09212,-0.0651,1774137212423,0.09216000,202460.00000000,0.09215000,197798.00000000,0.09214000,85164.00000000,0.09213000,271392.00000000,0.09212000,284763.00000000,0.09211000,219757.00000000,0.09210000,369939.00000000,0.09209000,200415.00000000,0.09208000,424719.00000000,0.09207000,337401.00000000,0.09217000,208.00000000,0.09218000,44477.00000000,0.09219000,85617.00000000,0.09220000,286909.00000000,0.09221000,180866.00000000,0.09222000,370921.00000000,0.09223000,212129.00000000,0.09224000,393157.00000000,0.09225000,263399.00000000,0.09226000,292954.00000000,,,,,,,,,,,,,,,,,,,,,,,,,,,,,,,,,,,,,,,,,0.0001,
0,7,166,0.09219000,0.09213,-0.0651,1774137212723,0.09218000,48396.00000000,0.09217000,154696.00000000,0.09216000,306498.00000000,0.09215000,329737.00000000,0.09214000,242932.00000000,0.09213000,325425.00000000,0.09212000,325248.00000000,0.09211000,216759.00000000,0.09210000,369939.00000000,0.09209000,218077.00000000,0.09219000,54097.00000000,0.09220000,8216.00000000,0.09221000,56030.00000000,0.09222000,181376.00000000,0.09223000,131628.00000000,0.09224000,381157.00000000,0.09225000,225537.00000000,0.09226000,359191.00000000,0.09227000,297186.00000000,0.09228000,371270.00000000,,,,,,,,,,,,,,,,,,,,,,,,,,,,,,,,,,,,,,,,,0.0001,
0,7,166,0.09213000,0.09211,-0.0217,1774137213024,0.09217000,89.00000000,0.09216000,184.00000000,0.09215000,71052.00000000,0.09214000,125681.00000000,0.09213000,281957.00000000,0.09212000,325248.00000000,0.09211000,216759.00000000,0.09210000,381684.00000000,0.09209000,218077.00000000,0.09208000,375351.00000000,0.09218000,197671.00000000,0.09219000,62002.00000000,0.09220000,18116.00000000,0.09221000,107751.00000000,0.09222000,207861.00000000,0.09223000,145933.00000000,0.09224000,381157.00000000,0.09225000,227280.00000000,0.09226000,344863.00000000,0.09227000,335425.00000000,,,,,,,,,,,,,,,,,,,,,,,,,,,,,,,,,,,,,,,,,0.0001,
0,7,166,0.09211000,0.09205,-0.0651,1774137213325,0.09209000,181170.00000000,0.09208000,81363.00000000,0.09207000,88164.00000000,0.09206000,184814.00000000,0.09205000,298092.00000000,0.09204000,353390.00000000,0.09203000,216011.00000000,0.09202000,413383.00000000,0.09201000,396205.00000000,0.09200000,314303.00000000,0.09210000,18791.00000000,0.09211000,39715.00000000,0.09212000,128778.00000000,0.09213000,240207.00000000,0.09214000,177989.00000000,0.09215000,473087.00000000,0.09216000,303499.00000000,0.09217000,437728.00000000,0.09218000,439784.00000000,0.09219000,367445.00000000,,,,,,,,,,,,,,,,,,,,,,,,,,,,,,,,,,,,,,,,,0.0001,
0,7,166,0.09210000,0.09205,-0.0543,1774137213626,0.09209000,141873.00000000,0.09208000,254584.00000000,0.09207000,273358.00000000,0.09206000,215170.00000000,0.09205000,324633.00000000,0.09204000,353390.00000000,0.09203000,216011.00000000,0.09202000,508930.00000000,0.09201000,358463.00000000,0.09200000,331965.00000000,0.09210000,31899.00000000,0.09211000,31499.00000000,0.09212000,109600.00000000,0.09213000,242778.00000000,0.09214000,230077.00000000,0.09215000,446282.00000000,0.09216000,303499.00000000,0.09217000,437198.00000000,0.09218000,439784.00000000,0.09219000,367445.00000000,,,,,,,,,,,,,,,,,,,,,,,,,,,,,,,,,,,,,,,,,0.0001,
0,7,166,0.09211000,0.09205,-0.0651,1774137213927,0.09209000,109318.00000000,0.09208000,136969.00000000,0.09207000,281126.00000000,0.09206000,235969.00000000,0.09205000,310249.00000000,0.09204000,353390.00000000,0.09203000,215470.00000000,0.09202000,481799.00000000,0.09201000,358463.00000000,0.09200000,331965.00000000,0.09210000,31863.00000000,0.09211000,185067.00000000,0.09212000,137893.00000000,0.09213000,288012.00000000,0.09214000,230077.00000000,0.09215000,446282.00000000,0.09216000,315499.00000000,0.09217000,425198.00000000,0.09218000,438041.00000000,0.09219000,367445.00000000,,,,,,,,,,,,,,,,,,,,,,,,,,,,,,,,,,,,,,,,,0.0001,
0,7,166,0.09211000,0.09205,-0.0651,1774137214228,0.09210000,72.00000000,0.09209000,51463.00000000,0.09208000,169792.00000000,0.09207000,326758.00000000,0.09206000,262828.00000000,0.09205000,298069.00000000,0.09204000,352848.00000000,0.09203000,214929.00000000,0.09202000,481799.00000000,0.09201000,363769.00000000,0.09211000,67356.00000000,0.09212000,94711.00000000,0.09213000,244103.00000000,0.09214000,197566.00000000,0.09215000,366381.00000000,0.09216000,205876.00000000,0.09217000,425198.00000000,0.09218000,421972.00000000,0.09219000,343782.00000000,0.09220000,348750.00000000,,,,,,,,,,,,,,,,,,,,,,,,,,,,,,,,,,,,,,,,,0.0001,
0,7,166,0.09209000,0.09205,-0.0434,1774137214529,0.09210000,84.00000000,0.09209000,17142.00000000,0.09208000,80845.00000000,0.09207000,326758.00000000,0.09206000,262286.00000000,0.09205000,386211.00000000,0.09204000,352318.00000000,0.09203000,214929.00000000,0.09202000,481799.00000000,0.09201000,363228.00000000,0.09211000,67356.00000000,0.09212000,94711.00000000,0.09213000,244103.00000000,0.09214000,233754.00000000,0.09215000,417135.00000000,0.09216000,205876.00000000,0.09217000,425198.00000000,0.09218000,421972.00000000,0.09219000,343782.00000000,0.09220000,348750.00000000,,,,,,,,,,,,,,,,,,,,,,,,,,,,,,,,,,,,,,,,,0.0001,
0,7,166,0.09206000,0.092,-0.0652,1774137214830,0.09205000,64625.00000000,0.09204000,10079.00000000,0.09203000,16131.00000000,0.09202000,176580.00000000,0.09201000,292565.00000000,0.09200000,322390.00000000,0.09199000,303680.00000000,0.09198000,368854.00000000,0.09197000,203779.00000000,0.09196000,513610.00000000,0.09206000,67172.00000000,0.09207000,287870.00000000,0.09208000,195721.00000000,0.09209000,235515.00000000,0.09210000,188018.00000000,0.09211000,301525.00000000,0.09212000,282985.00000000,0.09213000,385663.00000000,0.09214000,254424.00000000,0.09215000,386801.00000000,,,,,,,,,,,,,,,,,,,,,,,,,,,,,,,,,,,,,,,,,0.0001,
0,7,166,0.09209000,0.092,-0.0977,1774137215130,0.09207000,205725.00000000,0.09206000,71493.00000000,0.09205000,34803.00000000,0.09204000,23822.00000000,0.09203000,113363.00000000,0.09202000,359173.00000000,0.09201000,347196.00000000,0.09200000,322932.00000000,0.09199000,303680.00000000,0.09198000,464401.00000000,0.09208000,32008.00000000,0.09209000,236343.00000000,0.09210000,144527.00000000,0.09211000,301548.00000000,0.09212000,331683.00000000,0.09213000,412058.00000000,0.09214000,242316.00000000,0.09215000,416229.00000000,0.09216000,293201.00000000,0.09217000,335159.00000000,,,,,,,,,,,,,,,,,,,,,,,,,,,,,,,,,,,,,,,,,0.0001,
