spot_source_id,fut_source_id,symbol_id,ask_spot,bid_futures,spread_pct,ts,s_b1,s_b2,s_b3,s_b4,s_b5,s_b6,s_b7,s_b8,s_b9,s_b10,s_bq1,s_bq2,s_bq3,s_bq4,s_bq5,s_bq6,s_bq7,s_bq8,s_bq9,s_bq10,s_a1,s_a2,s_a3,s_a4,s_a5,s_a6,s_a7,s_a8,s_a9,s_a10,s_aq1,s_aq2,s_aq3,s_aq4,s_aq5,s_aq6,s_aq7,s_aq8,s_aq9,s_aq10,f_b1,f_b2,f_b3,f_b4,f_b5,f_b6,f_b7,f_b8,f_b9,f_b10,f_bq1,f_bq2,f_bq3,f_bq4,f_bq5,f_bq6,f_bq7,f_bq8,f_bq9,f_bq10,f_a1,f_a2,f_a3,f_a4,f_a5,f_a6,f_a7,f_a8,f_a9,f_a10,f_aq1,f_aq2,f_aq3,f_aq4,f_aq5,f_aq6,f_aq7,f_aq8,f_aq9,f_aq10,fr_r,fr_ft
0,5,291,0.01008000,0.01008,0.0,1774137100000,0.01007000,95745.00000000,0.01006000,159737.00000000,0.01005000,158572.00000000,0.01004000,487166.00000000,0.01003000,1862727.00000000,0.01002000,262633.00000000,0.01001000,1097777.00000000,0.01000000,479970.00000000,0.00999000,94395.00000000,0.00998000,1229722.00000000,0.01008000,137223.00000000,0.01009000,326663.00000000,0.01010000,698190.00000000,0.01011000,863066.00000000,0.01012000,1828010.00000000,0.01013000,294548.00000000,0.01014000,181962.00000000,0.01015000,235606.00000000,0.01016000,717873.00000000,0.01017000,1725805.00000000,,,,,,,,,,,,,,,,,,,,,,,,,,,,,,,,,,,,,,,,,,
0,5,291,0.01010000,0.01008,-0.198,1774137101000,0.01009000,40833.00000000,0.01008000,254896.00000000,0.01007000,175042.00000000,0.01006000,604564.00000000,0.01005000,145954.00000000,0.01004000,243154.00000000,0.01003000,527409.00000000,0.01002000,171791.00000000,0.01001000,859345.00000000,0.01000000,479970.00000000,0.01010000,439269.00000000,0.01011000,768259.00000000,0.01012000,797528.00000000,0.01013000,396983.00000000,0.01014000,179942.00000000,0.01015000,238451.00000000,0.01016000,717873.00000000,0.01017000,224934.00000000,0.01018000,674948.00000000,0.01019000,609203.00000000,0.01008,531,0.01007,6786,0.01006,11496,0.01005,10987,0.01004,9766,0.01003,7690,0.01002,8620,0.01001,10074,0.01,27142,0.00999,32939,0.01009,2882,0.0101,9950,0.01011,7792,0.01012,13233,0.01013,14580,0.01014,8179,0.01015,5512,0.01016,4543,0.01017,5164,0.01018,5207,,
0,5,291,0.01009000,0.01008,-0.0991,1774137102000,0.01008000,138429.00000000,0.01007000,246527.00000000,0.01006000,618834.00000000,0.01005000,145954.00000000,0.01004000,243154.00000000,0.01003000,556144.00000000,0.01002000,167192.00000000,0.01001000,859345.00000000,0.01000000,486110.00000000,0.00999000,365545.00000000,0.01009000,81491.00000000,0.01010000,476368.00000000,0.01011000,772570.00000000,0.01012000,792988.00000000,0.01013000,259519.00000000,0.01014000,214971.00000000,0.01015000,238451.00000000,0.01016000,223213.00000000,0.01017000,661698.00000000,0.01018000,674948.00000000,0.01008,101,0.01007,6104,0.01006,12058,0.01005,10987,0.01004,9766,0.01003,7690,0.01002,8620,0.01001,10074,0.01,27142,0.00999,32939,0.01009,6144,0.0101,9159,0.01011,7793,0.01012,13233,0.01013,14580,0.01014,8179,0.01015,5512,0.01016,4543,0.01017,5164,0.01018,5207,,
0,5,291,0.01009000,0.01007,-0.1982,1774137103000,0.01008000,138429.00000000,0.01007000,246527.00000000,0.01006000,618834.00000000,0.01005000,145954.00000000,0.01004000,1689959.00000000,0.01003000,556144.00000000,0.01002000,167192.00000000,0.01001000,859345.00000000,0.01000000,529735.00000000,0.00999000,1928283.00000000,0.01009000,81491.00000000,0.01010000,476368.00000000,0.01011000,772570.00000000,0.01012000,792988.00000000,0.01013000,1708507.00000000,0.01014000,214971.00000000,0.01015000,238451.00000000,0.01016000,223213.00000000,0.01017000,661698.00000000,0.01018000,2196248.00000000,0.01008,236,0.01007,5668,0.01006,12058,0.01005,10987,0.01004,9766,0.01003,7690,0.01002,8620,0.01001,10074,0.01,27192,0.00999,32939,0.01009,6144,0.0101,9150,0.01011,7793,0.01012,13233,0.01013,14580,0.01014,8179,0.01015,5512,0.01016,4543,0.01017,5164,0.01018,5207,,
0,5,291,0.01005000,0.01006,0.0995,1774137104000,0.01004000,110317.00000000,0.01003000,182832.00000000,0.01002000,439563.00000000,0.01001000,720667.00000000,0.01000000,470802.00000000,0.00999000,114088.00000000,0.00998000,1258673.00000000,0.00997000,224883.00000000,0.00996000,273499.00000000,0.00995000,749596.00000000,0.01005000,19526.00000000,0.01006000,296312.00000000,0.01007000,402084.00000000,0.01008000,838644.00000000,0.01009000,260773.00000000,0.01010000,227476.00000000,0.01011000,309944.00000000,0.01012000,256991.00000000,0.01013000,249633.00000000,0.01014000,158460.00000000,0.01006,1513,0.01005,8384,0.01004,10720,0.01003,9992,0.01002,9184,0.01001,11085,0.01,17843,0.00999,6777,0.00998,13642,0.00997,5758,0.01007,4387,0.01008,9793,0.01009,13000,0.0101,6674,0.01011,9516,0.01012,8670,0.01013,5421,0.01014,4768,0.01015,5511,0.01016,4547,,
0,5,291,0.01005000,0.01004,-0.0995,1774137105000,0.01004000,82089.00000000,0.01003000,232897.00000000,0.01002000,439563.00000000,0.01001000,622061.00000000,0.01000000,526565.00000000,0.00999000,137613.00000000,0.00998000,1250108.00000000,0.00997000,224883.00000000,0.00996000,273499.00000000,0.00995000,503500.00000000,0.01005000,22239.00000000,0.01006000,302061.00000000,0.01007000,385805.00000000,0.01008000,1046508.00000000,0.01009000,334622.00000000,0.01010000,124939.00000000,0.01011000,211012.00000000,0.01012000,451558.00000000,0.01013000,251586.00000000,0.01014000,267161.00000000,0.01005,1087,0.01004,7215,0.01003,8270,0.01002,8620,0.01001,11925,0.01,16917,0.00999,6767,0.00998,14644,0.00997,6594,0.00996,35151,0.01006,2828,0.01007,7759,0.01008,9909,0.01009,11863,0.0101,6674,0.01011,9878,0.01012,8671,0.01013,5466,0.01014,4768,0.01015,5511,,
0,5,291,0.01006000,0.01006,0.0,1774137106000,0.01005000,58327.00000000,0.01004000,136041.00000000,0.01003000,227293.00000000,0.01002000,439563.00000000,0.01001000,2068866.00000000,0.01000000,446157.00000000,0.00999000,267534.00000000,0.00998000,1253681.00000000,0.00997000,224883.00000000,0.00996000,1836237.00000000,0.01006000,187362.00000000,0.01007000,438915.00000000,0.01008000,639513.00000000,0.01009000,692419.00000000,0.01010000,1604257.00000000,0.01011000,246041.00000000,0.01012000,221962.00000000,0.01013000,251586.00000000,0.01014000,267161.00000000,0.01015000,1670674.00000000,0.01006,1998,0.01005,6420,0.01004,7647,0.01003,8596,0.01002,8620,0.01001,10399,0.01,16817,0.00999,7367,0.00998,14744,0.00997,6229,0.01007,1737,0.01008,8506,0.01009,11636,0.0101,7247,0.01011,9878,0.01012,8667,0.01013,4971,0.01014,4768,0.01015,5511,0.01016,4547,,
0,5,291,0.01006000,0.01006,0.0,1774137107000,0.01004000,101437.00000000,0.01003000,214735.00000000,0.01002000,439563.00000000,0.01001000,622061.00000000,0.01000000,1951904.00000000,0.00999000,138051.00000000,0.00998000,1253444.00000000,0.00997000,324772.00000000,0.00996000,474941.00000000,0.00995000,2066238.00000000,0.01005000,68210.00000000,0.01006000,287281.00000000,0.01007000,596333.00000000,0.01008000,848371.00000000,0.01009000,1828171.00000000,0.01010000,115193.00000000,0.01011000,211012.00000000,0.01012000,256991.00000000,0.01013000,195842.00000000,0.01014000,1777228.00000000,0.01006,625,0.01005,6363,0.01004,5376,0.01003,7669,0.01002,9547,0.01001,10399,0.01,16817,0.00999,7267,0.00998,15236,0.00997,9826,0.01007,4487,0.01008,7641,0.01009,13290,0.0101,7174,0.01011,9878,0.01012,8667,0.01013,4971,0.01014,4768,0.01015,5924,0.01016,4547,,
0,5,291,0.01006000,0.01006,0.0,1774137108000,0.01004000,113432.00000000,0.01003000,177293.00000000,0.01002000,439563.00000000,0.01001000,622061.00000000,0.01000000,1951904.00000000,0.00999000,238051.00000000,0.00998000,1253444.00000000,0.00997000,324772.00000000,0.00996000,474941.00000000,0.00995000,2066238.00000000,0.01006000,236920.00000000,0.01007000,510797.00000000,0.01008000,959473.00000000,0.01009000,499893.00000000,0.01010000,1597373.00000000,0.01011000,261049.00000000,0.01012000,221962.00000000,0.01013000,254680.00000000,0.01014000,1777228.00000000,0.01015000,166004.00000000,0.01006,1061,0.01005,6366,0.01004,5376,0.01003,7669,0.01002,9541,0.01001,10399,0.01,16811,0.00999,7267,0.00998,15236,0.00997,9826,0.01007,4464,0.01008,7703,0.01009,13221,0.0101,7168,0.01011,9878,0.01012,8667,0.01013,5531,0.01014,4762,0.01015,5924,0.01016,4541,,
0,5,291,0.01005000,0.01006,0.0995,1774137109000,0.01005000,32685.00000000,0.01004000,164712.00000000,0.01003000,177298.00000000,0.01002000,439563.00000000,0.01001000,2068866.00000000,0.01000000,505099.00000000,0.00999000,238051.00000000,0.00998000,1353623.00000000,0.00997000,324772.00000000,0.00996000,2087617.00000000,0.01006000,209815.00000000,0.01007000,410797.00000000,0.01008000,953003.00000000,0.01009000,594746.00000000,0.01010000,1660348.00000000,0.01011000,309414.00000000,0.01012000,221962.00000000,0.01013000,254680.00000000,0.01014000,1777228.00000000,0.01015000,166004.00000000,0.01006,1119,0.01005,6475,0.01004,5376,0.01003,7670,0.01002,9541,0.01001,10485,0.01,16811,0.00999,7267,0.00998,15236,0.00997,9826,0.01007,3986,0.01008,7703,0.01009,13221,0.0101,7168,0.01011,9878,0.01012,8667,0.01013,5531,0.01014,4762,0.01015,5924,0.01016,4541,,
0,5,291,0.01005000,0.01006,0.0995,1774137110000,0.01005000,32685.00000000,0.01004000,214712.00000000,0.01003000,177298.00000000,0.01002000,439563.00000000,0.01001000,2068866.00000000,0.01000000,505099.00000000,0.00999000,238051.00000000,0.00998000,1353623.00000000,0.00997000,324772.00000000,0.00996000,2087617.00000000,0.01006000,312252.00000000,0.01007000,410797.00000000,0.01008000,640507.00000000,0.01009000,712247.00000000,0.01010000,1611265.00000000,0.01011000,261049.00000000,0.01012000,221962.00000000,0.01013000,254680.00000000,0.01014000,1777228.00000000,0.01015000,166004.00000000,0.01006,2168,0.01005,6475,0.01004,7543,0.01003,7670,0.01002,9541,0.01001,10485,0.01,16811,0.00999,7267,0.00998,16238,0.00997,8823,0.01007,1885,0.01008,7703,0.01009,13221,0.0101,7168,0.01011,9878,0.01012,8727,0.01013,4971,0.01014,4762,0.01015,5924,0.01016,4541,,
0,5,291,0.01006000,0.01006,0.0,1774137111000,0.01005000,29700.00000000,0.01004000,164712.00000000,0.01003000,177298.00000000,0.01002000,439563.00000000,0.01001000,2068866.00000000,0.01000000,505099.00000000,0.00999000,238051.00000000,0.00998000,1353623.00000000,0.00997000,324772.00000000,0.00996000,2087617.00000000,0.01006000,312252.00000000,0.01007000,410797.00000000,0.01008000,640507.00000000,0.01009000,712247.00000000,0.01010000,1611265.00000000,0.01011000,226020.00000000,0.01012000,256991.00000000,0.01013000,254680.00000000,0.01014000,1777228.00000000,0.01015000,166004.00000000,0.01006,2168,0.01005,6475,0.01004,7543,0.01003,7670,0.01002,9541,0.01001,10485,0.01,16811,0.00999,7267,0.00998,16238,0.00997,8823,0.01007,1945,0.01008,7703,0.01009,13221,0.0101,7168,0.01011,9878,0.01012,8727,0.01013,4971,0.01014,4762,0.01015,5924,0.01016,4541,,
0,5,291,0.01006000,0.01006,0.0,1774137112000,0.01005000,29700.00000000,0.01004000,164712.00000000,0.01003000,177298.00000000,0.01002000,439563.00000000,0.01001000,2068866.00000000,0.01000000,505099.00000000,0.00999000,238051.00000000,0.00998000,1353623.00000000,0.00997000,324772.00000000,0.00996000,2087617.00000000,0.01006000,312252.00000000,0.01007000,410797.00000000,0.01008000,740804.00000000,0.01009000,809280.00000000,0.01010000,1611265.00000000,0.01011000,226020.00000000,0.01012000,256991.00000000,0.01013000,254680.00000000,0.01014000,1777228.00000000,0.01015000,166004.00000000,0.01006,2157,0.01005,6641,0.01004,7563,0.01003,7670,0.01002,9541,0.01001,10485,0.01,16811,0.00999,7267,0.00998,16238,0.00997,8861,0.01007,3210,0.01008,7709,0.01009,13221,0.0101,7168,0.01011,9878,0.01012,8727,0.01013,4971,0.01014,4762,0.01015,5924,0.01016,4541,,
0,5,291,0.01006000,0.01007,0.0994,1774137113000,0.01006000,57612.00000000,0.01005000,271240.00000000,0.01004000,485128.00000000,0.01003000,218700.00000000,0.01002000,212117.00000000,0.01001000,2068866.00000000,0.01000000,415796.00000000,0.00999000,238051.00000000,0.00998000,1353623.00000000,0.00997000,2134095.00000000,0.01007000,218862.00000000,0.01008000,467419.00000000,0.01009000,792258.00000000,0.01010000,1946580.00000000,0.01011000,261049.00000000,0.01012000,221962.00000000,0.01013000,254680.00000000,0.01014000,267161.00000000,0.01015000,166004.00000000,0.01016000,1639513.00000000,0.01007,1173,0.01006,5806,0.01005,5773,0.01004,9055,0.01003,7105,0.01002,8614,0.01001,10486,0.01,16811,0.00999,8268,0.00998,14871,0.01008,3206,0.01009,6465,0.0101,9055,0.01011,14382,0.01012,9715,0.01013,4971,0.01014,4762,0.01015,5924,0.01016,4541,0.01017,5164,,
0,5,291,0.01006000,0.01007,0.0994,1774137114000,0.01006000,36960.00000000,0.01005000,154919.00000000,0.01004000,499409.00000000,0.01003000,258373.00000000,0.01002000,250795.00000000,0.01001000,2068866.00000000,0.01000000,512254.00000000,0.00999000,209442.00000000,0.00998000,1353623.00000000,0.00997000,573588.00000000,0.01007000,242389.00000000,0.01008000,467415.00000000,0.01009000,895984.00000000,0.01010000,1958725.00000000,0.01011000,261049.00000000,0.01012000,221962.00000000,0.01013000,254680.00000000,0.01014000,267161.00000000,0.01015000,166004.00000000,0.01016000,114300.00000000,0.01007,729,0.01006,5689,0.01005,5773,0.01004,8128,0.01003,8032,0.01002,8614,0.01001,10486,0.01,16811,0.00999,9778,0.00998,18429,0.01008,4719,0.01009,6451,0.0101,9055,0.01011,12953,0.01012,11162,0.01013,4971,0.01014,4762,0.01015,5924,0.01016,4541,0.01017,5164,,
0,5,291,0.01006000,0.01007,0.0994,1774137115000,0.01005000,101275.00000000,0.01004000,524535.00000000,0.01003000,221014.00000000,0.01002000,156073.00000000,0.01001000,2068866.00000000,0.01000000,541943.00000000,0.00999000,209442.00000000,0.00998000,1353623.00000000,0.00997000,573588.00000000,0.00996000,1954741.00000000,0.01007000,244750.00000000,0.01008000,504888.00000000,0.01009000,1109748.00000000,0.01010000,1740509.00000000,0.01011000,274391.00000000,0.01012000,306995.00000000,0.01013000,254680.00000000,0.01014000,267161.00000000,0.01015000,166004.00000000,0.01016000,114300.00000000,0.01007,229,0.01006,5696,0.01005,5773,0.01004,8128,0.01003,8032,0.01002,8614,0.01001,10486,0.01,18341,0.00999,11261,0.00998,18429,0.01008,4708,0.01009,6451,0.0101,9055,0.01011,12953,0.01012,11162,0.01013,5031,0.01014,5352,0.01015,5924,0.01016,4541,0.01017,5164,,
0,5,291,0.01007000,0.01007,0.0,1774137116000,0.01005000,101275.00000000,0.01004000,524535.00000000,0.01003000,257125.00000000,0.01002000,250316.00000000,0.01001000,2068866.00000000,0.01000000,610366.00000000,0.00999000,213006.00000000,0.00998000,1353623.00000000,0.00997000,573588.00000000,0.00996000,1954741.00000000,0.01007000,242313.00000000,0.01008000,468023.00000000,0.01009000,1210064.00000000,0.01010000,1840161.00000000,0.01011000,274391.00000000,0.01012000,306995.00000000,0.01013000,254680.00000000,0.01014000,267161.00000000,0.01015000,166004.00000000,0.01016000,1632435.00000000,0.01007,1710,0.01006,5696,0.01005,5934,0.01004,8128,0.01003,8032,0.01002,8717,0.01001,10701,0.01,18341,0.00999,12262,0.00998,17427,0.01008,3260,0.01009,7589,0.0101,9055,0.01011,12953,0.01012,11162,0.01013,5031,0.01014,5352,0.01015,5924,0.01016,4541,0.01017,5164,,
0,5,291,0.01006000,0.01006,0.0,1774137117000,0.01005000,51200.00000000,0.01004000,468783.00000000,0.01003000,163023.00000000,0.01002000,194272.00000000,0.01001000,2068866.00000000,0.01000000,510366.00000000,0.00999000,209442.00000000,0.00998000,1353623.00000000,0.00997000,573588.00000000,0.00996000,2013425.00000000,0.01006000,93746.00000000,0.01007000,262313.00000000,0.01008000,758570.00000000,0.01009000,1095574.00000000,0.01010000,1736332.00000000,0.01011000,274391.00000000,0.01012000,306995.00000000,0.01013000,254680.00000000,0.01014000,267161.00000000,0.01015000,1681214.00000000,0.01006,3668,0.01005,6548,0.01004,8128,0.01003,8032,0.01002,8717,0.01001,10701,0.01,18341,0.00999,11261,0.00998,18794,0.00997,7387,0.01008,5197,0.01009,7589,0.0101,8917,0.01011,13942,0.01012,10174,0.01013,5031,0.01014,5352,0.01015,5924,0.01016,4541,0.01017,5164,,
0,5,291,0.01006000,0.01006,0.0,1774137118000,0.01005000,100474.00000000,0.01004000,468812.00000000,0.01003000,163023.00000000,0.01002000,194272.00000000,0.01001000,2068866.00000000,0.01000000,610366.00000000,0.00999000,209442.00000000,0.00998000,1550535.00000000,0.00997000,573588.00000000,0.00996000,2013425.00000000,0.01006000,33081.00000000,0.01007000,262313.00000000,0.01008000,758570.00000000,0.01009000,966801.00000000,0.01010000,1639200.00000000,0.01011000,226020.00000000,0.01012000,256991.00000000,0.01013000,254680.00000000,0.01014000,267161.00000000,0.01015000,1681214.00000000,0.01006,3698,0.01005,6746,0.01004,8128,0.01003,8032,0.01002,8717,0.01001,10701,0.01,18341,0.00999,11261,0.00998,18794,0.00997,7387,0.01007,1144,0.01008,6400,0.01009,8747,0.0101,9282,0.01011,13942,0.01012,10174,0.01013,5031,0.01014,5352,0.01015,5924,0.01016,4541,,
0,5,291,0.01006000,0.01006,0.0,1774137120000,0.01005000,100474.00000000,0.01004000,468812.00000000,0.01003000,163023.00000000,0.01002000,194272.00000000,0.01001000,2068866.00000000,0.01000000,610366.00000000,0.00999000,209442.00000000,0.00998000,1550535.00000000,0.00997000,573588.00000000,0.00996000,2013425.00000000,0.01006000,37706.00000000,0.01007000,238571.00000000,0.01008000,758570.00000000,0.01009000,1074828.00000000,0.01010000,1747149.00000000,0.01011000,278062.00000000,0.01012000,306698.00000000,0.01013000,254680.00000000,0.01014000,267161.00000000,0.01015000,166004.00000000,0.01006,3233,0.01005,6746,0.01004,8128,0.01003,7105,0.01002,9645,0.01001,10701,0.01,18341,0.00999,11261,0.00998,18794,0.00997,7387,0.01007,1069,0.01008,7537,0.01009,8747,0.0101,9282,0.01011,13942,0.01012,10174,0.01013,5031,0.01014,5352,0.01015,5924,0.01016,4541,0.0001332575286167,1774152000000
0,5,291,0.01006000,0.01005,-0.0994,1774137121000,0.01005000,5480.00000000,0.01004000,124288.00000000,0.01003000,163023.00000000,0.01002000,335134.00000000,0.01001000,2068866.00000000,0.01000000,638930.00000000,0.00999000,246630.00000000,0.00998000,1353623.00000000,0.00997000,573588.00000000,0.00996000,2013425.00000000,0.01006000,89546.00000000,0.01007000,258409.00000000,0.01008000,942123.00000000,0.01009000,885052.00000000,0.01010000,1641220.00000000,0.01011000,226603.00000000,0.01012000,306698.00000000,0.01013000,218669.00000000,0.01014000,267161.00000000,0.01015000,1684653.00000000,0.01005,2318,0.01004,6162,0.01003,7670,0.01002,8717,0.01001,11629,0.01,16811,0.00999,8740,0.00998,18868,0.00997,8755,0.00996,33208,0.01006,841,0.01007,7357,0.01008,8481,0.01009,8730,0.0101,10372,0.01011,14326,0.01012,8727,0.01013,5561,0.01014,5352,0.01015,5924,,
0,5,291,0.01006000,0.01006,0.0,1774137122000,0.01004000,33311.00000000,0.01003000,249453.00000000,0.01002000,454155.00000000,0.01001000,216359.00000000,0.01000000,694941.00000000,0.00999000,140079.00000000,0.00998000,1311306.00000000,0.00997000,523975.00000000,0.00996000,450687.00000000,0.00995000,281747.00000000,0.01005000,53275.00000000,0.01006000,286726.00000000,0.01007000,246259.00000000,0.01008000,1043739.00000000,0.01009000,519423.00000000,0.01010000,329001.00000000,0.01011000,226603.00000000,0.01012000,271669.00000000,0.01013000,159831.00000000,0.01014000,267161.00000000,0.01006,515,0.01005,6736,0.01004,4066,0.01003,7105,0.01002,9282,0.01001,9629,0.01,16811,0.00999,8740,0.00998,18868,0.00997,8390,0.01007,4356,0.01008,8615,0.01009,8799,0.0101,9586,0.01011,15315,0.01012,8727,0.01013,5561,0.01014,4762,0.01015,5442,0.01016,6732,,
0,5,291,0.01006000,0.01005,-0.0994,1774137123000,0.01004000,61759.00000000,0.01003000,249838.00000000,0.01002000,454155.00000000,0.01001000,272370.00000000,0.01000000,694941.00000000,0.00999000,140079.00000000,0.00998000,1661091.00000000,0.00997000,521744.00000000,0.00996000,428351.00000000,0.00995000,281747.00000000,0.01005000,81193.00000000,0.01006000,252836.00000000,0.01007000,518472.00000000,0.01008000,1043739.00000000,0.01009000,519423.00000000,0.01010000,329001.00000000,0.01011000,226603.00000000,0.01012000,271669.00000000,0.01013000,159831.00000000,0.01014000,267161.00000000,0.01006,538,0.01005,6903,0.01004,4066,0.01003,7670,0.01002,8717,0.01001,9629,0.01,16811,0.00999,7305,0.00998,16901,0.00997,4855,0.01007,3494,0.01008,8816,0.01009,8799,0.0101,9586,0.01011,15315,0.01012,8727,0.01013,5561,0.01014,4762,0.01015,5442,0.01016,6732,,
0,5,291,0.01006000,0.01002,-0.3976,1774137124000,0.01004000,45843.00000000,0.01003000,222040.00000000,0.01002000,454155.00000000,0.01001000,272435.00000000,0.01000000,594895.00000000,0.00999000,108533.00000000,0.00998000,1556309.00000000,0.00997000,324772.00000000,0.00996000,176809.00000000,0.00995000,232600.00000000,0.01006000,200701.00000000,0.01007000,246259.00000000,0.01008000,1370514.00000000,0.01009000,422331.00000000,0.01010000,228506.00000000,0.01011000,206743.00000000,0.01012000,221962.00000000,0.01013000,219348.00000000,0.01014000,267161.00000000,0.01015000,166004.00000000,0.01006,9,0.01005,6424,0.01004,4562,0.01003,7670,0.01002,8717,0.01001,9629,0.01,16811,0.00999,7305,0.00998,15899,0.00997,5858,0.01007,4845,0.01008,8816,0.01009,8799,0.0101,9929,0.01011,15811,0.01012,8231,0.01013,5561,0.01014,4762,0.01015,5442,0.01016,6732,,
0,5,291,0.01005000,0.01002,-0.2985,1774137125000,0.01004000,45737.00000000,0.01003000,226756.00000000,0.01002000,454155.00000000,0.01001000,272435.00000000,0.01000000,2113118.00000000,0.00999000,166379.00000000,0.00998000,1556309.00000000,0.00997000,324772.00000000,0.00996000,176809.00000000,0.00995000,1795338.00000000,0.01005000,92024.00000000,0.01006000,252961.00000000,0.01007000,246259.00000000,0.01008000,831777.00000000,0.01009000,422331.00000000,0.01010000,251944.00000000,0.01011000,176649.00000000,0.01012000,221962.00000000,0.01013000,159831.00000000,0.01014000,1845435.00000000,0.01004,3401,0.01003,7131,0.01002,9282,0.01001,7962,0.01,16811,0.00999,8005,0.00998,14426,0.00997,10327,0.00996,38491,0.00995,5920,0.01005,1187,0.01006,7540,0.01007,8505,0.01008,9940,0.01009,9057,0.0101,11532,0.01011,12223,0.01012,5985,0.01013,5766,0.01014,7050,,
0,5,291,0.01005000,0.01002,-0.2985,1774137126000,0.01003000,67778.00000000,0.01002000,439871.00000000,0.01001000,216359.00000000,0.01000000,566313.00000000,0.00999000,208376.00000000,0.00998000,1560399.00000000,0.00997000,324772.00000000,0.00996000,176809.00000000,0.00995000,232600.00000000,0.00994000,293736.00000000,0.01004000,40460.00000000,0.01005000,117831.00000000,0.01006000,290371.00000000,0.01007000,499493.00000000,0.01008000,1043951.00000000,0.01009000,449266.00000000,0.01010000,166566.00000000,0.01011000,176649.00000000,0.01012000,221962.00000000,0.01013000,159831.00000000,0.01003,100,0.01002,6490,0.01001,3987,0.01,19795,0.00999,9110,0.00998,9994,0.00997,7758,0.00996,16774,0.00995,9890,0.00994,5241,0.01004,2570,0.01005,11491,0.01006,12446,0.01007,13852,0.01008,11081,0.01009,7411,0.0101,5046,0.01011,6140,0.01012,7594,0.01013,5788,,
0,5,291,0.01006000,0.01001,-0.497,1774137127000,0.01002000,59662.00000000,0.01001000,112850.00000000,0.01000000,274715.00000000,0.00999000,468746.00000000,0.00998000,881358.00000000,0.00997000,1836017.00000000,0.00996000,259549.00000000,0.00995000,485012.00000000,0.00994000,520639.00000000,0.00993000,884080.00000000,0.01003000,80139.00000000,0.01004000,311570.00000000,0.01005000,1162600.00000000,0.01006000,318560.00000000,0.01007000,203153.00000000,0.01008000,171911.00000000,0.01009000,260281.00000000,0.01010000,119733.00000000,0.01011000,106682.00000000,0.01012000,331352.00000000,0.01002,684,0.01001,5704,0.01,17072,0.00999,8182,0.00998,9994,0.00997,7758,0.00996,15298,0.00995,8402,0.00994,4600,0.00993,30000,0.01003,2448,0.01004,7137,0.01005,7511,0.01006,11377,0.01007,14900,0.01008,10081,0.01009,5253,0.0101,6317,0.01011,4803,0.01012,7594,,
0,5,291,0.01005000,0.0099,-1.4925,1774137128000,0.01002000,45125.00000000,0.01001000,134076.00000000,0.01000000,272079.00000000,0.00999000,612075.00000000,0.00998000,881358.00000000,0.00997000,1862565.00000000,0.00996000,308663.00000000,0.00995000,584268.00000000,0.00994000,619905.00000000,0.00993000,881085.00000000,0.01003000,96510.00000000,0.01004000,311570.00000000,0.01005000,608288.00000000,0.01006000,877067.00000000,0.01007000,1677981.00000000,0.01008000,152371.00000000,0.01009000,317146.00000000,0.01010000,119733.00000000,0.01011000,106682.00000000,0.01012000,1880865.00000000,0.01002,752,0.01001,5690,0.01,17072,0.00999,6767,0.00998,11387,0.00997,9073,0.00996,15388,0.00995,7554,0.00994,6047,0.00993,31017,0.01003,1463,0.01004,7010,0.01005,7511,0.01006,10450,0.01007,15893,0.01008,9589,0.01009,5799,0.0101,4546,0.01011,4803,0.01012,7594,,
0,5,291,0.01005000,0.00988,-1.6915,1774137130000,0.01001000,40591.00000000,0.01000000,272438.00000000,0.00999000,328227.00000000,0.00998000,935355.00000000,0.00997000,1868895.00000000,0.00996000,440176.00000000,0.00995000,485012.00000000,0.00994000,321876.00000000,0.00993000,597666.00000000,0.00992000,1668279.00000000,0.01002000,30172.00000000,0.01003000,308013.00000000,0.01004000,1004451.00000000,0.01005000,532728.00000000,0.01006000,1600270.00000000,0.01007000,238182.00000000,0.01008000,152371.00000000,0.01009000,353628.00000000,0.01010000,119733.00000000,0.01011000,1616149.00000000,0.00994,1213,0.00993,5013,0.00992,6451,0.00991,10378,0.0099,6731,0.00989,5570,0.00988,7808,0.00987,31796,0.00986,5790,0.00985,16039,0.00995,1775,0.00996,7773,0.00997,6689,0.00998,5445,0.00999,6732,0.01,8281,0.01001,13242,0.01002,6886,0.01003,7049,0.01004,5935,,
0,5,291,0.01005000,0.00989,-1.592,1774137131000,0.00998000,2.00000000,0.00997000,140274.00000000,0.00996000,82310.00000000,0.00995000,86681.00000000,0.00994000,132041.00000000,0.00993000,50464.00000000,0.00992000,553766.00000000,0.00991000,409913.00000000,0.00990000,58171.00000000,0.00989000,109280.00000000,0.00999000,48060.00000000,0.01000000,200705.00000000,0.01001000,115030.00000000,0.01002000,256891.00000000,0.01003000,1144409.00000000,0.01004000,122107.00000000,0.01005000,413180.00000000,0.01006000,99273.00000000,0.01007000,149685.00000000,0.01008000,188168.00000000,0.00988,2090,0.00987,4951,0.00986,5533,0.00985,21670,0.00984,12164,0.00983,4059,0.00982,4347,0.00981,31533,0.0098,9315,0.00979,3830,0.00989,122,0.0099,1747,0.00991,5674,0.00992,16174,0.00993,6048,0.00994,4680,0.00995,6926,0.00996,6167,0.00997,10147,0.00998,5884,,
0,5,291,0.01006000,0.0098,-2.5845,1774137132000,0.00992000,24433.00000000,0.00991000,93022.00000000,0.00990000,156444.00000000,0.00989000,149821.00000000,0.00988000,682152.00000000,0.00987000,175823.00000000,0.00986000,236520.00000000,0.00985000,320723.00000000,0.00984000,111031.00000000,0.00983000,425287.00000000,0.00994000,110700.00000000,0.00995000,386190.00000000,0.00996000,656034.00000000,0.00997000,314945.00000000,0.00998000,84478.00000000,0.00999000,476613.00000000,0.01000000,109239.00000000,0.01001000,112562.00000000,0.01002000,92521.00000000,0.01003000,163111.00000000,0.00986,1915,0.00985,17756,0.00984,11404,0.00983,7644,0.00982,6174,0.00981,32753,0.0098,7769,0.00979,4180,0.00978,3627,0.00977,3476,0.00987,113,0.00988,4870,0.00989,7682,0.0099,5171,0.00991,9429,0.00992,14179,0.00993,5267,0.00994,5338,0.00995,8604,0.00996,4515,,
0,5,291,0.01005000,0.00979,-2.5871,1774137133000,0.00991000,62458.00000000,0.00990000,273817.00000000,0.00989000,151514.00000000,0.00988000,159502.00000000,0.00987000,490695.00000000,0.00986000,725116.00000000,0.00985000,93926.00000000,0.00984000,232444.00000000,0.00983000,605430.00000000,0.00982000,145061.00000000,0.00992000,26403.00000000,0.00993000,357986.00000000,0.00994000,299637.00000000,0.00995000,550234.00000000,0.00996000,1813826.00000000,0.00997000,109689.00000000,0.00998000,73334.00000000,0.00999000,215852.00000000,0.01000000,53074.00000000,0.01001000,1720170.00000000,0.00987,808,0.00986,4724,0.00985,17967,0.00984,5112,0.00983,4705,0.00982,10427,0.00981,32753,0.0098,8210,0.00979,4180,0.00978,3247,0.00988,2417,0.00989,7724,0.0099,4368,0.00991,8110,0.00992,14026,0.00993,10167,0.00994,5338,0.00995,8248,0.00996,5864,0.00997,8470,,
0,5,291,0.01006000,0.00979,-2.6839,1774137134000,0.00989000,15569.00000000,0.00988000,252734.00000000,0.00987000,199190.00000000,0.00986000,424221.00000000,0.00985000,302415.00000000,0.00984000,177478.00000000,0.00983000,1019460.00000000,0.00982000,145061.00000000,0.00981000,142288.00000000,0.00980000,2171320.00000000,0.00990000,9798.00000000,0.00991000,197929.00000000,0.00992000,463384.00000000,0.00993000,491807.00000000,0.00994000,252811.00000000,0.00995000,273240.00000000,0.00996000,242904.00000000,0.00997000,74660.00000000,0.00998000,84930.00000000,0.00999000,212518.00000000,0.00989,2251,0.00988,5138,0.00987,4823,0.00986,6378,0.00985,17739,0.00984,5617,0.00983,5694,0.00982,11689,0.00981,32753,0.0098,7845,0.0099,1324,0.00991,9395,0.00992,12788,0.00993,7330,0.00994,6093,0.00995,9137,0.00996,6447,0.00997,8469,0.00998,30020,0.00999,4738,,
0,5,291,0.01005000,0.00978,-2.6866,1774137135000,0.00990000,71764.00000000,0.00989000,214698.00000000,0.00988000,210592.00000000,0.00987000,199190.00000000,0.00986000,1904807.00000000,0.00985000,302415.00000000,0.00984000,174675.00000000,0.00983000,1119733.00000000,0.00982000,145061.00000000,0.00981000,329314.00000000,0.00991000,149482.00000000,0.00992000,341922.00000000,0.00993000,491807.00000000,0.00994000,374334.00000000,0.00995000,273240.00000000,0.00996000,242904.00000000,0.00997000,74660.00000000,0.00998000,84930.00000000,0.00999000,212518.00000000,0.01000000,53074.00000000,0.00989,1305,0.00988,5138,0.00987,5390,0.00986,5812,0.00985,17739,0.00984,5617,0.00983,5694,0.00982,11689,0.00981,32753,0.0098,7845,0.0099,3015,0.00991,9395,0.00992,12789,0.00993,7330,0.00994,6093,0.00995,9460,0.00996,6447,0.00997,8264,0.00998,30020,0.00999,4738,,
0,5,291,0.01005000,0.0098,-2.4876,1774137137000,0.00984000,39680.00000000,0.00983000,196628.00000000,0.00982000,184368.00000000,0.00981000,160200.00000000,0.00980000,524930.00000000,0.00979000,367745.00000000,0.00978000,842212.00000000,0.00977000,782880.00000000,0.00976000,179215.00000000,0.00975000,576496.00000000,0.00985000,209788.00000000,0.00986000,788607.00000000,0.00987000,269637.00000000,0.00988000,425021.00000000,0.00989000,1709670.00000000,0.00990000,202869.00000000,0.00991000,190930.00000000,0.00992000,189002.00000000,0.00993000,55970.00000000,0.00994000,1836265.00000000,0.00982,533,0.00981,4205,0.0098,5092,0.00979,4056,0.00978,5410,0.00977,5017,0.00976,5597,0.00975,9645,0.00974,3806,0.00973,8745,0.00983,2599,0.00984,7058,0.00985,4845,0.00986,7010,0.00987,8361,0.00988,4805,0.00989,5030,0.0099,4593,0.00991,7291,0.00992,37985,,
0,5,291,0.01005000,0.00979,-2.5871,1774137138000,0.00982000,124289.00000000,0.00981000,60593.00000000,0.00980000,581567.00000000,0.00979000,154899.00000000,0.00978000,1817376.00000000,0.00977000,506545.00000000,0.00976000,334831.00000000,0.00975000,965897.00000000,0.00974000,358090.00000000,0.00973000,2034888.00000000,0.00983000,85325.00000000,0.00984000,708252.00000000,0.00985000,739143.00000000,0.00986000,298677.00000000,0.00987000,138663.00000000,0.00988000,416621.00000000,0.00989000,187960.00000000,0.00990000,194469.00000000,0.00991000,130298.00000000,0.00992000,239982.00000000,0.00979,421,0.00978,5281,0.00977,5308,0.00976,5130,0.00975,10107,0.00974,3601,0.00973,12634,0.00972,28697,0.00971,3944,0.0097,3849,0.0098,994,0.00981,6150,0.00982,5724,0.00983,5260,0.00984,5539,0.00985,6870,0.00986,9179,0.00987,9475,0.00988,4214,0.00989,3496,,
0,5,291,0.01005000,0.00981,-2.3881,1774137139000,0.00983000,12279.00000000,0.00982000,150623.00000000,0.00981000,205156.00000000,0.00980000,687057.00000000,0.00979000,154899.00000000,0.00978000,273693.00000000,0.00977000,568099.00000000,0.00976000,370069.00000000,0.00975000,861621.00000000,0.00974000,330880.00000000,0.00984000,83234.00000000,0.00985000,417447.00000000,0.00986000,375468.00000000,0.00987000,350663.00000000,0.00988000,214249.00000000,0.00989000,187960.00000000,0.00990000,229498.00000000,0.00991000,130298.00000000,0.00992000,289149.00000000,0.00993000,113221.00000000,0.00979,1851,0.00978,5499,0.00977,5309,0.00976,6241,0.00975,8620,0.00974,4066,0.00973,12634,0.00972,28697,0.00971,3944,0.0097,3849,0.0098,1010,0.00981,6181,0.00982,5654,0.00983,6194,0.00984,5539,0.00985,6007,0.00986,8685,0.00987,8972,0.00988,4293,0.00989,3496,,
0,5,291,0.01004000,0.00983,-2.0916,1774137140000,0.00981000,98958.00000000,0.00980000,498100.00000000,0.00979000,197363.00000000,0.00978000,366385.00000000,0.00977000,1971176.00000000,0.00976000,366005.00000000,0.00975000,839679.00000000,0.00974000,414746.00000000,0.00973000,491820.00000000,0.00972000,2683442.00000000,0.00982000,205918.00000000,0.00983000,340669.00000000,0.00984000,521332.00000000,0.00985000,969922.00000000,0.00986000,364512.00000000,0.00987000,371878.00000000,0.00988000,213456.00000000,0.00989000,247368.00000000,0.00990000,110660.00000000,0.00991000,130298.00000000,0.00978,1334,0.00977,5112,0.00976,4976,0.00975,10967,0.00974,5752,0.00973,11291,0.00972,28342,0.00971,5404,0.0097,4114,0.00969,3765,0.00979,728,0.0098,5376,0.00981,4371,0.00982,5087,0.00983,6702,0.00984,5595,0.00985,7394,0.00986,8629,0.00987,8958,0.00988,3808,,
0,5,291,0.01003000,0.00982,-2.0937,1774137141000,0.00981000,64936.00000000,0.00980000,498100.00000000,0.00979000,197363.00000000,0.00978000,366385.00000000,0.00977000,1971176.00000000,0.00976000,366005.00000000,0.00975000,939679.00000000,0.00974000,414746.00000000,0.00973000,495642.00000000,0.00972000,2683442.00000000,0.00982000,205918.00000000,0.00983000,340669.00000000,0.00984000,521891.00000000,0.00985000,655573.00000000,0.00986000,1856378.00000000,0.00987000,371878.00000000,0.00988000,248485.00000000,0.00989000,247368.00000000,0.00990000,75631.00000000,0.00991000,1684809.00000000,0.00978,9,0.00977,4002,0.00976,5484,0.00975,6394,0.00974,4187,0.00973,12452,0.00972,4997,0.00971,5404,0.0097,4114,0.00969,28773,0.00979,1824,0.0098,7558,0.00981,4911,0.00982,7005,0.00983,11510,0.00984,6049,0.00985,6712,0.00986,5819,0.00987,3661,0.00988,3906,,
0,5,291,0.01002000,0.00981,-2.0958,1774137142000,0.00982000,107576.00000000,0.00981000,49684.00000000,0.00980000,489512.00000000,0.00979000,197363.00000000,0.00978000,366385.00000000,0.00977000,1971176.00000000,0.00976000,336532.00000000,0.00975000,839679.00000000,0.00974000,414746.00000000,0.00973000,495642.00000000,0.00983000,182446.00000000,0.00984000,515455.00000000,0.00985000,655573.00000000,0.00986000,1754895.00000000,0.00987000,166686.00000000,0.00988000,248485.00000000,0.00989000,247368.00000000,0.00990000,81215.00000000,0.00991000,1684809.00000000,0.00992000,239982.00000000,0.00977,1843,0.00976,4328,0.00975,7062,0.00974,4187,0.00973,10459,0.00972,4964,0.00971,9028,0.0097,4148,0.00969,28933,0.00968,5825,0.00978,1975,0.00979,5468,0.0098,6098,0.00981,5611,0.00982,7911,0.00983,12021,0.00984,5569,0.00985,5228,0.00986,5819,0.00987,3649,,
0,5,291,0.00984000,0.00982,-0.2033,1774137148000,0.00980000,473338.00000000,0.00979000,520346.00000000,0.00978000,212990.00000000,0.00977000,212598.00000000,0.00976000,340196.00000000,0.00975000,369795.00000000,0.00974000,276210.00000000,0.00973000,491820.00000000,0.00972000,829202.00000000,0.00971000,334327.00000000,0.00981000,1021.00000000,0.00982000,135317.00000000,0.00983000,100054.00000000,0.00984000,320915.00000000,0.00985000,195424.00000000,0.00986000,182674.00000000,0.00987000,352465.00000000,0.00988000,324594.00000000,0.00989000,467820.00000000,0.00990000,90639.00000000,0.00984,3069,0.00983,6003,0.00982,3870,0.00981,3813,0.0098,9701,0.00979,5862,0.00978,4044,0.00977,10266,0.00976,3689,0.00975,9705,0.00985,667,0.00986,5588,0.00987,4158,0.00988,6739,0.00989,11583,0.0099,6825,0.00991,5874,0.00992,37970,0.00993,4503,0.00994,4181,,
0,5,291,0.00985000,0.00982,-0.3046,1774137149000,0.00982000,56756.00000000,0.00981000,249058.00000000,0.00980000,332662.00000000,0.00979000,360205.00000000,0.00978000,1706894.00000000,0.00977000,312598.00000000,0.00976000,299476.00000000,0.00975000,483114.00000000,0.00974000,276210.00000000,0.00973000,2070425.00000000,0.00983000,50273.00000000,0.00984000,443519.00000000,0.00985000,216194.00000000,0.00986000,230751.00000000,0.00987000,699821.00000000,0.00988000,330404.00000000,0.00989000,188517.00000000,0.00990000,90639.00000000,0.00991000,131803.00000000,0.00992000,296031.00000000,0.00982,4134,0.00981,5703,0.0098,5926,0.00979,10172,0.00978,6767,0.00977,4509,0.00976,28895,0.00975,10057,0.00974,3807,0.00973,5803,0.00983,2155,0.00984,6319,0.00985,3699,0.00986,3650,0.00987,5099,0.00988,4871,0.00989,7401,0.0099,6451,0.00991,11421,0.00992,13240,,
0,5,291,0.00985000,0.0098,-0.5076,1774137150000,0.00983000,184678.00000000,0.00982000,216981.00000000,0.00981000,203848.00000000,0.00980000,332662.00000000,0.00979000,297807.00000000,0.00978000,275388.00000000,0.00977000,376381.00000000,0.00976000,239150.00000000,0.00975000,486830.00000000,0.00974000,274843.00000000,0.00984000,367211.00000000,0.00985000,216194.00000000,0.00986000,233271.00000000,0.00987000,535104.00000000,0.00988000,330404.00000000,0.00989000,188517.00000000,0.00990000,181531.00000000,0.00991000,131803.00000000,0.00992000,296031.00000000,0.00993000,54495.00000000,0.00982,6427,0.00981,5703,0.0098,5927,0.00979,10260,0.00978,6767,0.00977,7037,0.00976,28895,0.00975,10057,0.00974,3807,0.00973,5783,0.00983,322,0.00984,4283,0.00985,4989,0.00986,3650,0.00987,5099,0.00988,4871,0.00989,9984,0.0099,6451,0.00991,10412,0.00992,14248,,
0,5,291,0.00985000,0.00979,-0.6091,1774137151000,0.00986000,29899.00000000,0.00985000,318991.00000000,0.00984000,213558.00000000,0.00983000,168204.00000000,0.00982000,564013.00000000,0.00981000,348512.00000000,0.00980000,240450.00000000,0.00979000,580720.00000000,0.00978000,208820.00000000,0.00977000,161351.00000000,0.00987000,419222.00000000,0.00988000,193700.00000000,0.00989000,349592.00000000,0.00990000,296148.00000000,0.00991000,183344.00000000,0.00992000,187130.00000000,0.00993000,54495.00000000,0.00994000,96162.00000000,0.00995000,219493.00000000,0.00996000,53074.00000000,0.00981,5856,0.0098,6614,0.00979,5106,0.00978,7275,0.00977,11878,0.00976,4713,0.00975,9484,0.00974,4307,0.00973,31471,0.00972,3040,0.00982,1383,0.00983,4704,0.00984,4997,0.00985,4698,0.00986,3902,0.00987,4840,0.00988,5588,0.00989,8468,0.0099,7222,0.00991,11441,,
0,5,291,0.00985000,0.00979,-0.6091,1774137152000,0.00985000,184945.00000000,0.00984000,290685.00000000,0.00983000,154318.00000000,0.00982000,564013.00000000,0.00981000,248512.00000000,0.00980000,377415.00000000,0.00979000,510532.00000000,0.00978000,533941.00000000,0.00977000,161351.00000000,0.00976000,128964.00000000,0.00986000,31473.00000000,0.00987000,436821.00000000,0.00988000,186276.00000000,0.00989000,319471.00000000,0.00990000,425572.00000000,0.00991000,183899.00000000,0.00992000,216810.00000000,0.00993000,54495.00000000,0.00994000,96162.00000000,0.00995000,291487.00000000,0.00981,6322,0.0098,8319,0.00979,4597,0.00978,7276,0.00977,12901,0.00976,3689,0.00975,9484,0.00974,4307,0.00973,31471,0.00972,3040,0.00982,965,0.00983,4704,0.00984,5998,0.00985,4128,0.00986,4583,0.00987,5038,0.00988,5414,0.00989,8468,0.0099,6212,0.00991,12450,,
0,5,291,0.00984000,0.0098,-0.4065,1774137153000,0.00985000,196077.00000000,0.00984000,491782.00000000,0.00983000,255748.00000000,0.00982000,453833.00000000,0.00981000,165987.00000000,0.00980000,418676.00000000,0.00979000,510051.00000000,0.00978000,145318.00000000,0.00977000,874841.00000000,0.00976000,71945.00000000,0.00986000,65896.00000000,0.00987000,57289.00000000,0.00988000,294632.00000000,0.00989000,172549.00000000,0.00990000,331155.00000000,0.00991000,181193.00000000,0.00992000,448953.00000000,0.00993000,344840.00000000,0.00994000,96162.00000000,0.00995000,215466.00000000,0.00982,1625,0.00981,8365,0.0098,7125,0.00979,4597,0.00978,7276,0.00977,12902,0.00976,3689,0.00975,9484,0.00974,4307,0.00973,31006,0.00983,1339,0.00984,6503,0.00985,4128,0.00986,4583,0.00987,5038,0.00988,6932,0.00989,8468,0.0099,6212,0.00991,12450,0.00992,13240,,
0,5,291,0.00985000,0.00982,-0.3046,1774137154000,0.00985000,57967.00000000,0.00984000,297890.00000000,0.00983000,168731.00000000,0.00982000,617438.00000000,0.00981000,1697634.00000000,0.00980000,521147.00000000,0.00979000,549354.00000000,0.00978000,584231.00000000,0.00977000,878170.00000000,0.00976000,1882136.00000000,0.00986000,69758.00000000,0.00987000,165533.00000000,0.00988000,352547.00000000,0.00989000,331227.00000000,0.00990000,2150735.00000000,0.00991000,207724.00000000,0.00992000,338917.00000000,0.00993000,127568.00000000,0.00994000,151874.00000000,0.00995000,1867054.00000000,0.00981,5302,0.0098,7703,0.00979,5105,0.00978,5378,0.00977,9351,0.00976,3689,0.00975,10509,0.00974,4307,0.00973,31371,0.00972,3049,0.00982,735,0.00983,5410,0.00984,4998,0.00985,4698,0.00986,4014,0.00987,5037,0.00988,6566,0.00989,6493,0.0099,7531,0.00991,12354,,
0,5,291,0.00984000,0.00982,-0.2033,1774137155000,0.00983000,89211.00000000,0.00982000,584867.00000000,0.00981000,218180.00000000,0.00980000,488759.00000000,0.00979000,583539.00000000,0.00978000,610597.00000000,0.00977000,968111.00000000,0.00976000,427483.00000000,0.00975000,70206.00000000,0.00974000,161913.00000000,0.00984000,108958.00000000,0.00985000,144061.00000000,0.00986000,208281.00000000,0.00987000,307637.00000000,0.00988000,452213.00000000,0.00989000,604007.00000000,0.00990000,509851.00000000,0.00991000,105992.00000000,0.00992000,338917.00000000,0.00993000,127568.00000000,0.00981,3503,0.0098,8878,0.00979,5105,0.00978,5378,0.00977,11911,0.00976,6549,0.00975,9484,0.00974,4307,0.00973,31371,0.00972,3040,0.00982,1610,0.00983,15402,0.00984,4998,0.00985,4698,0.00986,5240,0.00987,12300,0.00988,4825,0.00989,6398,0.0099,6642,0.00991,7185,,
0,5,291,0.00983000,0.00982,-0.1017,1774137156000,0.00983000,107249.00000000,0.00982000,595446.00000000,0.00981000,155987.00000000,0.00980000,488759.00000000,0.00979000,2125359.00000000,0.00978000,714244.00000000,0.00977000,1033727.00000000,0.00976000,427483.00000000,0.00975000,70206.00000000,0.00974000,1737139.00000000,0.00984000,98038.00000000,0.00985000,192131.00000000,0.00986000,410702.00000000,0.00987000,359295.00000000,0.00988000,1878784.00000000,0.00989000,509449.00000000,0.00990000,441517.00000000,0.00991000,84982.00000000,0.00992000,303888.00000000,0.00993000,1698860.00000000,0.00981,4198,0.0098,8877,0.00979,5105,0.00978,6400,0.00977,9351,0.00976,6549,0.00975,10118,0.00974,4308,0.00973,31371,0.00972,3040,0.00982,486,0.00983,14511,0.00984,4998,0.00985,4128,0.00986,4694,0.00987,6570,0.00988,5831,0.00989,10085,0.0099,7038,0.00991,7416,,
0,5,291,0.00983000,0.00982,-0.1017,1774137157000,0.00983000,68838.00000000,0.00982000,654572.00000000,0.00981000,218180.00000000,0.00980000,488759.00000000,0.00979000,583539.00000000,0.00978000,771701.00000000,0.00977000,1033727.00000000,0.00976000,487167.00000000,0.00975000,127399.00000000,0.00974000,199685.00000000,0.00984000,79122.00000000,0.00985000,192043.00000000,0.00986000,342671.00000000,0.00987000,357425.00000000,0.00988000,1811245.00000000,0.00989000,633013.00000000,0.00990000,516902.00000000,0.00991000,84982.00000000,0.00992000,303888.00000000,0.00993000,1698860.00000000,0.00982,1933,0.00981,8539,0.0098,7730,0.00979,5017,0.00978,8039,0.00977,9351,0.00976,6549,0.00975,10118,0.00974,3942,0.00973,31506,0.00983,10572,0.00984,6293,0.00985,4128,0.00986,4694,0.00987,6630,0.00988,5831,0.00989,10597,0.0099,7038,0.00991,7416,0.00992,13541,,
0,5,291,0.00983000,0.00984,0.1017,1774137158000,0.00983000,116747.00000000,0.00982000,654572.00000000,0.00981000,218385.00000000,0.00980000,488759.00000000,0.00979000,2075164.00000000,0.00978000,714244.00000000,0.00977000,1071487.00000000,0.00976000,487167.00000000,0.00975000,127399.00000000,0.00974000,1811286.00000000,0.00984000,45967.00000000,0.00985000,195923.00000000,0.00986000,398534.00000000,0.00987000,357983.00000000,0.00988000,1978691.00000000,0.00989000,599380.00000000,0.00990000,472392.00000000,0.00991000,151609.00000000,0.00992000,303888.00000000,0.00993000,1698860.00000000,0.00981,3287,0.0098,8304,0.00979,5017,0.00978,8039,0.00977,9351,0.00976,4052,0.00975,10118,0.00974,3942,0.00973,31872,0.00972,3060,0.00982,1231,0.00983,17088,0.00984,4471,0.00985,4129,0.00986,4694,0.00987,6629,0.00988,8468,0.00989,10597,0.0099,7038,0.00991,7416,,
0,5,291,0.00983000,0.00985,0.2035,1774137159000,0.00982000,355680.00000000,0.00981000,212455.00000000,0.00980000,426566.00000000,0.00979000,635937.00000000,0.00978000,767829.00000000,0.00977000,969678.00000000,0.00976000,306212.00000000,0.00975000,129948.00000000,0.00974000,297888.00000000,0.00973000,580694.00000000,0.00983000,41221.00000000,0.00984000,166184.00000000,0.00985000,201998.00000000,0.00986000,247759.00000000,0.00987000,802295.00000000,0.00988000,553477.00000000,0.00989000,477434.00000000,0.00990000,472392.00000000,0.00991000,151609.00000000,0.00992000,303888.00000000,0.00981,1892,0.0098,8901,0.00979,4957,0.00978,7151,0.00977,11900,0.00976,4052,0.00975,10118,0.00974,3808,0.00973,31872,0.00972,3041,0.00982,1417,0.00983,17091,0.00984,4471,0.00985,4129,0.00986,4694,0.00987,6629,0.00988,8468,0.00989,10597,0.0099,6526,0.00991,6407,,
0,5,291,0.00983000,0.00985,0.2035,1774137160000,0.00983000,40929.00000000,0.00982000,488996.00000000,0.00981000,374423.00000000,0.00980000,454961.00000000,0.00979000,216048.00000000,0.00978000,805431.00000000,0.00977000,375139.00000000,0.00976000,664802.00000000,0.00975000,335070.00000000,0.00974000,238735.00000000,0.00984000,115136.00000000,0.00985000,222354.00000000,0.00986000,243108.00000000,0.00987000,516480.00000000,0.00988000,551440.00000000,0.00989000,477991.00000000,0.00990000,295546.00000000,0.00991000,151609.00000000,0.00992000,302890.00000000,0.00993000,224936.00000000,0.00982,1492,0.00981,5556,0.0098,7730,0.00979,5017,0.00978,7154,0.00977,12923,0.00976,4052,0.00975,10118,0.00974,4308,0.00973,31006,0.00983,13451,0.00984,5765,0.00985,4129,0.00986,4155,0.00987,6256,0.00988,9385,0.00989,10597,0.0099,6526,0.00991,7418,0.00992,13541,,
0,5,291,0.00983000,0.00985,0.2035,1774137161000,0.00984000,174866.00000000,0.00983000,233224.00000000,0.00982000,446532.00000000,0.00981000,374423.00000000,0.00980000,554961.00000000,0.00979000,216048.00000000,0.00978000,656720.00000000,0.00977000,343207.00000000,0.00976000,607006.00000000,0.00975000,332289.00000000,0.00985000,83605.00000000,0.00986000,146745.00000000,0.00987000,361251.00000000,0.00988000,388127.00000000,0.00989000,658978.00000000,0.00990000,295546.00000000,0.00991000,124032.00000000,0.00992000,302890.00000000,0.00993000,224936.00000000,0.00994000,213388.00000000,0.00981,4066,0.0098,8303,0.00979,4509,0.00978,7662,0.00977,12923,0.00976,4052,0.00975,10118,0.00974,4308,0.00973,31371,0.00972,3076,0.00982,1176,0.00983,16761,0.00984,5190,0.00985,4608,0.00986,4125,0.00987,6256,0.00988,9897,0.00989,10085,0.0099,5179,0.00991,7416,,
0,5,291,0.00983000,0.00985,0.2035,1774137162000,0.00985000,63143.00000000,0.00984000,218626.00000000,0.00983000,173686.00000000,0.00982000,446532.00000000,0.00981000,374423.00000000,0.00980000,2016361.00000000,0.00979000,216048.00000000,0.00978000,655959.00000000,0.00977000,343207.00000000,0.00976000,607006.00000000,0.00986000,190780.00000000,0.00987000,365246.00000000,0.00988000,615926.00000000,0.00989000,622128.00000000,0.00990000,340479.00000000,0.00991000,124032.00000000,0.00992000,302890.00000000,0.00993000,224936.00000000,0.00994000,213388.00000000,0.00995000,185275.00000000,0.0098,3686,0.00979,5941,0.00978,7032,0.00977,9351,0.00976,4052,0.00975,11583,0.00974,4308,0.00973,32818,0.00972,3406,0.00971,3615,0.00981,1696,0.00982,7155,0.00983,14823,0.00984,4471,0.00985,5616,0.00986,3891,0.00987,6811,0.00988,8871,0.00989,10474,0.0099,6201,,
0,5,291,0.00984000,0.00985,0.1016,1774137163000,0.00985000,63143.00000000,0.00984000,275761.00000000,0.00983000,330068.00000000,0.00982000,494532.00000000,0.00981000,232432.00000000,0.00980000,1953963.00000000,0.00979000,217445.00000000,0.00978000,655959.00000000,0.00977000,341822.00000000,0.00976000,2112551.00000000,0.00986000,190780.00000000,0.00987000,365246.00000000,0.00988000,388027.00000000,0.00989000,587099.00000000,0.00990000,1783254.00000000,0.00991000,124032.00000000,0.00992000,337919.00000000,0.00993000,224936.00000000,0.00994000,213388.00000000,0.00995000,1714112.00000000,0.00979,3613,0.00978,6165,0.00977,9291,0.00976,4052,0.00975,9062,0.00974,5833,0.00973,35408,0.00972,3406,0.00971,3945,0.0097,4216,0.0098,1586,0.00981,5386,0.00982,7943,0.00983,15183,0.00984,4945,0.00985,6407,0.00986,5233,0.00987,5219,0.00988,10109,0.00989,9463,,
0,5,291,0.00984000,0.00985,0.1016,1774137164000,0.00983000,291790.00000000,0.00982000,494762.00000000,0.00981000,232432.00000000,0.00980000,454824.00000000,0.00979000,216879.00000000,0.00978000,709670.00000000,0.00977000,341822.00000000,0.00976000,876598.00000000,0.00975000,127167.00000000,0.00974000,181716.00000000,0.00984000,36960.00000000,0.00985000,145551.00000000,0.00986000,321640.00000000,0.00987000,361251.00000000,0.00988000,517709.00000000,0.00989000,587099.00000000,0.00990000,265307.00000000,0.00991000,124032.00000000,0.00992000,337919.00000000,0.00993000,224936.00000000,0.00979,1180,0.00978,6165,0.00977,5368,0.00976,3992,0.00975,12752,0.00974,6359,0.00973,35908,0.00972,3406,0.00971,3945,0.0097,4196,0.0098,1622,0.00981,5540,0.00982,7931,0.00983,15752,0.00984,5128,0.00985,11122,0.00986,5233,0.00987,5219,0.00988,9323,0.00989,4756,,
0,5,291,0.00984000,0.00985,0.1016,1774137165000,0.00984000,123333.00000000,0.00983000,405776.00000000,0.00982000,494083.00000000,0.00981000,170034.00000000,0.00980000,454824.00000000,0.00979000,275452.00000000,0.00978000,688247.00000000,0.00977000,343207.00000000,0.00976000,813617.00000000,0.00975000,127167.00000000,0.00985000,58867.00000000,0.00986000,233023.00000000,0.00987000,201459.00000000,0.00988000,2079865.00000000,0.00989000,556100.00000000,0.00990000,319969.00000000,0.00991000,124032.00000000,0.00992000,302890.00000000,0.00993000,1768516.00000000,0.00994000,151415.00000000,0.00979,2094,0.00978,6742,0.00977,5368,0.00976,3992,0.00975,15345,0.00974,6322,0.00973,33318,0.00972,3406,0.00971,3945,0.0097,4196,0.0098,1314,0.00981,5323,0.00982,7931,0.00983,15184,0.00984,7258,0.00985,13706,0.00986,3717,0.00987,5219,0.00988,8311,0.00989,5767,,
0,5,291,0.00985000,0.00985,0.0,1774137166000,0.00984000,37859.00000000,0.00983000,405776.00000000,0.00982000,431822.00000000,0.00981000,232295.00000000,0.00980000,454824.00000000,0.00979000,375452.00000000,0.00978000,688247.00000000,0.00977000,343207.00000000,0.00976000,872954.00000000,0.00975000,127167.00000000,0.00985000,78992.00000000,0.00986000,269727.00000000,0.00987000,201459.00000000,0.00988000,2079865.00000000,0.00989000,556100.00000000,0.00990000,372782.00000000,0.00991000,124032.00000000,0.00992000,325226.00000000,0.00993000,1768516.00000000,0.00994000,96162.00000000,0.0098,1219,0.00979,5144,0.00978,6644,0.00977,5368,0.00976,4052,0.00975,15345,0.00974,6322,0.00973,33830,0.00972,3396,0.00971,3580,0.00981,1635,0.00982,6888,0.00983,15184,0.00984,7354,0.00985,8554,0.00986,3816,0.00987,9937,0.00988,5862,0.00989,7304,0.0099,3743,,
0,5,291,0.00985000,0.00985,0.0,1774137167000,0.00984000,16943.00000000,0.00983000,405776.00000000,0.00982000,431822.00000000,0.00981000,232295.00000000,0.00980000,1920730.00000000,0.00979000,322502.00000000,0.00978000,656720.00000000,0.00977000,343207.00000000,0.00976000,872954.00000000,0.00975000,1679345.00000000,0.00985000,125179.00000000,0.00986000,279549.00000000,0.00987000,201459.00000000,0.00988000,2114894.00000000,0.00989000,556100.00000000,0.00990000,337753.00000000,0.00991000,146368.00000000,0.00992000,302890.00000000,0.00993000,1768516.00000000,0.00994000,96162.00000000,0.00982,1121,0.00981,5224,0.0098,5073,0.00979,3738,0.00978,6919,0.00977,5368,0.00976,4417,0.00975,15345,0.00974,6527,0.00973,33830,0.00983,12408,0.00984,5341,0.00985,6238,0.00986,5275,0.00987,9991,0.00988,5350,0.00989,5369,0.0099,3743,0.00991,8028,0.00992,13240,,
0,5,291,0.00986000,0.00988,0.2028,1774137168000,0.00983000,5501.00000000,0.00982000,238404.00000000,0.00981000,170034.00000000,0.00980000,313339.00000000,0.00979000,215381.00000000,0.00978000,709569.00000000,0.00977000,272633.00000000,0.00976000,670843.00000000,0.00975000,127167.00000000,0.00974000,238909.00000000,0.00984000,53042.00000000,0.00985000,220331.00000000,0.00986000,160720.00000000,0.00987000,236171.00000000,0.00988000,1942866.00000000,0.00989000,563658.00000000,0.00990000,284940.00000000,0.00991000,146368.00000000,0.00992000,187685.00000000,0.00993000,1768516.00000000,0.00982,2354,0.00981,5539,0.0098,4688,0.00979,8458,0.00978,6919,0.00977,4450,0.00976,5752,0.00975,13076,0.00974,4013,0.00973,32018,0.00983,5308,0.00984,5341,0.00985,3830,0.00986,6716,0.00987,8624,0.00988,6493,0.00989,10089,0.0099,5733,0.00991,7051,0.00992,13240,,
0,5,291,0.00986000,0.00989,0.3043,1774137169000,0.00981000,342029.00000000,0.00980000,297753.00000000,0.00979000,176078.00000000,0.00978000,749724.00000000,0.00977000,334962.00000000,0.00976000,701400.00000000,0.00975000,146228.00000000,0.00974000,238909.00000000,0.00973000,530771.00000000,0.00972000,801032.00000000,0.00983000,209231.00000000,0.00984000,187184.00000000,0.00985000,221381.00000000,0.00986000,520514.00000000,0.00987000,329799.00000000,0.00988000,386616.00000000,0.00989000,166496.00000000,0.00990000,265307.00000000,0.00991000,146368.00000000,0.00992000,130492.00000000,0.00982,3058,0.00981,6361,0.0098,4688,0.00979,8355,0.00978,7382,0.00977,4450,0.00976,5387,0.00975,12051,0.00974,4013,0.00973,32018,0.00983,4773,0.00984,5332,0.00985,3830,0.00986,6843,0.00987,8962,0.00988,7008,0.00989,10089,0.0099,5733,0.00991,7051,0.00992,13240,,
0,5,291,0.00986000,0.00989,0.3043,1774137170000,0.00982000,20258.00000000,0.00981000,382207.00000000,0.00980000,235212.00000000,0.00979000,195726.00000000,0.00978000,421162.00000000,0.00977000,334962.00000000,0.00976000,702724.00000000,0.00975000,176315.00000000,0.00974000,341493.00000000,0.00973000,530771.00000000,0.00983000,170193.00000000,0.00984000,348895.00000000,0.00985000,358847.00000000,0.00986000,391131.00000000,0.00987000,313526.00000000,0.00988000,351587.00000000,0.00989000,201525.00000000,0.00990000,265307.00000000,0.00991000,124032.00000000,0.00992000,130492.00000000,0.00982,3058,0.00981,6361,0.0098,5648,0.00979,8355,0.00978,7382,0.00977,4450,0.00976,5387,0.00975,12051,0.00974,4013,0.00973,32018,0.00983,3415,0.00984,5272,0.00985,3830,0.00986,5333,0.00987,8027,0.00988,5415,0.00989,8563,0.0099,5733,0.00991,7553,0.00992,14248,,
0,5,291,0.00987000,0.00989,0.2026,1774137171000,0.00982000,7399.00000000,0.00981000,130620.00000000,0.00980000,249595.00000000,0.00979000,459410.00000000,0.00978000,1888400.00000000,0.00977000,299336.00000000,0.00976000,729873.00000000,0.00975000,177694.00000000,0.00974000,398833.00000000,0.00973000,2104336.00000000,0.00983000,116755.00000000,0.00984000,341794.00000000,0.00985000,610985.00000000,0.00986000,484259.00000000,0.00987000,1955289.00000000,0.00988000,251883.00000000,0.00989000,227888.00000000,0.00990000,265307.00000000,0.00991000,232538.00000000,0.00992000,1740587.00000000,0.00982,3296,0.00981,6360,0.0098,5648,0.00979,9376,0.00978,6360,0.00977,4450,0.00976,5958,0.00975,9497,0.00974,4013,0.00973,32018,0.00983,4175,0.00984,5272,0.00985,3830,0.00986,4818,0.00987,7621,0.00988,5942,0.00989,12050,0.0099,5733,0.00991,7553,0.00992,14248,,
0,5,291,0.00987000,0.0099,0.304,1774137172000,0.00982000,85175.00000000,0.00981000,479440.00000000,0.00980000,249595.00000000,0.00979000,238407.00000000,0.00978000,1888400.00000000,0.00977000,289743.00000000,0.00976000,729873.00000000,0.00975000,147607.00000000,0.00974000,398833.00000000,0.00973000,2148820.00000000,0.00983000,138768.00000000,0.00984000,313289.00000000,0.00985000,445789.00000000,0.00986000,620771.00000000,0.00987000,1955289.00000000,0.00988000,254969.00000000,0.00989000,192859.00000000,0.00990000,265307.00000000,0.00991000,232538.00000000,0.00992000,1740587.00000000,0.00982,3067,0.00981,6359,0.0098,5648,0.00979,9376,0.00978,8909,0.00977,4450,0.00976,4424,0.00975,9497,0.00974,4013,0.00973,32018,0.00983,2362,0.00984,5270,0.00985,3823,0.00986,5043,0.00987,6363,0.00988,5915,0.00989,10402,0.0099,6756,0.00991,7711,0.00992,13240,,
0,5,291,0.00989000,0.00991,0.2022,1774137173000,0.00982000,78794.00000000,0.00981000,479397.00000000,0.00980000,249595.00000000,0.00979000,238407.00000000,0.00978000,440813.00000000,0.00977000,289743.00000000,0.00976000,729873.00000000,0.00975000,147607.00000000,0.00974000,296249.00000000,0.00973000,575255.00000000,0.00984000,190303.00000000,0.00985000,316337.00000000,0.00986000,782358.00000000,0.00987000,850410.00000000,0.00988000,254969.00000000,0.00989000,192859.00000000,0.00990000,265307.00000000,0.00991000,232538.00000000,0.00992000,181167.00000000,0.00993000,173253.00000000,0.00984,3934,0.00983,5525,0.00982,3671,0.00981,5891,0.0098,6726,0.00979,9832,0.00978,8270,0.00977,6363,0.00976,4327,0.00975,8037,0.00985,908,0.00986,6221,0.00987,5273,0.00988,5253,0.00989,6834,0.0099,6947,0.00991,10382,0.00992,14676,0.00993,4099,0.00994,7531,,
0,5,291,0.00989000,0.00993,0.4044,1774137175000,0.00983000,107563.00000000,0.00982000,191105.00000000,0.00981000,436933.00000000,0.00980000,292648.00000000,0.00979000,1696925.00000000,0.00978000,401558.00000000,0.00977000,237007.00000000,0.00976000,666343.00000000,0.00975000,252028.00000000,0.00974000,1869681.00000000,0.00985000,72112.00000000,0.00986000,652159.00000000,0.00987000,758431.00000000,0.00988000,1879572.00000000,0.00989000,165001.00000000,0.00990000,265307.00000000,0.00991000,232538.00000000,0.00992000,240756.00000000,0.00993000,1740072.00000000,0.00994000,96162.00000000,0.00985,3427,0.00984,5056,0.00983,4275,0.00982,3677,0.00981,5891,0.0098,8470,0.00979,8326,0.00978,7249,0.00977,6363,0.00976,4258,0.00986,582,0.00987,4825,0.00988,5253,0.00989,5914,0.0099,7854,0.00991,13874,0.00992,14676,0.00993,3599,0.00994,7531,0.00995,28451,,
0,5,291,0.00989000,0.00993,0.4044,1774137176000,0.00985000,44917.00000000,0.00984000,180690.00000000,0.00983000,437857.00000000,0.00982000,284523.00000000,0.00981000,235705.00000000,0.00980000,358620.00000000,0.00979000,214748.00000000,0.00978000,305984.00000000,0.00977000,664097.00000000,0.00976000,666343.00000000,0.00986000,181917.00000000,0.00987000,179055.00000000,0.00988000,525347.00000000,0.00989000,273472.00000000,0.00990000,265307.00000000,0.00991000,124032.00000000,0.00992000,245609.00000000,0.00993000,283188.00000000,0.00994000,96162.00000000,0.00995000,128082.00000000,0.00985,3093,0.00984,5056,0.00983,4276,0.00982,5040,0.00981,5547,0.0098,7085,0.00979,8961,0.00978,6777,0.00977,5998,0.00976,3893,0.00986,1582,0.00987,4460,0.00988,4888,0.00989,5549,0.0099,7489,0.00991,13874,0.00992,14311,0.00993,3599,0.00994,7531,0.00995,28951,,
0,5,291,0.00989000,0.00993,0.4044,1774137177000,0.00985000,73496.00000000,0.00984000,228639.00000000,0.00983000,438417.00000000,0.00982000,328679.00000000,0.00981000,1707117.00000000,0.00980000,296154.00000000,0.00979000,221869.00000000,0.00978000,333357.00000000,0.00977000,664097.00000000,0.00976000,2148580.00000000,0.00986000,7820.00000000,0.00987000,149238.00000000,0.00988000,582424.00000000,0.00989000,251136.00000000,0.00990000,1736012.00000000,0.00991000,124032.00000000,0.00992000,245609.00000000,0.00993000,283188.00000000,0.00994000,211192.00000000,0.00995000,1675288.00000000,0.00986,2989,0.00985,4183,0.00984,4123,0.00983,5328,0.00982,5036,0.00981,5133,0.0098,6578,0.00979,11530,0.00978,4234,0.00977,5998,0.00987,2359,0.00988,4769,0.00989,5978,0.0099,6604,0.00991,14671,0.00992,14311,0.00993,5180,0.00994,7653,0.00995,28951,0.00996,3251,,
0,5,291,0.00989000,0.00993,0.4044,1774137178000,0.00986000,71082.00000000,0.00985000,224744.00000000,0.00984000,253942.00000000,0.00983000,424038.00000000,0.00982000,1793550.00000000,0.00981000,295553.00000000,0.00980000,242638.00000000,0.00979000,163296.00000000,0.00978000,691213.00000000,0.00977000,664097.00000000,0.00987000,23990.00000000,0.00988000,574781.00000000,0.00989000,216107.00000000,0.00990000,653726.00000000,0.00991000,1567049.00000000,0.00992000,280638.00000000,0.00993000,305524.00000000,0.00994000,211192.00000000,0.00995000,128082.00000000,0.00996000,1663420.00000000,0.00985,1889,0.00984,5979,0.00983,5328,0.00982,4678,0.00981,4671,0.0098,6578,0.00979,11530,0.00978,4234,0.00977,5998,0.00976,3893,0.00986,1423,0.00987,5765,0.00988,5225,0.00989,5978,0.0099,6604,0.00991,12099,0.00992,14311,0.00993,4435,0.00994,7653,0.00995,28951,,
0,5,291,0.00988000,0.00997,0.9109,1774137179000,0.00986000,91185.00000000,0.00985000,854263.00000000,0.00984000,236191.00000000,0.00983000,508120.00000000,0.00982000,1793550.00000000,0.00981000,202866.00000000,0.00980000,244735.00000000,0.00979000,163296.00000000,0.00978000,691213.00000000,0.00977000,2185609.00000000,0.00987000,18434.00000000,0.00988000,510381.00000000,0.00989000,216107.00000000,0.00990000,843597.00000000,0.00991000,1662451.00000000,0.00992000,280638.00000000,0.00993000,305524.00000000,0.00994000,211192.00000000,0.00995000,128082.00000000,0.00996000,1661472.00000000,0.00985,3413,0.00984,6192,0.00983,5338,0.00982,4574,0.00981,6191,0.0098,5038,0.00979,8961,0.00978,4234,0.00977,5998,0.00976,3893,0.00986,1741,0.00987,4073,0.00988,5268,0.00989,6082,0.0099,8132,0.00991,14595,0.00992,14311,0.00993,4422,0.00994,7653,0.00995,28951,,
0,5,291,0.00988000,0.00996,0.8097,1774137180000,0.00986000,196279.00000000,0.00985000,1141534.00000000,0.00984000,298452.00000000,0.00983000,262452.00000000,0.00982000,1731289.00000000,0.00981000,202866.00000000,0.00980000,242638.00000000,0.00979000,163296.00000000,0.00978000,635501.00000000,0.00977000,2083972.00000000,0.00987000,12368.00000000,0.00988000,94437.00000000,0.00989000,91347.00000000,0.00990000,616252.00000000,0.00991000,1698398.00000000,0.00992000,245609.00000000,0.00993000,340553.00000000,0.00994000,211192.00000000,0.00995000,128082.00000000,0.00996000,1771301.00000000,0.00985,5223,0.00984,5979,0.00983,5328,0.00982,4574,0.00981,5997,0.0098,8609,0.00979,7931,0.00978,4225,0.00977,5989,0.00976,4384,0.00986,13,0.00987,4073,0.00988,5259,0.00989,6073,0.0099,8123,0.00991,14585,0.00992,14302,0.00993,4413,0.00994,7644,0.00995,28442,0.0001218593335094,1774152000000
0,5,291,0.00988000,0.00998,1.0121,1774137180851,0.00988000,50509.00000000,0.00987000,164378.00000000,0.00986000,180001.00000000,0.00985000,1053048.00000000,0.00984000,1720941.00000000,0.00983000,322178.00000000,0.00982000,303405.00000000,0.00981000,501755.00000000,0.00980000,591038.00000000,0.00979000,1889068.00000000,0.00989000,8400.00000000,0.00990000,509918.00000000,0.00991000,314626.00000000,0.00992000,738848.00000000,0.00993000,764947.00000000,0.00994000,211192.00000000,0.00995000,236670.00000000,0.00996000,243073.00000000,0.00997000,94860.00000000,0.00998000,111581.00000000,0.00985,4835,0.00984,6018,0.00983,5340,0.00982,4574,0.00981,5997,0.0098,8609,0.00979,7931,0.00978,4225,0.00977,5989,0.00976,4387,0.00987,1318,0.00988,4241,0.00989,6073,0.0099,8063,0.00991,14585,0.00992,14302,0.00993,5153,0.00994,7644,0.00995,28442,0.00996,3742,0.0001218593335094,1774152000000
0,5,291,0.00989000,0.00998,0.91,1774137181151,0.00988000,50509.00000000,0.00987000,164378.00000000,0.00986000,180001.00000000,0.00985000,1053048.00000000,0.00984000,1720941.00000000,0.00983000,322178.00000000,0.00982000,303405.00000000,0.00981000,501755.00000000,0.00980000,591038.00000000,0.00979000,1889068.00000000,0.00989000,12280.00000000,0.00990000,509918.00000000,0.00991000,314626.00000000,0.00992000,738838.00000000,0.00993000,764947.00000000,0.00994000,211192.00000000,0.00995000,236670.00000000,0.00996000,243073.00000000,0.00997000,94860.00000000,0.00998000,111581.00000000,0.00985,4835,0.00984,6018,0.00983,5340,0.00982,4574,0.00981,5997,0.0098,8609,0.00979,7931,0.00978,4225,0.00977,5989,0.00976,4387,0.00986,1593,0.00987,3725,0.00988,5231,0.00989,6073,0.0099,8063,0.00991,14585,0.00992,14302,0.00993,4459,0.00994,7644,0.00995,28442,0.0001218593335094,1774152000000
0,5,291,0.00989000,0.00999,1.0111,1774137181452,0.00988000,50509.00000000,0.00987000,164378.00000000,0.00986000,180001.00000000,0.00985000,1053048.00000000,0.00984000,1783202.00000000,0.00983000,322178.00000000,0.00982000,241144.00000000,0.00981000,501755.00000000,0.00980000,695842.00000000,0.00979000,1889068.00000000,0.00989000,12280.00000000,0.00990000,509918.00000000,0.00991000,314626.00000000,0.00992000,738838.00000000,0.00993000,764947.00000000,0.00994000,211192.00000000,0.00995000,236670.00000000,0.00996000,243073.00000000,0.00997000,94860.00000000,0.00998000,111581.00000000,0.00985,3941,0.00984,6018,0.00983,5340,0.00982,4511,0.00981,4477,0.0098,6049,0.00979,7931,0.00978,4225,0.00977,5989,0.00976,4387,0.00986,1161,0.00987,3725,0.00988,5231,0.00989,6073,0.0099,8063,0.00991,14585,0.00992,14302,0.00993,4459,0.00994,7644,0.00995,28442,0.0001218593335094,1774152000000
0,5,291,0.00989000,0.00999,1.0111,1774137181753,0.00988000,49930.00000000,0.00987000,143809.00000000,0.00986000,167127.00000000,0.00985000,1053048.00000000,0.00984000,255865.00000000,0.00983000,301637.00000000,0.00982000,363192.00000000,0.00981000,501755.00000000,0.00980000,695842.00000000,0.00979000,163296.00000000,0.00989000,12280.00000000,0.00990000,478669.00000000,0.00991000,450306.00000000,0.00992000,838556.00000000,0.00993000,529298.00000000,0.00994000,211192.00000000,0.00995000,236670.00000000,0.00996000,243073.00000000,0.00997000,94860.00000000,0.00998000,150766.00000000,0.00985,4846,0.00984,6018,0.00983,5340,0.00982,4511,0.00981,4477,0.0098,6049,0.00979,7931,0.00978,4225,0.00977,5989,0.00976,4387,0.00986,1161,0.00987,3725,0.00988,5231,0.00989,6073,0.0099,6535,0.00991,12089,0.00992,14302,0.00993,4459,0.00994,7644,0.00995,28442,0.0001218593335094,1774152000000
0,5,291,0.00989000,0.01,1.1122,1774137182054,0.00988000,49930.00000000,0.00987000,185994.00000000,0.00986000,192035.00000000,0.00985000,1053048.00000000,0.00984000,1764513.00000000,0.00983000,301637.00000000,0.00982000,300931.00000000,0.00981000,501755.00000000,0.00980000,695842.00000000,0.00979000,1738412.00000000,0.00989000,12280.00000000,0.00990000,513396.00000000,0.00991000,450306.00000000,0.00992000,838556.00000000,0.00993000,2017191.00000000,0.00994000,211192.00000000,0.00995000,236670.00000000,0.00996000,243073.00000000,0.00997000,94860.00000000,0.00998000,1686443.00000000,0.00985,4846,0.00984,6018,0.00983,5340,0.00982,4511,0.00981,4477,0.0098,6049,0.00979,7931,0.00978,4225,0.00977,5989,0.00976,4387,0.00986,1059,0.00987,4295,0.00988,5231,0.00989,6073,0.0099,6535,0.00991,12089,0.00992,14302,0.00993,4459,0.00994,7644,0.00995,28442,0.0001218593335094,1774152000000
0,5,291,0.00989000,0.01,1.1122,1774137182354,0.00988000,49930.00000000,0.00987000,185994.00000000,0.00986000,192035.00000000,0.00985000,1053048.00000000,0.00984000,1764513.00000000,0.00983000,301637.00000000,0.00982000,300931.00000000,0.00981000,501755.00000000,0.00980000,736086.00000000,0.00979000,1738412.00000000,0.00989000,12280.00000000,0.00990000,513396.00000000,0.00991000,314626.00000000,0.00992000,838556.00000000,0.00993000,2017191.00000000,0.00994000,211192.00000000,0.00995000,236670.00000000,0.00996000,243073.00000000,0.00997000,94860.00000000,0.00998000,1686443.00000000,0.00985,4390,0.00984,6018,0.00983,5340,0.00982,4511,0.00981,4477,0.0098,6049,0.00979,7931,0.00978,4225,0.00977,5989,0.00976,4387,0.00986,1422,0.00987,4295,0.00988,5231,0.00989,6073,0.0099,6535,0.00991,12089,0.00992,14302,0.00993,4459,0.00994,7644,0.00995,28442,0.0001218593335094,1774152000000
0,5,291,0.00989000,0.01001,1.2133,1774137182654,0.00988000,49930.00000000,0.00987000,185994.00000000,0.00986000,192035.00000000,0.00985000,404876.00000000,0.00984000,1764513.00000000,0.00983000,301637.00000000,0.00982000,300931.00000000,0.00981000,501755.00000000,0.00980000,736086.00000000,0.00979000,1738412.00000000,0.00989000,12280.00000000,0.00990000,513396.00000000,0.00991000,314626.00000000,0.00992000,838556.00000000,0.00993000,2017191.00000000,0.00994000,211192.00000000,0.00995000,236670.00000000,0.00996000,243073.00000000,0.00997000,94860.00000000,0.00998000,1686443.00000000,0.00985,4776,0.00984,6018,0.00983,5340,0.00982,4511,0.00981,4477,0.0098,6049,0.00979,10462,0.00978,4225,0.00977,5989,0.00976,4387,0.00986,990,0.00987,4295,0.00988,5231,0.00989,6073,0.0099,6535,0.00991,12149,0.00992,16805,0.00993,4459,0.00994,7644,0.00995,28442,0.0001218593335094,1774152000000
0,5,291,0.00989000,0.01001,1.2133,1774137182955,0.00988000,14559.00000000,0.00987000,143809.00000000,0.00986000,125500.00000000,0.00985000,404876.00000000,0.00984000,1702456.00000000,0.00983000,301637.00000000,0.00982000,364403.00000000,0.00981000,501755.00000000,0.00980000,736086.00000000,0.00979000,1737015.00000000,0.00989000,98596.00000000,0.00990000,478669.00000000,0.00991000,450306.00000000,0.00992000,838556.00000000,0.00993000,2017191.00000000,0.00994000,211192.00000000,0.00995000,236670.00000000,0.00996000,243073.00000000,0.00997000,94860.00000000,0.00998000,1686443.00000000,0.00985,4776,0.00984,6018,0.00983,5340,0.00982,4511,0.00981,4477,0.0098,7547,0.00979,10462,0.00978,4225,0.00977,5989,0.00976,4387,0.00986,990,0.00987,4295,0.00988,5231,0.00989,6073,0.0099,6535,0.00991,13642,0.00992,16805,0.00993,4459,0.00994,7644,0.00995,28442,0.0001218593335094,1774152000000
0,5,291,0.00989000,0.01002,1.3145,1774137183255,0.00988000,14559.00000000,0.00987000,143809.00000000,0.00986000,169619.00000000,0.00985000,404876.00000000,0.00984000,1702456.00000000,0.00983000,301637.00000000,0.00982000,364403.00000000,0.00981000,501755.00000000,0.00980000,736086.00000000,0.00979000,1737015.00000000,0.00989000,98596.00000000,0.00990000,478669.00000000,0.00991000,450306.00000000,0.00992000,838556.00000000,0.00993000,2017191.00000000,0.00994000,211192.00000000,0.00995000,236670.00000000,0.00996000,243073.00000000,0.00997000,94860.00000000,0.00998000,1686443.00000000,0.00985,4776,0.00984,6018,0.00983,5340,0.00982,4511,0.00981,4477,0.0098,7547,0.00979,10462,0.00978,4225,0.00977,5989,0.00976,4387,0.00986,990,0.00987,4295,0.00988,5231,0.00989,5805,0.0099,6535,0.00991,13642,0.00992,16805,0.00993,4459,0.00994,7644,0.00995,28442,0.0001218593335094,1774152000000
0,5,291,0.00989000,0.01003,1.4156,1774137183556,0.00988000,14559.00000000,0.00987000,143809.00000000,0.00986000,167706.00000000,0.00985000,404876.00000000,0.00984000,1702456.00000000,0.00983000,301637.00000000,0.00982000,364403.00000000,0.00981000,501755.00000000,0.00980000,736086.00000000,0.00979000,1737015.00000000,0.00989000,157052.00000000,0.00990000,478669.00000000,0.00991000,450306.00000000,0.00992000,838556.00000000,0.00993000,2017191.00000000,0.00994000,211192.00000000,0.00995000,236670.00000000,0.00996000,243073.00000000,0.00997000,94860.00000000,0.00998000,1686443.00000000,0.00985,2020,0.00984,6018,0.00983,5340,0.00982,4511,0.00981,4477,0.0098,7547,0.00979,10462,0.00978,4225,0.00977,5989,0.00976,4387,0.00986,990,0.00987,4727,0.00988,5231,0.00989,5805,0.0099,6535,0.00991,13642,0.00992,16805,0.00993,4459,0.00994,7644,0.00995,28442,0.0001218593335094,1774152000000
0,5,291,0.00989000,0.01003,1.4156,1774137183856,0.00988000,56179.00000000,0.00987000,186015.00000000,0.00986000,167706.00000000,0.00985000,404876.00000000,0.00984000,1702456.00000000,0.00983000,301637.00000000,0.00982000,364403.00000000,0.00981000,501755.00000000,0.00980000,736086.00000000,0.00979000,1737015.00000000,0.00989000,106693.00000000,0.00990000,478669.00000000,0.00991000,450306.00000000,0.00992000,838556.00000000,0.00993000,2017191.00000000,0.00994000,211192.00000000,0.00995000,236670.00000000,0.00996000,243073.00000000,0.00997000,94860.00000000,0.00998000,1686443.00000000,0.00985,1998,0.00984,6018,0.00983,5705,0.00982,4876,0.00981,4477,0.0098,6527,0.00979,11483,0.00978,4225,0.00977,5989,0.00976,4387,0.00986,990,0.00987,4727,0.00988,5231,0.00989,5805,0.0099,6535,0.00991,13642,0.00992,16805,0.00993,4824,0.00994,8009,0.00995,28807,0.0001218593335094,1774152000000
0,5,291,0.00990000,0.01002,1.2121,1774137184157,0.00988000,56179.00000000,0.00987000,143809.00000000,0.00986000,167706.00000000,0.00985000,404876.00000000,0.00984000,1702456.00000000,0.00983000,301637.00000000,0.00982000,364403.00000000,0.00981000,501755.00000000,0.00980000,772848.00000000,0.00979000,1737015.00000000,0.00989000,143289.00000000,0.00990000,478669.00000000,0.00991000,450306.00000000,0.00992000,838556.00000000,0.00993000,2017191.00000000,0.00994000,211192.00000000,0.00995000,236670.00000000,0.00996000,243073.00000000,0.00997000,94860.00000000,0.00998000,1686443.00000000,0.00985,3216,0.00984,6383,0.00983,5705,0.00982,4876,0.00981,4477,0.0098,6049,0.00979,7931,0.00978,4225,0.00977,5989,0.00976,4387,0.00986,820,0.00987,4295,0.00988,5231,0.00989,5805,0.0099,6535,0.00991,13642,0.00992,14302,0.00993,4824,0.00994,8009,0.00995,28807,0.0001218593335094,1774152000000
0,5,291,0.00989000,0.01003,1.4156,1774137184458,0.00988000,56179.00000000,0.00987000,143809.00000000,0.00986000,167706.00000000,0.00985000,404876.00000000,0.00984000,1702456.00000000,0.00983000,301637.00000000,0.00982000,364403.00000000,0.00981000,501755.00000000,0.00980000,813071.00000000,0.00979000,1737015.00000000,0.00989000,143289.00000000,0.00990000,478669.00000000,0.00991000,450306.00000000,0.00992000,838556.00000000,0.00993000,2017191.00000000,0.00994000,211192.00000000,0.00995000,236670.00000000,0.00996000,243073.00000000,0.00997000,94860.00000000,0.00998000,1686443.00000000,0.00985,3328,0.00984,6383,0.00983,5705,0.00982,4876,0.00981,4477,0.0098,5915,0.00979,7931,0.00978,4225,0.00977,5989,0.00976,4387,0.00986,820,0.00987,4295,0.00988,5231,0.00989,5805,0.0099,6535,0.00991,13642,0.00992,14302,0.00993,4824,0.00994,8009,0.00995,28807,0.0001218593335094,1774152000000
0,5,291,0.00989000,0.01004,1.5167,1774137184759,0.00988000,56179.00000000,0.00987000,377614.00000000,0.00986000,125500.00000000,0.00985000,263219.00000000,0.00984000,1702456.00000000,0.00983000,301637.00000000,0.00982000,364403.00000000,0.00981000,501755.00000000,0.00980000,813071.00000000,0.00979000,1737015.00000000,0.00989000,107779.00000000,0.00990000,322555.00000000,0.00991000,464664.00000000,0.00992000,744476.00000000,0.00993000,1995017.00000000,0.00994000,211192.00000000,0.00995000,236670.00000000,0.00996000,264706.00000000,0.00997000,94860.00000000,0.00998000,1686443.00000000,0.00985,2182,0.00984,6383,0.00983,5705,0.00982,4876,0.00981,4477,0.0098,5915,0.00979,7931,0.00978,4225,0.00977,5989,0.00976,4387,0.00986,820,0.00987,4295,0.00988,5231,0.00989,5805,0.0099,6535,0.00991,13642,0.00992,14302,0.00993,4824,0.00994,8009,0.00995,28807,0.0001218593335094,1774152000000
0,5,291,0.00989000,0.01004,1.5167,1774137185060,0.00988000,8448.00000000,0.00987000,374972.00000000,0.00986000,167706.00000000,0.00985000,121486.00000000,0.00984000,1702456.00000000,0.00983000,301637.00000000,0.00982000,404274.00000000,0.00981000,501755.00000000,0.00980000,813071.00000000,0.00979000,1737015.00000000,0.00989000,145917.00000000,0.00990000,394239.00000000,0.00991000,464664.00000000,0.00992000,744476.00000000,0.00993000,1995017.00000000,0.00994000,211192.00000000,0.00995000,236670.00000000,0.00996000,264706.00000000,0.00997000,94860.00000000,0.00998000,1686443.00000000,0.00985,2384,0.00984,6383,0.00983,5705,0.00982,4876,0.00981,4477,0.0098,5915,0.00979,7931,0.00978,4225,0.00977,5989,0.00976,4387,0.00986,820,0.00987,4295,0.00988,5231,0.00989,5805,0.0099,6535,0.00991,13642,0.00992,14302,0.00993,4824,0.00994,8009,0.00995,28807,0.0001218593335094,1774152000000
0,5,291,0.00989000,0.01003,1.4156,1774137185360,0.00987000,382102.00000000,0.00986000,187938.00000000,0.00985000,121486.00000000,0.00984000,255865.00000000,0.00983000,301637.00000000,0.00982000,404274.00000000,0.00981000,501755.00000000,0.00980000,813071.00000000,0.00979000,161899.00000000,0.00978000,435430.00000000,0.00988000,64170.00000000,0.00989000,156773.00000000,0.00990000,481564.00000000,0.00991000,468957.00000000,0.00992000,2165326.00000000,0.00993000,407156.00000000,0.00994000,211192.00000000,0.00995000,259006.00000000,0.00996000,132541.00000000,0.00997000,1655053.00000000,0.00985,2280,0.00984,6383,0.00983,5705,0.00982,4876,0.00981,4842,0.0098,6280,0.00979,8296,0.00978,4590,0.00977,6354,0.00976,4387,0.00986,820,0.00987,4295,0.00988,5231,0.00989,6170,0.0099,6900,0.00991,14007,0.00992,14667,0.00993,4824,0.00994,8009,0.00995,28807,0.0001218593335094,1774152000000
0,5,291,0.00989000,0.01003,1.4156,1774137185661,0.00987000,363792.00000000,0.00986000,187938.00000000,0.00985000,121486.00000000,0.00984000,255865.00000000,0.00983000,301637.00000000,0.00982000,404274.00000000,0.00981000,501755.00000000,0.00980000,810611.00000000,0.00979000,161899.00000000,0.00978000,435430.00000000,0.00988000,77980.00000000,0.00989000,156773.00000000,0.00990000,362426.00000000,0.00991000,468957.00000000,0.00992000,2186507.00000000,0.00993000,407156.00000000,0.00994000,211192.00000000,0.00995000,259006.00000000,0.00996000,132541.00000000,0.00997000,1655053.00000000,0.00985,2988,0.00984,6595,0.00983,5715,0.00982,4886,0.00981,4822,0.0098,6290,0.00979,8306,0.00978,4600,0.00977,6364,0.00976,4397,0.00986,829,0.00987,4305,0.00988,5300,0.00989,6180,0.0099,6910,0.00991,14017,0.00992,14677,0.00993,4834,0.00994,8019,0.00995,28807,0.0001218593335094,1774152000000
0,5,291,0.00989000,0.01004,1.5167,1774137185962,0.00987000,222194.00000000,0.00986000,249317.00000000,0.00985000,263054.00000000,0.00984000,317990.00000000,0.00983000,301637.00000000,0.00982000,340802.00000000,0.00981000,501755.00000000,0.00980000,812020.00000000,0.00979000,161899.00000000,0.00978000,379265.00000000,0.00988000,22130.00000000,0.00989000,117901.00000000,0.00990000,362426.00000000,0.00991000,468957.00000000,0.00992000,2186507.00000000,0.00993000,407156.00000000,0.00994000,211192.00000000,0.00995000,263033.00000000,0.00996000,190096.00000000,0.00997000,1655053.00000000,0.00986,981,0.00985,7683,0.00984,5277,0.00983,10431,0.00982,4886,0.00981,4801,0.0098,5946,0.00979,3586,0.00978,4600,0.00977,5999,0.00987,1080,0.00988,4879,0.00989,5612,0.0099,6910,0.00991,7450,0.00992,14677,0.00993,10228,0.00994,7013,0.00995,29822,0.00996,4117,0.0001218593335094,1774152000000
0,5,291,0.00989000,0.01004,1.5167,1774137186263,0.00987000,220281.00000000,0.00986000,249317.00000000,0.00985000,263054.00000000,0.00984000,317990.00000000,0.00983000,301637.00000000,0.00982000,340802.00000000,0.00981000,501755.00000000,0.00980000,812020.00000000,0.00979000,161899.00000000,0.00978000,379265.00000000,0.00988000,22130.00000000,0.00989000,117901.00000000,0.00990000,362426.00000000,0.00991000,468957.00000000,0.00992000,2186507.00000000,0.00993000,407156.00000000,0.00994000,211192.00000000,0.00995000,263033.00000000,0.00996000,190096.00000000,0.00997000,1655053.00000000,0.00986,1038,0.00985,6752,0.00984,4703,0.00983,9512,0.00982,5904,0.00981,4801,0.0098,29489,0.00979,3586,0.00978,4600,0.00977,5999,0.00987,973,0.00988,5385,0.00989,5612,0.0099,6910,0.00991,7450,0.00992,14677,0.00993,10228,0.00994,7013,0.00995,29822,0.00996,4117,0.0001218593335094,1774152000000
0,5,291,0.00989000,0.01003,1.4156,1774137186563,0.00987000,220281.00000000,0.00986000,191762.00000000,0.00985000,263054.00000000,0.00984000,255865.00000000,0.00983000,301637.00000000,0.00982000,402927.00000000,0.00981000,501755.00000000,0.00980000,812020.00000000,0.00979000,366265.00000000,0.00978000,236955.00000000,0.00988000,137720.00000000,0.00989000,117901.00000000,0.00990000,362426.00000000,0.00991000,468957.00000000,0.00992000,2186507.00000000,0.00993000,407156.00000000,0.00994000,211192.00000000,0.00995000,263033.00000000,0.00996000,132541.00000000,0.00997000,1655053.00000000,0.00987,3390,0.00986,6549,0.00985,3548,0.00984,4703,0.00983,9512,0.00982,6586,0.00981,4486,0.0098,29410,0.00979,5060,0.00978,4235,0.00988,1542,0.00989,4731,0.0099,7762,0.00991,5847,0.00992,14032,0.00993,11146,0.00994,5616,0.00995,3611,0.00996,7541,0.00997,5805,0.0001218593335094,1774152000000
0,5,291,0.00989000,0.01003,1.4156,1774137186864,0.00987000,220281.00000000,0.00986000,193676.00000000,0.00985000,263054.00000000,0.00984000,255865.00000000,0.00983000,301637.00000000,0.00982000,402927.00000000,0.00981000,501755.00000000,0.00980000,812020.00000000,0.00979000,366265.00000000,0.00978000,236955.00000000,0.00988000,138136.00000000,0.00989000,79763.00000000,0.00990000,363896.00000000,0.00991000,473011.00000000,0.00992000,2185034.00000000,0.00993000,407156.00000000,0.00994000,211192.00000000,0.00995000,263033.00000000,0.00996000,132541.00000000,0.00997000,1655053.00000000,0.00988,2050,0.00987,5788,0.00986,5828,0.00985,3554,0.00984,4802,0.00983,9512,0.00982,6857,0.00981,6839,0.0098,29609,0.00979,4740,0.00989,2149,0.0099,6747,0.00991,6697,0.00992,14039,0.00993,7299,0.00994,4595,0.00995,4463,0.00996,12701,0.00997,6232,0.00998,28871,0.0001218593335094,1774152000000
0,5,291,0.00989000,0.01003,1.4156,1774137187165,0.00987000,220281.00000000,0.00986000,193676.00000000,0.00985000,263054.00000000,0.00984000,255865.00000000,0.00983000,301637.00000000,0.00982000,402927.00000000,0.00981000,501755.00000000,0.00980000,812020.00000000,0.00979000,366265.00000000,0.00978000,236955.00000000,0.00988000,172360.00000000,0.00989000,79763.00000000,0.00990000,363896.00000000,0.00991000,473011.00000000,0.00992000,2185034.00000000,0.00993000,407156.00000000,0.00994000,211192.00000000,0.00995000,263033.00000000,0.00996000,132541.00000000,0.00997000,1655053.00000000,0.00988,3484,0.00987,6353,0.00986,5828,0.00985,3554,0.00984,3786,0.00983,8460,0.00982,7875,0.00981,6839,0.0098,29609,0.00979,4740,0.00989,2089,0.0099,6747,0.00991,6697,0.00992,13983,0.00993,7299,0.00994,5325,0.00995,8383,0.00996,7985,0.00997,5065,0.00998,4270,0.0001218593335094,1774152000000
0,5,291,0.00989000,0.01003,1.4156,1774137187466,0.00987000,220281.00000000,0.00986000,193676.00000000,0.00985000,263054.00000000,0.00984000,255865.00000000,0.00983000,301637.00000000,0.00982000,402927.00000000,0.00981000,501755.00000000,0.00980000,812020.00000000,0.00979000,366265.00000000,0.00978000,236955.00000000,0.00988000,172360.00000000,0.00989000,79763.00000000,0.00990000,363896.00000000,0.00991000,473011.00000000,0.00992000,2185034.00000000,0.00993000,407156.00000000,0.00994000,211192.00000000,0.00995000,263033.00000000,0.00996000,132541.00000000,0.00997000,1655053.00000000,0.00988,3682,0.00987,6353,0.00986,5828,0.00985,3554,0.00984,3786,0.00983,8460,0.00982,7875,0.00981,6839,0.0098,29609,0.00979,4740,0.00989,2089,0.0099,6747,0.00991,6697,0.00992,13983,0.00993,7299,0.00994,5325,0.00995,8383,0.00996,7985,0.00997,5065,0.00998,4270,0.0001218593335094,1774152000000
0,5,291,0.00989000,0.01003,1.4156,1774137187766,0.00987000,220281.00000000,0.00986000,191762.00000000,0.00985000,263054.00000000,0.00984000,255865.00000000,0.00983000,1748228.00000000,0.00982000,402927.00000000,0.00981000,501755.00000000,0.00980000,812020.00000000,0.00979000,366265.00000000,0.00978000,1812071.00000000,0.00988000,227220.00000000,0.00989000,116690.00000000,0.00990000,363896.00000000,0.00991000,508040.00000000,0.00992000,2185034.00000000,0.00993000,372127.00000000,0.00994000,211192.00000000,0.00995000,263033.00000000,0.00996000,170126.00000000,0.00997000,1655053.00000000,0.00988,3656,0.00987,6353,0.00986,5828,0.00985,3554,0.00984,3786,0.00983,9477,0.00982,6857,0.00981,6839,0.0098,29609,0.00979,4740,0.00989,2089,0.0099,6747,0.00991,6697,0.00992,13983,0.00993,7299,0.00994,5325,0.00995,8383,0.00996,7985,0.00997,5065,0.00998,4270,0.0001218593335094,1774152000000
0,5,291,0.00989000,0.01003,1.4156,1774137188067,0.00987000,220281.00000000,0.00986000,193677.00000000,0.00985000,263054.00000000,0.00984000,255865.00000000,0.00983000,1748228.00000000,0.00982000,402927.00000000,0.00981000,501755.00000000,0.00980000,812020.00000000,0.00979000,369247.00000000,0.00978000,1812071.00000000,0.00988000,192996.00000000,0.00989000,116690.00000000,0.00990000,363896.00000000,0.00991000,508040.00000000,0.00992000,2185034.00000000,0.00993000,372127.00000000,0.00994000,211192.00000000,0.00995000,263033.00000000,0.00996000,170126.00000000,0.00997000,1655053.00000000,0.00988,4797,0.00987,6403,0.00986,6983,0.00985,3557,0.00984,4123,0.00983,8460,0.00982,7975,0.00981,6839,0.0098,29609,0.00979,4740,0.00989,9,0.0099,4239,0.00991,8273,0.00992,13970,0.00993,6767,0.00994,5325,0.00995,8383,0.00996,7985,0.00997,4764,0.00998,4270,0.0001218593335094,1774152000000
0,5,291,0.00989000,0.01003,1.4156,1774137188367,0.00987000,220281.00000000,0.00986000,193677.00000000,0.00985000,263054.00000000,0.00984000,255865.00000000,0.00983000,1748228.00000000,0.00982000,402927.00000000,0.00981000,501755.00000000,0.00980000,812020.00000000,0.00979000,369247.00000000,0.00978000,1812071.00000000,0.00988000,140664.00000000,0.00989000,116690.00000000,0.00990000,363896.00000000,0.00991000,508040.00000000,0.00992000,2185034.00000000,0.00993000,372127.00000000,0.00994000,211192.00000000,0.00995000,263033.00000000,0.00996000,170126.00000000,0.00997000,1655053.00000000,0.00988,4328,0.00987,6403,0.00986,6983,0.00985,3557,0.00984,4123,0.00983,8460,0.00982,7975,0.00981,6839,0.0098,29609,0.00979,4740,0.00989,9,0.0099,6228,0.00991,7503,0.00992,13983,0.00993,6767,0.00994,5325,0.00995,8383,0.00996,7985,0.00997,4764,0.00998,4270,0.0001218593335094,1774152000000
0,5,291,0.00989000,0.01003,1.4156,1774137188668,0.00988000,85684.00000000,0.00987000,314052.00000000,0.00986000,191733.00000000,0.00985000,263054.00000000,0.00984000,317990.00000000,0.00983000,301637.00000000,0.00982000,340802.00000000,0.00981000,501755.00000000,0.00980000,812020.00000000,0.00979000,369247.00000000,0.00989000,9412.00000000,0.00990000,353749.00000000,0.00991000,268338.00000000,0.00992000,743610.00000000,0.00993000,1809227.00000000,0.00994000,211192.00000000,0.00995000,263033.00000000,0.00996000,226243.00000000,0.00997000,1655053.00000000,0.00998000,150766.00000000,0.00989,2313,0.00988,6525,0.00987,4733,0.00986,6983,0.00985,3557,0.00984,4123,0.00983,9477,0.00982,6335,0.00981,5741,0.0098,29244,0.0099,1564,0.00991,7307,0.00992,14042,0.00993,6883,0.00994,7341,0.00995,10808,0.00996,5565,0.00997,4764,0.00998,6608,0.00999,4298,0.0001218593335094,1774152000000
0,5,291,0.00989000,0.01005,1.6178,1774137188969,0.00988000,94666.00000000,0.00987000,304917.00000000,0.00986000,191733.00000000,0.00985000,263054.00000000,0.00984000,317990.00000000,0.00983000,301637.00000000,0.00982000,340802.00000000,0.00981000,501755.00000000,0.00980000,812020.00000000,0.00979000,369247.00000000,0.00989000,119697.00000000,0.00990000,353749.00000000,0.00991000,262181.00000000,0.00992000,743610.00000000,0.00993000,1825500.00000000,0.00994000,211192.00000000,0.00995000,263033.00000000,0.00996000,281332.00000000,0.00997000,1655053.00000000,0.00998000,150766.00000000,0.00989,3035,0.00988,6350,0.00987,4704,0.00986,6983,0.00985,3557,0.00984,4485,0.00983,9477,0.00982,7370,0.00981,5741,0.0098,29244,0.0099,1564,0.00991,7307,0.00992,14042,0.00993,6883,0.00994,8842,0.00995,10808,0.00996,5065,0.00997,4764,0.00998,7108,0.00999,4093,0.0001218593335094,1774152000000
0,5,291,0.00989000,0.01005,1.6178,1774137189269,0.00988000,109015.00000000,0.00987000,446426.00000000,0.00986000,177363.00000000,0.00985000,121486.00000000,0.00984000,1764581.00000000,0.00983000,301637.00000000,0.00982000,340802.00000000,0.00981000,501755.00000000,0.00980000,812020.00000000,0.00979000,1944363.00000000,0.00989000,51518.00000000,0.00990000,353749.00000000,0.00991000,262181.00000000,0.00992000,743610.00000000,0.00993000,1825500.00000000,0.00994000,211192.00000000,0.00995000,263033.00000000,0.00996000,281332.00000000,0.00997000,1655053.00000000,0.00998000,150766.00000000,0.00989,3951,0.00988,6350,0.00987,5893,0.00986,6983,0.00985,4572,0.00984,4485,0.00983,9987,0.00982,7370,0.00981,5741,0.0098,29244,0.0099,644,0.00991,6770,0.00992,13673,0.00993,5570,0.00994,9201,0.00995,10808,0.00996,5065,0.00997,3761,0.00998,7108,0.00999,5094,0.0001218593335094,1774152000000
0,5,291,0.00989000,0.01005,1.6178,1774137189570,0.00988000,117705.00000000,0.00987000,477372.00000000,0.00986000,177363.00000000,0.00985000,121486.00000000,0.00984000,1764581.00000000,0.00983000,301637.00000000,0.00982000,340802.00000000,0.00981000,501755.00000000,0.00980000,812020.00000000,0.00979000,369247.00000000,0.00989000,12301.00000000,0.00990000,350942.00000000,0.00991000,227152.00000000,0.00992000,780114.00000000,0.00993000,2202120.00000000,0.00994000,211192.00000000,0.00995000,263033.00000000,0.00996000,281332.00000000,0.00997000,94860.00000000,0.00998000,150766.00000000,0.00989,3919,0.00988,6350,0.00987,5893,0.00986,6983,0.00985,4572,0.00984,4485,0.00983,9987,0.00982,7370,0.00981,5741,0.0098,29244,0.0099,644,0.00991,6770,0.00992,13673,0.00993,5570,0.00994,9845,0.00995,11726,0.00996,5065,0.00997,3761,0.00998,7108,0.00999,5094,0.0001218593335094,1774152000000
0,5,291,0.00989000,0.01004,1.5167,1774137189871,0.00988000,45575.00000000,0.00987000,477372.00000000,0.00986000,167247.00000000,0.00985000,121486.00000000,0.00984000,1764581.00000000,0.00983000,301637.00000000,0.00982000,340802.00000000,0.00981000,501755.00000000,0.00980000,812020.00000000,0.00979000,161899.00000000,0.00989000,63635.00000000,0.00990000,311071.00000000,0.00991000,243425.00000000,0.00992000,779836.00000000,0.00993000,2050169.00000000,0.00994000,211192.00000000,0.00995000,263033.00000000,0.00996000,281332.00000000,0.00997000,94860.00000000,0.00998000,1707588.00000000,0.00989,969,0.00988,5162,0.00987,5893,0.00986,6983,0.00985,3557,0.00984,5501,0.00983,9987,0.00982,7370,0.00981,5741,0.0098,29244,0.0099,2766,0.00991,8237,0.00992,13673,0.00993,6041,0.00994,9302,0.00995,11726,0.00996,5065,0.00997,3761,0.00998,7108,0.00999,5094,0.0001218593335094,1774152000000
0,5,291,0.00989000,0.01004,1.5167,1774137190171,0.00988000,111579.00000000,0.00987000,477372.00000000,0.00986000,167247.00000000,0.00985000,121486.00000000,0.00984000,1764581.00000000,0.00983000,301637.00000000,0.00982000,343914.00000000,0.00981000,501755.00000000,0.00980000,812020.00000000,0.00979000,161899.00000000,0.00989000,45325.00000000,0.00990000,311071.00000000,0.00991000,262254.00000000,0.00992000,779836.00000000,0.00993000,2050169.00000000,0.00994000,211192.00000000,0.00995000,263033.00000000,0.00996000,281332.00000000,0.00997000,94860.00000000,0.00998000,1707588.00000000,0.00989,763,0.00988,5162,0.00987,5893,0.00986,6983,0.00985,3557,0.00984,4485,0.00983,11004,0.00982,7370,0.00981,5741,0.0098,29244,0.0099,1988,0.00991,8237,0.00992,13673,0.00993,6041,0.00994,9302,0.00995,11726,0.00996,5065,0.00997,3761,0.00998,7108,0.00999,5094,0.0001218593335094,1774152000000
0,5,291,0.00989000,0.01004,1.5167,1774137190472,0.00988000,111579.00000000,0.00987000,477372.00000000,0.00986000,167247.00000000,0.00985000,121486.00000000,0.00984000,1764581.00000000,0.00983000,301637.00000000,0.00982000,343914.00000000,0.00981000,501755.00000000,0.00980000,812020.00000000,0.00979000,1737015.00000000,0.00989000,45325.00000000,0.00990000,311071.00000000,0.00991000,262254.00000000,0.00992000,779836.00000000,0.00993000,2050169.00000000,0.00994000,211192.00000000,0.00995000,263033.00000000,0.00996000,283437.00000000,0.00997000,94860.00000000,0.00998000,1707588.00000000,0.00989,848,0.00988,5162,0.00987,5893,0.00986,6983,0.00985,3557,0.00984,4485,0.00983,11004,0.00982,7370,0.00981,5741,0.0098,29244,0.0099,1988,0.00991,8237,0.00992,13673,0.00993,6041,0.00994,9302,0.00995,11726,0.00996,5065,0.00997,3761,0.00998,7108,0.00999,5094,0.0001218593335094,1774152000000
0,5,291,0.00989000,0.01004,1.5167,1774137190773,0.00988000,111579.00000000,0.00987000,477372.00000000,0.00986000,167247.00000000,0.00985000,121486.00000000,0.00984000,1764581.00000000,0.00983000,301637.00000000,0.00982000,343914.00000000,0.00981000,501755.00000000,0.00980000,812020.00000000,0.00979000,1737015.00000000,0.00989000,45325.00000000,0.00990000,311071.00000000,0.00991000,262254.00000000,0.00992000,779836.00000000,0.00993000,2050169.00000000,0.00994000,211192.00000000,0.00995000,263033.00000000,0.00996000,283437.00000000,0.00997000,94860.00000000,0.00998000,1707588.00000000,0.00988,3649,0.00987,5273,0.00986,6983,0.00985,4572,0.00984,4485,0.00983,9987,0.00982,6328,0.00981,5741,0.0098,29609,0.00979,3266,0.00989,440,0.0099,6060,0.00991,7327,0.00992,13673,0.00993,6608,0.00994,8735,0.00995,11726,0.00996,5065,0.00997,3761,0.00998,7108,0.0001218593335094,1774152000000
0,5,291,0.00989000,0.01004,1.5167,1774137191074,0.00988000,111579.00000000,0.00987000,477372.00000000,0.00986000,167247.00000000,0.00985000,121486.00000000,0.00984000,1764581.00000000,0.00983000,301637.00000000,0.00982000,343914.00000000,0.00981000,501755.00000000,0.00980000,812020.00000000,0.00979000,1737015.00000000,0.00989000,45325.00000000,0.00990000,311071.00000000,0.00991000,262254.00000000,0.00992000,779836.00000000,0.00993000,2050169.00000000,0.00994000,211192.00000000,0.00995000,263033.00000000,0.00996000,283437.00000000,0.00997000,94860.00000000,0.00998000,1707588.00000000,0.00989,2866,0.00988,5042,0.00987,6633,0.00986,6065,0.00985,3560,0.00984,5613,0.00983,8460,0.00982,3790,0.00981,5759,0.0098,29299,0.0099,191,0.00991,8798,0.00992,13155,0.00993,6090,0.00994,8735,0.00995,11726,0.00996,5583,0.00997,3659,0.00998,7108,0.00999,5094,0.0001218593335094,1774152000000
0,5,291,0.00989000,0.01005,1.6178,1774137191374,0.00988000,111579.00000000,0.00987000,477372.00000000,0.00986000,167247.00000000,0.00985000,121486.00000000,0.00984000,1764581.00000000,0.00983000,301637.00000000,0.00982000,343914.00000000,0.00981000,501755.00000000,0.00980000,812020.00000000,0.00979000,1737015.00000000,0.00989000,45325.00000000,0.00990000,311071.00000000,0.00991000,262254.00000000,0.00992000,744807.00000000,0.00993000,2050169.00000000,0.00994000,246221.00000000,0.00995000,263033.00000000,0.00996000,283437.00000000,0.00997000,94860.00000000,0.00998000,1707588.00000000,0.00989,3222,0.00988,4577,0.00987,6633,0.00986,6065,0.00985,3560,0.00984,5613,0.00983,8460,0.00982,3790,0.00981,5759,0.0098,29299,0.0099,1247,0.00991,8798,0.00992,13155,0.00993,6090,0.00994,8735,0.00995,11726,0.00996,5583,0.00997,3659,0.00998,6608,0.00999,5594,0.0001218593335094,1774152000000
0,5,291,0.00989000,0.01005,1.6178,1774137191674,0.00988000,111579.00000000,0.00987000,477372.00000000,0.00986000,167247.00000000,0.00985000,121486.00000000,0.00984000,1702456.00000000,0.00983000,301637.00000000,0.00982000,405971.00000000,0.00981000,501755.00000000,0.00980000,812020.00000000,0.00979000,1737015.00000000,0.00989000,45325.00000000,0.00990000,327344.00000000,0.00991000,243425.00000000,0.00992000,728534.00000000,0.00993000,2050169.00000000,0.00994000,246221.00000000,0.00995000,263033.00000000,0.00996000,283437.00000000,0.00997000,94860.00000000,0.00998000,1707588.00000000,0.00989,3301,0.00988,4577,0.00987,6633,0.00986,6065,0.00985,3560,0.00984,5613,0.00983,8460,0.00982,3790,0.00981,5792,0.0098,29299,0.0099,158,0.00991,8798,0.00992,13155,0.00993,6090,0.00994,8735,0.00995,11726,0.00996,5583,0.00997,3659,0.00998,6608,0.00999,5594,0.0001218593335094,1774152000000
0,5,291,0.00989000,0.01005,1.6178,1774137191975,0.00988000,107624.00000000,0.00987000,481355.00000000,0.00986000,167247.00000000,0.00985000,121486.00000000,0.00984000,1764513.00000000,0.00983000,301637.00000000,0.00982000,340802.00000000,0.00981000,501755.00000000,0.00980000,812020.00000000,0.00979000,1737015.00000000,0.00989000,45325.00000000,0.00990000,311071.00000000,0.00991000,243425.00000000,0.00992000,744807.00000000,0.00993000,2050169.00000000,0.00994000,246221.00000000,0.00995000,263033.00000000,0.00996000,283437.00000000,0.00997000,94860.00000000,0.00998000,1707588.00000000,0.0099,1504,0.00989,4696,0.00988,4145,0.00987,6633,0.00986,6065,0.00985,3560,0.00984,5780,0.00983,8460,0.00982,3690,0.00981,5501,0.00991,3017,0.00992,15501,0.00993,5049,0.00994,5586,0.00995,5167,0.00996,7240,0.00997,9253,0.00998,6486,0.00999,5594,0.01,4041,0.0001218593335094,1774152000000
0,5,291,0.00989000,0.01005,1.6178,1774137192276,0.00988000,107624.00000000,0.00987000,481355.00000000,0.00986000,167247.00000000,0.00985000,121486.00000000,0.00984000,1764513.00000000,0.00983000,301637.00000000,0.00982000,340802.00000000,0.00981000,501755.00000000,0.00980000,812020.00000000,0.00979000,1737015.00000000,0.00989000,45325.00000000,0.00990000,311071.00000000,0.00991000,243425.00000000,0.00992000,744807.00000000,0.00993000,2050169.00000000,0.00994000,246221.00000000,0.00995000,263033.00000000,0.00996000,283437.00000000,0.00997000,94860.00000000,0.00998000,1707588.00000000,0.0099,1813,0.00989,4713,0.00988,4145,0.00987,6633,0.00986,6065,0.00985,3560,0.00984,5780,0.00983,8460,0.00982,3690,0.00981,5501,0.00991,2828,0.00992,14997,0.00993,5049,0.00994,5586,0.00995,5227,0.00996,7240,0.00997,9253,0.00998,6486,0.00999,5594,0.01,4041,0.0001218593335094,1774152000000
0,5,291,0.00989000,0.01005,1.6178,1774137192577,0.00987000,330651.00000000,0.00986000,209453.00000000,0.00985000,121486.00000000,0.00984000,1764513.00000000,0.00983000,301637.00000000,0.00982000,342217.00000000,0.00981000,501755.00000000,0.00980000,810611.00000000,0.00979000,1737015.00000000,0.00978000,124725.00000000,0.00988000,590824.00000000,0.00989000,46337.00000000,0.00990000,311071.00000000,0.00991000,243425.00000000,0.00992000,744807.00000000,0.00993000,2050169.00000000,0.00994000,246221.00000000,0.00995000,263033.00000000,0.00996000,283437.00000000,0.00997000,94860.00000000,0.0099,2103,0.00989,4713,0.00988,4145,0.00987,6633,0.00986,6065,0.00985,4575,0.00984,4764,0.00983,8460,0.00982,3690,0.00981,5501,0.00991,2784,0.00992,14997,0.00993,5049,0.00994,6153,0.00995,4660,0.00996,7240,0.00997,9253,0.00998,6486,0.00999,5594,0.01,4041,0.0001218593335094,1774152000000
0,5,291,0.00989000,0.01005,1.6178,1774137192877,0.00987000,330606.00000000,0.00986000,229685.00000000,0.00985000,121486.00000000,0.00984000,317922.00000000,0.00983000,1748228.00000000,0.00982000,342217.00000000,0.00981000,501755.00000000,0.00980000,810611.00000000,0.00979000,161899.00000000,0.00978000,1699841.00000000,0.00988000,553260.00000000,0.00989000,62260.00000000,0.00990000,311071.00000000,0.00991000,243425.00000000,0.00992000,2222941.00000000,0.00993000,613069.00000000,0.00994000,246221.00000000,0.00995000,263033.00000000,0.00996000,283437.00000000,0.00997000,1623823.00000000,0.0099,2711,0.00989,4713,0.00988,4145,0.00987,6633,0.00986,6065,0.00985,4575,0.00984,5281,0.00983,8460,0.00982,3690,0.00981,5501,0.00991,2448,0.00992,15501,0.00993,4420,0.00994,6153,0.00995,6229,0.00996,9765,0.00997,9253,0.00998,6486,0.00999,5594,0.01,4041,0.0001218593335094,1774152000000
0,5,291,0.00989000,0.01005,1.6178,1774137193178,0.00987000,322206.00000000,0.00986000,229685.00000000,0.00985000,121486.00000000,0.00984000,317922.00000000,0.00983000,1748228.00000000,0.00982000,342217.00000000,0.00981000,501755.00000000,0.00980000,810611.00000000,0.00979000,161899.00000000,0.00978000,1699841.00000000,0.00988000,265283.00000000,0.00989000,60587.00000000,0.00990000,311071.00000000,0.00991000,243425.00000000,0.00992000,2222941.00000000,0.00993000,613069.00000000,0.00994000,246221.00000000,0.00995000,263033.00000000,0.00996000,283437.00000000,0.00997000,1638462.00000000,0.00991,1558,0.0099,2432,0.00989,4718,0.00988,5891,0.00987,11342,0.00986,5866,0.00985,3560,0.00984,6050,0.00983,6331,0.00982,3690,0.00992,10914,0.00993,5547,0.00994,6153,0.00995,4754,0.00996,7240,0.00997,9253,0.00998,6486,0.00999,5594,0.01,4041,0.01001,4413,0.0001218593335094,1774152000000
0,5,291,0.00989000,0.01006,1.7189,1774137193478,0.00987000,324129.00000000,0.00986000,229685.00000000,0.00985000,121486.00000000,0.00984000,317922.00000000,0.00983000,1748228.00000000,0.00982000,342217.00000000,0.00981000,501755.00000000,0.00980000,810611.00000000,0.00979000,161899.00000000,0.00978000,1699841.00000000,0.00988000,265283.00000000,0.00989000,60587.00000000,0.00990000,311071.00000000,0.00991000,243425.00000000,0.00992000,2222941.00000000,0.00993000,648098.00000000,0.00994000,211192.00000000,0.00995000,263033.00000000,0.00996000,283437.00000000,0.00997000,1638462.00000000,0.00991,2223,0.0099,4313,0.00989,4588,0.00988,5891,0.00987,10425,0.00986,6228,0.00985,4675,0.00984,4155,0.00983,7778,0.00982,3325,0.00992,11054,0.00993,5324,0.00994,5524,0.00995,4734,0.00996,5852,0.00997,9653,0.00998,7914,0.00999,5110,0.01,5041,0.01001,4413,0.0001218593335094,1774152000000
