spot_source_id,fut_source_id,symbol_id,ask_spot,bid_futures,spread_pct,ts,s_b1,s_b2,s_b3,s_b4,s_b5,s_b6,s_b7,s_b8,s_b9,s_b10,s_bq1,s_bq2,s_bq3,s_bq4,s_bq5,s_bq6,s_bq7,s_bq8,s_bq9,s_bq10,s_a1,s_a2,s_a3,s_a4,s_a5,s_a6,s_a7,s_a8,s_a9,s_a10,s_aq1,s_aq2,s_aq3,s_aq4,s_aq5,s_aq6,s_aq7,s_aq8,s_aq9,s_aq10,f_b1,f_b2,f_b3,f_b4,f_b5,f_b6,f_b7,f_b8,f_b9,f_b10,f_bq1,f_bq2,f_bq3,f_bq4,f_bq5,f_bq6,f_bq7,f_bq8,f_bq9,f_bq10,f_a1,f_a2,f_a3,f_a4,f_a5,f_a6,f_a7,f_a8,f_a9,f_a10,f_aq1,f_aq2,f_aq3,f_aq4,f_aq5,f_aq6,f_aq7,f_aq8,f_aq9,f_aq10,fr_r,fr_ft
0,5,392,0.00691300,0.006905,-0.1157,1774137100000,0.00690900,1446.00000000,0.00690800,55212.00000000,0.00690700,109381.00000000,0.00690600,1969.00000000,0.00690500,125891.00000000,0.00690400,231225.00000000,0.00690300,17400.00000000,0.00690200,229264.00000000,0.00690100,578787.00000000,0.00690000,689272.00000000,0.00691200,15750.00000000,0.00691300,68821.00000000,0.00691400,223988.00000000,0.00691500,1038271.00000000,0.00691600,545623.00000000,0.00691700,317951.00000000,0.00691800,38530.00000000,0.00691900,705075.00000000,0.00692000,173534.00000000,0.00692100,32040.00000000,,,,,,,,,,,,,,,,,,,,,,,,,,,,,,,,,,,,,,,,,,
0,5,392,0.00691200,0.006905,-0.1013,1774137101000,0.00691100,15832.00000000,0.00691000,28095.00000000,0.00690900,17562.00000000,0.00690800,158039.00000000,0.00690700,107849.00000000,0.00690600,123919.00000000,0.00690500,126109.00000000,0.00690400,232975.00000000,0.00690300,76413.00000000,0.00690200,229264.00000000,0.00691200,15290.00000000,0.00691300,31970.00000000,0.00691400,41865.00000000,0.00691500,886494.00000000,0.00691600,727868.00000000,0.00691700,497955.00000000,0.00691800,51464.00000000,0.00691900,710069.00000000,0.00692000,8893.00000000,0.00692100,188303.00000000,0.006905,4581,0.006904,4581,0.006903,7395,0.006902,8980,0.006901,11187,0.0069,6951,0.006899,7444,0.006898,8120,0.006897,10580,0.006896,9023,0.006906,1194,0.006907,3845,0.006908,9261,0.006909,9043,0.00691,8783,0.006911,8136,0.006912,16500,0.006913,13371,0.006914,15368,0.006915,14027,,
0,5,392,0.00691200,0.006904,-0.1157,1774137102000,0.00691000,1446.00000000,0.00690900,1594.00000000,0.00690800,51839.00000000,0.00690700,1649.00000000,0.00690600,17719.00000000,0.00690500,126109.00000000,0.00690400,232975.00000000,0.00690300,76413.00000000,0.00690200,229264.00000000,0.00690100,578787.00000000,0.00691100,23122.00000000,0.00691200,34779.00000000,0.00691300,31970.00000000,0.00691400,60802.00000000,0.00691500,376124.00000000,0.00691600,1245479.00000000,0.00691700,354004.00000000,0.00691800,51464.00000000,0.00691900,710069.00000000,0.00692000,8733.00000000,0.006905,3679,0.006904,1619,0.006903,7102,0.006902,9347,0.006901,8514,0.0069,7686,0.006899,7679,0.006898,7711,0.006897,8509,0.006896,9893,0.006906,15,0.006907,3996,0.006908,9768,0.006909,7458,0.00691,8271,0.006911,8947,0.006912,16701,0.006913,13371,0.006914,16053,0.006915,15547,,
0,5,392,0.00691200,0.006907,-0.0723,1774137103000,0.00691100,36488.00000000,0.00691000,44956.00000000,0.00690900,1812.00000000,0.00690800,668569.00000000,0.00690700,228651.00000000,0.00690600,152719.00000000,0.00690500,636639.00000000,0.00690400,440919.00000000,0.00690300,76413.00000000,0.00690200,226108.00000000,0.00691200,10728.00000000,0.00691300,17562.00000000,0.00691400,31865.00000000,0.00691500,430564.00000000,0.00691600,509685.00000000,0.00691700,110098.00000000,0.00691800,372325.00000000,0.00691900,697968.00000000,0.00692000,50877.00000000,0.00692100,174102.00000000,0.006907,1083,0.006906,719,0.006905,7178,0.006904,5608,0.006903,10136,0.006902,8295,0.006901,13056,0.0069,8340,0.006899,11578,0.006898,8988,0.006908,4713,0.006909,3988,0.00691,8064,0.006911,8586,0.006912,15250,0.006913,12203,0.006914,14163,0.006915,14613,0.006916,8394,0.006917,12841,,
0,5,392,0.00691100,0.006905,-0.0868,1774137104000,0.00691000,1446.00000000,0.00690900,1972.00000000,0.00690800,51839.00000000,0.00690700,17399.00000000,0.00690600,229002.00000000,0.00690500,636639.00000000,0.00690400,232975.00000000,0.00690300,76413.00000000,0.00690200,226108.00000000,0.00690100,578787.00000000,0.00691100,25874.00000000,0.00691200,17414.00000000,0.00691300,202295.00000000,0.00691400,177002.00000000,0.00691500,340187.00000000,0.00691600,1221108.00000000,0.00691700,254049.00000000,0.00691800,228374.00000000,0.00691900,703055.00000000,0.00692000,50877.00000000,0.006905,722,0.006904,4053,0.006903,9711,0.006902,7082,0.006901,9038,0.0069,6950,0.006899,8151,0.006898,11839,0.006897,9677,0.006896,8814,0.006906,701,0.006907,6382,0.006908,8159,0.006909,7157,0.00691,9654,0.006911,7692,0.006912,16416,0.006913,13370,0.006914,14163,0.006915,13815,,
0,5,392,0.00689400,0.006886,-0.116,1774137105000,0.00689100,106200.00000000,0.00689000,117755.00000000,0.00688900,176489.00000000,0.00688800,153443.00000000,0.00688700,182203.00000000,0.00688600,17564.00000000,0.00688500,164503.00000000,0.00688400,322153.00000000,0.00688300,658466.00000000,0.00688200,714758.00000000,0.00689200,1450.00000000,0.00689300,1668.00000000,0.00689400,29210.00000000,0.00689500,148279.00000000,0.00689600,47464.00000000,0.00689700,742745.00000000,0.00689800,623621.00000000,0.00689900,944199.00000000,0.00690000,17414.00000000,0.00690100,512194.00000000,0.006888,1802,0.006887,868,0.006886,4302,0.006885,9537,0.006884,7246,0.006883,8680,0.006882,6524,0.006881,8976,0.00688,9100,0.006879,18201,0.006889,708,0.00689,2865,0.006891,6887,0.006892,13278,0.006893,18030,0.006894,7035,0.006895,9104,0.006896,11726,0.006897,8764,0.006898,8215,,
0,5,392,0.00689100,0.006876,-0.2177,1774137106000,0.00688000,23203.00000000,0.00687900,28426.00000000,0.00687800,130492.00000000,0.00687700,168147.00000000,0.00687600,17565.00000000,0.00687500,19599.00000000,0.00687400,387827.00000000,0.00687300,75960.00000000,0.00687200,126276.00000000,0.00687100,182456.00000000,0.00688200,50676.00000000,0.00688300,365426.00000000,0.00688400,106233.00000000,0.00688500,30647.00000000,0.00688600,1088880.00000000,0.00688700,164707.00000000,0.00688800,515665.00000000,0.00688900,777511.00000000,0.00689000,17201.00000000,0.00689100,492325.00000000,0.006878,2780,0.006877,2603,0.006876,5426,0.006875,11873,0.006874,8274,0.006873,7852,0.006872,10152,0.006871,7898,0.00687,10422,0.006869,10796,0.006879,14,0.00688,682,0.006881,9908,0.006882,6781,0.006883,10962,0.006884,9054,0.006885,14972,0.006886,9644,0.006887,18563,0.006888,11092,,
0,5,392,0.00689200,0.006888,-0.058,1774137107000,0.00689400,32714.00000000,0.00689300,29211.00000000,0.00689200,22719.00000000,0.00689100,112958.00000000,0.00689000,126471.00000000,0.00688900,119223.00000000,0.00688800,598918.00000000,0.00688700,322111.00000000,0.00688600,122435.00000000,0.00688500,569081.00000000,0.00689600,37673.00000000,0.00689700,17562.00000000,0.00689800,589290.00000000,0.00689900,439450.00000000,0.00690000,305364.00000000,0.00690100,1081055.00000000,0.00690200,140041.00000000,0.00690300,196822.00000000,0.00690400,997112.00000000,0.00690500,52248.00000000,0.006888,1645,0.006887,1477,0.006886,4311,0.006885,5931,0.006884,7839,0.006883,7737,0.006882,5129,0.006881,8471,0.00688,9727,0.006879,17638,0.006889,1426,0.00689,3216,0.006891,10235,0.006892,10109,0.006893,9139,0.006894,7324,0.006895,8988,0.006896,10506,0.006897,12763,0.006898,16938,,
0,5,392,0.00688200,0.006879,-0.0436,1774137108000,0.00688400,14198.00000000,0.00688300,15750.00000000,0.00688200,10833.00000000,0.00688100,45179.00000000,0.00688000,303579.00000000,0.00687900,137641.00000000,0.00687800,229315.00000000,0.00687700,47621.00000000,0.00687600,17565.00000000,0.00687500,19439.00000000,0.00688500,435757.00000000,0.00688600,553114.00000000,0.00688700,107869.00000000,0.00688800,60169.00000000,0.00688900,598916.00000000,0.00689000,173162.00000000,0.00689100,273783.00000000,0.00689200,1430064.00000000,0.00689300,11669.00000000,0.00689400,474538.00000000,0.006879,509,0.006878,4845,0.006877,3123,0.006876,7030,0.006875,6951,0.006874,6203,0.006873,5814,0.006872,6964,0.006871,13127,0.00687,10912,0.00688,5983,0.006881,7014,0.006882,6708,0.006883,10815,0.006884,7806,0.006885,11482,0.006886,17035,0.006887,18115,0.006888,14856,0.006889,14011,,
0,5,392,0.00688900,0.006881,-0.1161,1774137109000,0.00688700,30414.00000000,0.00688600,17420.00000000,0.00688500,44962.00000000,0.00688400,64852.00000000,0.00688300,153918.00000000,0.00688200,277067.00000000,0.00688100,45179.00000000,0.00688000,265505.00000000,0.00687900,17419.00000000,0.00687800,67701.00000000,0.00688800,33267.00000000,0.00688900,1669.00000000,0.00689000,16187.00000000,0.00689100,218747.00000000,0.00689200,1409478.00000000,0.00689300,145620.00000000,0.00689400,353566.00000000,0.00689500,340246.00000000,0.00689600,1669.00000000,0.00689700,31935.00000000,0.006881,433,0.00688,16,0.006879,3640,0.006878,4061,0.006877,8039,0.006876,11350,0.006875,11028,0.006874,8160,0.006873,12767,0.006872,11526,0.006882,1556,0.006883,4703,0.006884,10609,0.006885,7645,0.006886,13299,0.006887,9983,0.006888,10769,0.006889,16312,0.00689,11426,0.006891,7107,,
0,5,392,0.00689600,0.006879,-0.2465,1774137110000,0.00688400,14198.00000000,0.00688300,8691.00000000,0.00688200,22425.00000000,0.00688100,92543.00000000,0.00688000,256112.00000000,0.00687900,17419.00000000,0.00687800,663057.00000000,0.00687700,338587.00000000,0.00687600,703337.00000000,0.00687500,600883.00000000,0.00688500,1734.00000000,0.00688600,31733.00000000,0.00688700,36471.00000000,0.00688800,98771.00000000,0.00688900,704424.00000000,0.00689000,251820.00000000,0.00689100,322790.00000000,0.00689200,1409478.00000000,0.00689300,375255.00000000,0.00689400,339538.00000000,0.006879,2021,0.006878,3332,0.006877,4696,0.006876,4530,0.006875,10745,0.006874,7636,0.006873,9073,0.006872,11319,0.006871,9291,0.00687,12914,0.00688,14,0.006881,2117,0.006882,5617,0.006883,8768,0.006884,14397,0.006885,9019,0.006886,10811,0.006887,11151,0.006888,13509,0.006889,15723,,
0,5,392,0.00688400,0.006876,-0.1162,1774137111000,0.00688000,256112.00000000,0.00687900,1829.00000000,0.00687800,17396.00000000,0.00687700,173982.00000000,0.00687600,17565.00000000,0.00687500,935788.00000000,0.00687400,387786.00000000,0.00687300,105684.00000000,0.00687200,847658.00000000,0.00687100,52345.00000000,0.00688100,7372.00000000,0.00688200,27542.00000000,0.00688300,154716.00000000,0.00688400,639076.00000000,0.00688500,343325.00000000,0.00688600,213820.00000000,0.00688700,145839.00000000,0.00688800,77967.00000000,0.00688900,704424.00000000,0.00689000,107869.00000000,0.006876,34,0.006875,912,0.006874,3011,0.006873,1887,0.006872,9304,0.006871,9291,0.00687,12405,0.006869,22366,0.006868,16034,0.006867,14675,0.006877,3066,0.006878,4118,0.006879,9078,0.00688,7975,0.006881,6325,0.006882,10859,0.006883,11235,0.006884,14738,0.006885,7876,0.006886,11107,,
0,5,392,0.00688800,0.006866,-0.3194,1774137112000,0.00687100,6255.00000000,0.00687000,18013.00000000,0.00686900,1674.00000000,0.00686800,97648.00000000,0.00686700,17424.00000000,0.00686600,44966.00000000,0.00686500,628529.00000000,0.00686400,470402.00000000,0.00686300,415745.00000000,0.00686200,17408.00000000,0.00687200,17559.00000000,0.00687300,284093.00000000,0.00687400,1674.00000000,0.00687500,46755.00000000,0.00687600,684567.00000000,0.00687700,161372.00000000,0.00687800,407883.00000000,0.00687900,707488.00000000,0.00688000,56546.00000000,0.00688100,17421.00000000,0.006866,854,0.006865,3772,0.006864,5518,0.006863,7853,0.006862,8821,0.006861,11097,0.00686,8507,0.006859,10949,0.006858,8863,0.006857,16153,0.006867,1595,0.006868,1251,0.006869,7747,0.00687,6842,0.006871,8043,0.006872,7822,0.006873,8269,0.006874,15404,0.006875,9677,0.006876,14476,,
0,5,392,0.00688600,0.006871,-0.2178,1774137113000,0.00687500,44092.00000000,0.00687400,706049.00000000,0.00687300,75052.00000000,0.00687200,1672.00000000,0.00687100,1375310.00000000,0.00687000,533882.00000000,0.00686900,369115.00000000,0.00686800,612205.00000000,0.00686700,181096.00000000,0.00686600,612704.00000000,0.00687800,35429.00000000,0.00687900,17581.00000000,0.00688000,161331.00000000,0.00688100,17582.00000000,0.00688200,147372.00000000,0.00688300,1889.00000000,0.00688400,810477.00000000,0.00688500,344344.00000000,0.00688600,185653.00000000,0.00688700,105692.00000000,0.006872,1705,0.006871,1156,0.00687,5708,0.006869,7951,0.006868,5896,0.006867,11502,0.006866,12422,0.006865,9731,0.006864,6748,0.006863,13827,0.006873,2061,0.006874,2483,0.006875,12322,0.006876,8879,0.006877,6631,0.006878,7585,0.006879,8808,0.00688,11728,0.006881,19143,0.006882,15862,,
0,5,392,0.00688200,0.006875,-0.1017,1774137114000,0.00687900,346.00000000,0.00687800,22499.00000000,0.00687700,582477.00000000,0.00687600,17422.00000000,0.00687500,59299.00000000,0.00687400,691591.00000000,0.00687300,257397.00000000,0.00687200,1672.00000000,0.00687100,1375149.00000000,0.00687000,683074.00000000,0.00688000,43292.00000000,0.00688100,17422.00000000,0.00688200,123306.00000000,0.00688300,137158.00000000,0.00688400,108030.00000000,0.00688500,316103.00000000,0.00688600,731755.00000000,0.00688700,461919.00000000,0.00688800,1855378.00000000,0.00688900,584314.00000000,0.006873,992,0.006872,1385,0.006871,11967,0.00687,9907,0.006869,8846,0.006868,10420,0.006867,14382,0.006866,10001,0.006865,17268,0.006864,12334,0.006874,1990,0.006875,2178,0.006876,8197,0.006877,8938,0.006878,11193,0.006879,4843,0.00688,7786,0.006881,7793,0.006882,9483,0.006883,9509,,
0,5,392,0.00687900,0.006875,-0.0581,1774137115000,0.00687900,53351.00000000,0.00687800,22648.00000000,0.00687700,27135.00000000,0.00687600,17422.00000000,0.00687500,89299.00000000,0.00687400,691591.00000000,0.00687300,253373.00000000,0.00687200,212867.00000000,0.00687100,1164761.00000000,0.00687000,683044.00000000,0.00688100,17203.00000000,0.00688200,59166.00000000,0.00688300,108089.00000000,0.00688400,137099.00000000,0.00688500,346197.00000000,0.00688600,745783.00000000,0.00688700,323055.00000000,0.00688800,1999329.00000000,0.00688900,590321.00000000,0.00689000,17420.00000000,0.006875,1951,0.006874,2094,0.006873,9949,0.006872,10481,0.006871,12376,0.00687,7358,0.006869,9769,0.006868,9034,0.006867,10636,0.006866,11768,0.006876,633,0.006877,722,0.006878,5372,0.006879,5565,0.00688,7786,0.006881,8025,0.006882,9194,0.006883,9926,0.006884,13319,0.006885,14095,,
0,5,392,0.00688100,0.006875,-0.0872,1774137116000,0.00687800,1453.00000000,0.00687700,1981.00000000,0.00687600,27135.00000000,0.00687500,89299.00000000,0.00687400,721591.00000000,0.00687300,253373.00000000,0.00687200,241969.00000000,0.00687100,1164761.00000000,0.00687000,683044.00000000,0.00686900,126686.00000000,0.00688000,985.00000000,0.00688100,15871.00000000,0.00688200,225906.00000000,0.00688300,108089.00000000,0.00688400,137099.00000000,0.00688500,316103.00000000,0.00688600,875706.00000000,0.00688700,317968.00000000,0.00688800,1890562.00000000,0.00688900,583259.00000000,0.006875,1898,0.006874,654,0.006873,7046,0.006872,6383,0.006871,10508,0.00687,6063,0.006869,9841,0.006868,9034,0.006867,10636,0.006866,10981,0.006876,2706,0.006877,4150,0.006878,8347,0.006879,5341,0.00688,9515,0.006881,7857,0.006882,10066,0.006883,9055,0.006884,13319,0.006885,14095,,
0,5,392,0.00687900,0.006873,-0.0872,1774137117000,0.00687700,27542.00000000,0.00687600,17422.00000000,0.00687500,59299.00000000,0.00687400,691591.00000000,0.00687300,89844.00000000,0.00687200,212867.00000000,0.00687100,1164761.00000000,0.00687000,683044.00000000,0.00686900,155802.00000000,0.00686800,582479.00000000,0.00687900,1453.00000000,0.00688000,45949.00000000,0.00688100,16020.00000000,0.00688200,280130.00000000,0.00688300,108089.00000000,0.00688400,138130.00000000,0.00688500,926908.00000000,0.00688600,875706.00000000,0.00688700,317968.00000000,0.00688800,1855378.00000000,0.006873,3025,0.006872,2997,0.006871,7060,0.00687,7915,0.006869,13824,0.006868,9108,0.006867,10027,0.006866,9729,0.006865,17280,0.006864,10681,0.006874,16,0.006875,1659,0.006876,6601,0.006877,6235,0.006878,6822,0.006879,5340,0.00688,8907,0.006881,8943,0.006882,10359,0.006883,10220,,
0,5,392,0.00687600,0.006872,-0.0582,1774137118000,0.00687500,31538.00000000,0.00687400,110786.00000000,0.00687300,74094.00000000,0.00687200,17422.00000000,0.00687100,1376066.00000000,0.00687000,337686.00000000,0.00686900,155802.00000000,0.00686800,582479.00000000,0.00686700,526454.00000000,0.00686600,406080.00000000,0.00687700,23122.00000000,0.00687800,17422.00000000,0.00687900,127053.00000000,0.00688000,74037.00000000,0.00688100,235921.00000000,0.00688200,44648.00000000,0.00688300,462505.00000000,0.00688400,108030.00000000,0.00688500,926908.00000000,0.00688600,731755.00000000,0.006871,1618,0.00687,2399,0.006869,9249,0.006868,5574,0.006867,9273,0.006866,6065,0.006865,7743,0.006864,6978,0.006863,14159,0.006862,13339,0.006872,1869,0.006873,7559,0.006874,9327,0.006875,7383,0.006876,9332,0.006877,6746,0.006878,8533,0.006879,7960,0.00688,10446,0.006881,12798,,
0,5,392,0.00687500,0.00687,-0.0727,1774137119000,0.00687400,27542.00000000,0.00687300,17571.00000000,0.00687200,44964.00000000,0.00687100,1179268.00000000,0.00687000,337686.00000000,0.00686900,338100.00000000,0.00686800,617417.00000000,0.00686700,426392.00000000,0.00686600,406080.00000000,0.00686500,1185413.00000000,0.00687500,1453.00000000,0.00687600,1672.00000000,0.00687700,1981.00000000,0.00687800,17422.00000000,0.00687900,48484.00000000,0.00688000,75221.00000000,0.00688100,970087.00000000,0.00688200,625453.00000000,0.00688300,473987.00000000,0.00688400,1670.00000000,0.00687,3458,0.006869,5180,0.006868,8947,0.006867,9009,0.006866,5430,0.006865,11944,0.006864,5685,0.006863,10942,0.006862,13339,0.006861,19772,0.006871,16,0.006872,1646,0.006873,5529,0.006874,8841,0.006875,5819,0.006876,10127,0.006877,9146,0.006878,10285,0.006879,10966,0.00688,11697,,
0,5,392,0.00687600,0.006871,-0.0727,1774137120000,0.00686700,761.00000000,0.00686600,87757.00000000,0.00686500,810054.00000000,0.00686400,52814.00000000,0.00686300,160554.00000000,0.00686200,17408.00000000,0.00686100,761994.00000000,0.00686000,214994.00000000,0.00685900,246053.00000000,0.00685800,691091.00000000,0.00686900,7372.00000000,0.00687000,78996.00000000,0.00687100,17423.00000000,0.00687200,59483.00000000,0.00687300,17423.00000000,0.00687400,135415.00000000,0.00687500,1892.00000000,0.00687600,163123.00000000,0.00687700,709437.00000000,0.00687800,607706.00000000,0.006864,1973,0.006863,1533,0.006862,5200,0.006861,7245,0.00686,6145,0.006859,5734,0.006858,6078,0.006857,11275,0.006856,17917,0.006855,23818,0.006865,947,0.006866,2803,0.006867,7225,0.006868,11635,0.006869,9680,0.00687,13929,0.006871,9893,0.006872,10736,0.006873,15171,0.006874,9847,-0.0000031731090227,1774152000000
0,5,392,0.00686900,0.006844,-0.364,1774137121000,0.00685800,1819.00000000,0.00685700,4532.00000000,0.00685600,17411.00000000,0.00685500,1661.00000000,0.00685400,31761.00000000,0.00685300,229735.00000000,0.00685200,662135.00000000,0.00685100,543359.00000000,0.00685000,822088.00000000,0.00684900,1031326.00000000,0.00685900,23122.00000000,0.00686000,89087.00000000,0.00686100,1856.00000000,0.00686200,1673.00000000,0.00686300,324206.00000000,0.00686400,738327.00000000,0.00686500,347200.00000000,0.00686600,1673.00000000,0.00686700,810813.00000000,0.00686800,257331.00000000,0.006847,146,0.006846,1481,0.006845,5309,0.006844,8605,0.006843,4299,0.006842,7863,0.006841,4060,0.00684,10038,0.006839,12700,0.006838,22468,0.006849,1051,0.00685,3373,0.006851,8551,0.006852,7655,0.006853,13351,0.006854,13334,0.006855,10560,0.006856,14688,0.006857,5667,0.006858,8745,,
0,5,392,0.00686900,0.006854,-0.2184,1774137122000,0.00685100,14198.00000000,0.00685000,14198.00000000,0.00684900,17207.00000000,0.00684800,56693.00000000,0.00684700,17562.00000000,0.00684600,49394.00000000,0.00684500,150752.00000000,0.00684400,140361.00000000,0.00684300,32317.00000000,0.00684200,512485.00000000,0.00685300,28999.00000000,0.00685400,62897.00000000,0.00685500,964760.00000000,0.00685600,292082.00000000,0.00685700,568208.00000000,0.00685800,599981.00000000,0.00685900,244927.00000000,0.00686000,44968.00000000,0.00686100,1191706.00000000,0.00686200,165476.00000000,0.006854,1570,0.006853,913,0.006852,3986,0.006851,7212,0.00685,5962,0.006849,10423,0.006848,10918,0.006847,8919,0.006846,9196,0.006845,13426,0.006855,2539,0.006856,3983,0.006857,7140,0.006858,8453,0.006859,6120,0.00686,8964,0.006861,6597,0.006862,18206,0.006863,21083,0.006864,10684,,
0,5,392,0.00686400,0.006843,-0.3059,1774137123000,0.00685900,14198.00000000,0.00685700,17110.00000000,0.00685600,17427.00000000,0.00685500,29219.00000000,0.00685400,174317.00000000,0.00685300,611719.00000000,0.00685200,614681.00000000,0.00685100,44968.00000000,0.00685000,243827.00000000,0.00684900,904312.00000000,0.00686000,15656.00000000,0.00686100,17423.00000000,0.00686200,123623.00000000,0.00686300,74359.00000000,0.00686400,128505.00000000,0.00686500,483337.00000000,0.00686600,78609.00000000,0.00686700,331120.00000000,0.00686800,591017.00000000,0.00686900,468519.00000000,0.006843,338,0.006842,22,0.006841,2301,0.00684,2791,0.006839,5434,0.006838,10504,0.006837,8224,0.006836,10482,0.006835,13985,0.006834,15896,0.006844,4712,0.006845,4865,0.006846,10704,0.006847,10059,0.006848,7789,0.006849,13745,0.00685,8956,0.006851,7452,0.006852,10920,0.006853,13102,,
0,5,392,0.00686000,0.006842,-0.2624,1774137124000,0.00685200,14198.00000000,0.00685100,17427.00000000,0.00685000,44969.00000000,0.00684900,64797.00000000,0.00684800,43318.00000000,0.00684700,123865.00000000,0.00684600,320219.00000000,0.00684500,716348.00000000,0.00684400,116399.00000000,0.00684300,32317.00000000,0.00685400,1458.00000000,0.00685500,1896.00000000,0.00685600,17427.00000000,0.00685700,231320.00000000,0.00685800,961507.00000000,0.00685900,362571.00000000,0.00686000,229149.00000000,0.00686100,630432.00000000,0.00686200,568209.00000000,0.00686300,513284.00000000,0.006845,839,0.006844,3237,0.006843,4754,0.006842,3380,0.006841,5622,0.00684,7982,0.006839,9075,0.006838,10504,0.006837,9175,0.006836,12082,0.006846,2562,0.006847,3111,0.006848,11140,0.006849,8071,0.00685,9719,0.006851,7650,0.006852,7563,0.006853,8422,0.006854,9434,0.006855,11791,,
0,5,392,0.00685700,0.006836,-0.3063,1774137125000,0.00683900,21368.00000000,0.00683800,85138.00000000,0.00683700,126233.00000000,0.00683600,18409.00000000,0.00683500,1665.00000000,0.00683400,324486.00000000,0.00683300,918513.00000000,0.00683200,229792.00000000,0.00683100,152517.00000000,0.00683000,270494.00000000,0.00684000,106200.00000000,0.00684100,15750.00000000,0.00684200,44752.00000000,0.00684300,102274.00000000,0.00684400,138216.00000000,0.00684500,296788.00000000,0.00684600,229806.00000000,0.00684700,47765.00000000,0.00684800,17458.00000000,0.00684900,614844.00000000,0.006837,1396,0.006836,2430,0.006835,5258,0.006834,11136,0.006833,11300,0.006832,9310,0.006831,7467,0.00683,7567,0.006829,5679,0.006828,10026,0.006838,872,0.006839,949,0.00684,7868,0.006841,8168,0.006842,10141,0.006843,10657,0.006844,9618,0.006845,10731,0.006846,9223,0.006847,9502,,
0,5,392,0.00685400,0.006842,-0.1751,1774137126000,0.00685000,53005.00000000,0.00684900,1829.00000000,0.00684800,54685.00000000,0.00684700,17430.00000000,0.00684600,154549.00000000,0.00684500,614904.00000000,0.00684400,257132.00000000,0.00684300,107880.00000000,0.00684200,352065.00000000,0.00684100,157299.00000000,0.00685500,2924.00000000,0.00685600,568209.00000000,0.00685700,559848.00000000,0.00685800,155995.00000000,0.00685900,297232.00000000,0.00686000,322497.00000000,0.00686100,630432.00000000,0.00686200,568209.00000000,0.00686300,165902.00000000,0.00686400,713712.00000000,0.00684,2393,0.006839,3503,0.006838,5196,0.006837,4444,0.006836,4661,0.006835,3276,0.006834,9018,0.006833,5697,0.006832,8171,0.006831,8161,0.006841,14,0.006842,1518,0.006843,1473,0.006844,6674,0.006845,4577,0.006846,9578,0.006847,5802,0.006848,8091,0.006849,8457,0.00685,13592,,
0,5,392,0.00685100,0.006836,-0.2189,1774137127000,0.00685100,4171.00000000,0.00685000,17210.00000000,0.00684900,29221.00000000,0.00684800,111192.00000000,0.00684700,40307.00000000,0.00684600,630585.00000000,0.00684500,87931.00000000,0.00684400,229690.00000000,0.00684300,730377.00000000,0.00684200,1014021.00000000,0.00685200,1461.00000000,0.00685300,1681.00000000,0.00685400,17431.00000000,0.00685500,17812.00000000,0.00685600,243905.00000000,0.00685700,152642.00000000,0.00685800,133778.00000000,0.00685900,155218.00000000,0.00686000,178546.00000000,0.00686100,630432.00000000,0.006838,2311,0.006837,3097,0.006836,2326,0.006835,3662,0.006834,7913,0.006833,8611,0.006832,7410,0.006831,5136,0.00683,11828,0.006829,15597,0.006839,557,0.00684,8934,0.006841,8364,0.006842,4636,0.006843,8784,0.006844,6202,0.006845,3729,0.006846,9571,0.006847,13719,0.006848,17580,,
0,5,392,0.00685100,0.006841,-0.146,1774137128000,0.00684800,43292.00000000,0.00684700,613005.00000000,0.00684600,1680.00000000,0.00684500,138687.00000000,0.00684400,614686.00000000,0.00684300,256291.00000000,0.00684200,674413.00000000,0.00684100,315590.00000000,0.00684000,727909.00000000,0.00683900,379792.00000000,0.00685300,1461.00000000,0.00685400,1681.00000000,0.00685500,39049.00000000,0.00685600,1086768.00000000,0.00685700,24441.00000000,0.00685800,739769.00000000,0.00685900,99039.00000000,0.00686000,178546.00000000,0.00686100,630432.00000000,0.00686200,703209.00000000,0.00684,19,0.006839,705,0.006838,3906,0.006837,6278,0.006836,5993,0.006835,3677,0.006834,9946,0.006833,6347,0.006832,9772,0.006831,13399,0.006841,2738,0.006842,2811,0.006843,10217,0.006844,7328,0.006845,6083,0.006846,7698,0.006847,5882,0.006848,9062,0.006849,13698,0.00685,11109,,
0,5,392,0.00685200,0.006835,-0.2481,1774137129000,0.00684400,1681.00000000,0.00684300,29223.00000000,0.00684200,17592.00000000,0.00684100,45193.00000000,0.00684000,727909.00000000,0.00683900,303604.00000000,0.00683800,307349.00000000,0.00683700,630641.00000000,0.00683600,892297.00000000,0.00683500,126993.00000000,0.00684600,15750.00000000,0.00684700,18561.00000000,0.00684800,17431.00000000,0.00684900,611862.00000000,0.00685000,379761.00000000,0.00685100,138882.00000000,0.00685200,637449.00000000,0.00685300,611706.00000000,0.00685400,244524.00000000,0.00685500,1157908.00000000,0.006835,527,0.006834,1553,0.006833,9837,0.006832,5607,0.006831,5137,0.00683,8878,0.006829,11891,0.006828,13311,0.006827,9316,0.006826,4122,0.006836,1150,0.006837,1982,0.006838,12015,0.006839,7729,0.00684,9006,0.006841,6064,0.006842,11370,0.006843,11614,0.006844,6717,0.006845,6308,,
0,5,392,0.00685600,0.006838,-0.2625,1774137130000,0.00683700,32264.00000000,0.00683600,18571.00000000,0.00683500,126993.00000000,0.00683400,630582.00000000,0.00683300,455216.00000000,0.00683200,181889.00000000,0.00683100,977104.00000000,0.00683000,732164.00000000,0.00682900,17633.00000000,0.00682800,512358.00000000,0.00684000,31431.00000000,0.00684100,1461.00000000,0.00684200,1681.00000000,0.00684300,613419.00000000,0.00684400,111329.00000000,0.00684500,266369.00000000,0.00684600,660734.00000000,0.00684700,39325.00000000,0.00684800,17431.00000000,0.00684900,1181379.00000000,0.006836,2007,0.006835,2511,0.006834,2730,0.006833,7317,0.006832,6507,0.006831,7008,0.00683,13174,0.006829,8134,0.006828,8182,0.006827,10015,0.006837,541,0.006838,3756,0.006839,8365,0.00684,8831,0.006841,4646,0.006842,6674,0.006843,8872,0.006844,6717,0.006845,5767,0.006846,7502,,
0,5,392,0.00686000,0.006827,-0.481,1774137131000,0.00683700,1267.00000000,0.00683600,18571.00000000,0.00683500,126993.00000000,0.00683400,630582.00000000,0.00683300,666721.00000000,0.00683200,211163.00000000,0.00683100,978541.00000000,0.00683000,732163.00000000,0.00682900,230652.00000000,0.00682800,512358.00000000,0.00683800,5749.00000000,0.00683900,15750.00000000,0.00684000,69717.00000000,0.00684100,1681.00000000,0.00684200,1681.00000000,0.00684300,46653.00000000,0.00684400,278296.00000000,0.00684500,614686.00000000,0.00684600,234225.00000000,0.00684700,23706.00000000,0.006831,1818,0.00683,3453,0.006829,3721,0.006828,4806,0.006827,4477,0.006826,6328,0.006825,3785,0.006824,9427,0.006823,8341,0.006822,8926,0.006832,671,0.006833,3211,0.006834,7372,0.006835,6691,0.006836,8370,0.006837,8540,0.006838,6513,0.006839,7919,0.00684,13617,0.006841,8214,,
0,5,392,0.00685900,0.006827,-0.4665,1774137132000,0.00683100,134643.00000000,0.00683000,11068.00000000,0.00682900,17633.00000000,0.00682800,1828.00000000,0.00682700,152416.00000000,0.00682600,17416.00000000,0.00682500,994490.00000000,0.00682400,308624.00000000,0.00682300,368885.00000000,0.00682200,320646.00000000,0.00683400,25938.00000000,0.00683500,689516.00000000,0.00683600,15970.00000000,0.00683700,398449.00000000,0.00683800,27433.00000000,0.00683900,1903.00000000,0.00684000,1683.00000000,0.00684100,17431.00000000,0.00684200,634205.00000000,0.00684300,892146.00000000,0.006828,951,0.006827,2160,0.006826,3483,0.006825,5204,0.006824,6927,0.006823,4605,0.006822,6477,0.006821,8491,0.00682,3745,0.006819,10906,0.006829,427,0.00683,1812,0.006831,11382,0.006832,8569,0.006833,8606,0.006834,11291,0.006835,10879,0.006836,10422,0.006837,8480,0.006838,6513,,
0,5,392,0.00686000,0.006825,-0.5102,1774137133000,0.00683600,25463.00000000,0.00683500,1833.00000000,0.00683400,1683.00000000,0.00683300,70575.00000000,0.00683200,123633.00000000,0.00683100,102137.00000000,0.00683000,117268.00000000,0.00682900,123833.00000000,0.00682800,754672.00000000,0.00682700,330000.00000000,0.00683700,15750.00000000,0.00683800,26405.00000000,0.00683900,58382.00000000,0.00684000,449142.00000000,0.00684100,47575.00000000,0.00684200,632186.00000000,0.00684300,1215800.00000000,0.00684400,130357.00000000,0.00684500,666503.00000000,0.00684600,8753.00000000,0.006816,1860,0.006815,4635,0.006814,6410,0.006813,8120,0.006812,8823,0.006811,10840,0.00681,10164,0.006809,11429,0.006808,11487,0.006807,12426,0.006817,313,0.006818,1024,0.006819,2643,0.00682,8234,0.006821,3475,0.006822,5809,0.006823,13817,0.006824,15830,0.006825,8901,0.006826,7861,,
0,5,392,0.00686000,0.006797,-0.9184,1774137134000,0.00681500,14184.00000000,0.00681400,1640.00000000,0.00681300,22182.00000000,0.00681200,17421.00000000,0.00681100,339104.00000000,0.00681000,2256559.00000000,0.00680900,18083.00000000,0.00680800,17606.00000000,0.00680700,582478.00000000,0.00680600,479519.00000000,0.00681700,219935.00000000,0.00681800,213937.00000000,0.00681900,1685.00000000,0.00682000,61122.00000000,0.00682100,11685.00000000,0.00682200,1343138.00000000,0.00682300,69835.00000000,0.00682400,337135.00000000,0.00682500,192390.00000000,0.00682600,614689.00000000,0.006785,884,0.006784,2,0.006783,3695,0.006782,4261,0.006781,4061,0.00678,7983,0.006779,11169,0.006778,15784,0.006777,11953,0.006776,7231,0.006787,1050,0.006788,131,0.006789,3188,0.00679,4055,0.006791,4759,0.006792,8112,0.006793,7082,0.006794,5114,0.006795,10588,0.006796,6412,,
0,5,392,0.00686200,0.006789,-1.0638,1774137135000,0.00678500,1469.00000000,0.00678400,607332.00000000,0.00678200,227106.00000000,0.00678100,442.00000000,0.00678000,24718.00000000,0.00677900,1092530.00000000,0.00677800,1679.00000000,0.00677700,170210.00000000,0.00677600,547169.00000000,0.00677500,263341.00000000,0.00679800,311070.00000000,0.00679900,1690.00000000,0.00680000,9319.00000000,0.00680100,20897.00000000,0.00680200,1690.00000000,0.00680300,2073.00000000,0.00680400,561648.00000000,0.00680500,614695.00000000,0.00680600,26097.00000000,0.00680700,123263.00000000,0.006793,935,0.006792,997,0.006791,2658,0.00679,2650,0.006789,1401,0.006788,3078,0.006787,4598,0.006786,5279,0.006785,6090,0.006784,7119,0.006794,585,0.006795,5820,0.006796,4413,0.006797,9628,0.006798,10453,0.006799,6195,0.0068,4526,0.006801,7996,0.006802,3948,0.006803,9788,,
0,5,392,0.00685600,0.006806,-0.7293,1774137136000,0.00679500,41350.00000000,0.00679400,128299.00000000,0.00679300,571846.00000000,0.00679200,29013.00000000,0.00679100,628834.00000000,0.00679000,735423.00000000,0.00678900,111976.00000000,0.00678800,419003.00000000,0.00678700,391275.00000000,0.00678600,309596.00000000,0.00680000,1469.00000000,0.00680100,9031.00000000,0.00680200,1690.00000000,0.00680300,84812.00000000,0.00680400,403429.00000000,0.00680500,31847.00000000,0.00680600,17440.00000000,0.00680700,123263.00000000,0.00680800,173829.00000000,0.00680900,922822.00000000,0.006806,445,0.006805,980,0.006804,1715,0.006803,8369,0.006802,9097,0.006801,5019,0.0068,8377,0.006799,9838,0.006798,7784,0.006797,7573,0.006809,2589,0.00681,3116,0.006811,7005,0.006812,7267,0.006813,3820,0.006814,8339,0.006815,6231,0.006816,6156,0.006817,13469,0.006818,11481,,
0,5,392,0.00684800,0.00682,-0.4089,1774137137000,0.00681300,15669.00000000,0.00681200,29013.00000000,0.00681100,24052.00000000,0.00681000,1471.00000000,0.00680900,20274.00000000,0.00680800,17221.00000000,0.00680700,1471.00000000,0.00680600,44075.00000000,0.00680500,614638.00000000,0.00680400,217173.00000000,0.00681400,7372.00000000,0.00681500,278548.00000000,0.00681600,17604.00000000,0.00681700,107689.00000000,0.00681800,30890.00000000,0.00681900,17435.00000000,0.00682000,125802.00000000,0.00682100,1261498.00000000,0.00682200,1548350.00000000,0.00682300,17435.00000000,0.006815,505,0.006814,2866,0.006813,6128,0.006812,5150,0.006811,3691,0.00681,7913,0.006809,9164,0.006808,12095,0.006807,19110,0.006806,14122,0.006817,940,0.006818,1812,0.006819,1461,0.00682,7833,0.006821,7126,0.006822,8853,0.006823,10100,0.006824,5616,0.006825,10559,0.006826,10957,,
0,5,392,0.00685000,0.006809,-0.5985,1774137138000,0.00682400,15665.00000000,0.00682300,17217.00000000,0.00682200,220.00000000,0.00682100,627860.00000000,0.00682000,16387.00000000,0.00681900,247554.00000000,0.00681800,503246.00000000,0.00681700,182746.00000000,0.00681600,883920.00000000,0.00681500,740501.00000000,0.00682700,17655.00000000,0.00682800,17434.00000000,0.00682900,17434.00000000,0.00683000,127493.00000000,0.00683100,93075.00000000,0.00683200,219225.00000000,0.00683300,47595.00000000,0.00683400,189113.00000000,0.00683500,1312410.00000000,0.00683600,568453.00000000,0.006815,1311,0.006814,1336,0.006813,989,0.006812,5173,0.006811,7189,0.00681,6418,0.006809,8829,0.006808,7367,0.006807,8432,0.006806,7815,0.006816,35,0.006817,504,0.006818,4451,0.006819,8922,0.00682,7834,0.006821,3742,0.006822,6915,0.006823,8940,0.006824,3997,0.006825,8652,,
0,5,392,0.00685300,0.006817,-0.5253,1774137139000,0.00681200,1467.00000000,0.00681100,1687.00000000,0.00681000,58318.00000000,0.00680900,226690.00000000,0.00680800,161690.00000000,0.00680700,30576.00000000,0.00680600,191569.00000000,0.00680500,923742.00000000,0.00680400,127752.00000000,0.00680300,733017.00000000,0.00681500,33841.00000000,0.00681600,1685.00000000,0.00681700,164636.00000000,0.00681800,93024.00000000,0.00681900,87393.00000000,0.00682000,123635.00000000,0.00682100,180473.00000000,0.00682200,774390.00000000,0.00682300,1001734.00000000,0.00682400,29226.00000000,0.006816,459,0.006815,17,0.006814,5485,0.006813,3212,0.006812,5449,0.006811,8323,0.00681,9062,0.006809,18395,0.006808,26781,0.006807,16711,0.006817,2916,0.006818,2226,0.006819,9493,0.00682,14198,0.006821,3636,0.006822,7576,0.006823,7329,0.006824,3998,0.006825,8652,0.006826,9398,,
0,5,392,0.00685300,0.006819,-0.4961,1774137140000,0.00681800,1466.00000000,0.00681700,1686.00000000,0.00681600,1687.00000000,0.00681500,17437.00000000,0.00681400,29229.00000000,0.00681300,49396.00000000,0.00681200,17437.00000000,0.00681100,30566.00000000,0.00681000,60559.00000000,0.00680900,938843.00000000,0.00681900,23122.00000000,0.00682000,15750.00000000,0.00682100,151176.00000000,0.00682200,17434.00000000,0.00682300,818789.00000000,0.00682400,139501.00000000,0.00682500,229783.00000000,0.00682600,659267.00000000,0.00682700,182573.00000000,0.00682800,730490.00000000,0.00682,44,0.006819,724,0.006818,8063,0.006817,3861,0.006816,6709,0.006815,3620,0.006814,5696,0.006813,6960,0.006812,14077,0.006811,18132,0.006821,2575,0.006822,1413,0.006823,8319,0.006824,7499,0.006825,8653,0.006826,9399,0.006827,6777,0.006828,7148,0.006829,6987,0.00683,9312,,
0,5,392,0.00684900,0.006808,-0.5986,1774137141000,0.00682400,14198.00000000,0.00682300,14198.00000000,0.00682100,27542.00000000,0.00682000,18650.00000000,0.00681900,40777.00000000,0.00681800,64642.00000000,0.00681700,717798.00000000,0.00681600,441772.00000000,0.00681500,682985.00000000,0.00681400,757595.00000000,0.00682500,17434.00000000,0.00682600,125379.00000000,0.00682700,77838.00000000,0.00682800,700305.00000000,0.00682900,614692.00000000,0.00683000,952321.00000000,0.00683100,93075.00000000,0.00683200,17808.00000000,0.00683300,17433.00000000,0.00683400,794997.00000000,0.006808,11687,0.006807,19,0.006806,739,0.006805,2603,0.006804,2214,0.006803,6104,0.006802,5615,0.006801,20560,0.0068,23517,0.006799,16016,0.006809,3506,0.00681,4576,0.006811,9212,0.006812,4232,0.006813,8251,0.006814,8247,0.006815,10619,0.006816,4776,0.006817,8024,0.006818,5410,,
0,5,392,0.00684600,0.006796,-0.7304,1774137142000,0.00682100,1466.00000000,0.00682000,666323.00000000,0.00681900,181155.00000000,0.00681800,64856.00000000,0.00681700,796786.00000000,0.00681600,423909.00000000,0.00681500,878544.00000000,0.00681400,757595.00000000,0.00681300,347049.00000000,0.00681200,305202.00000000,0.00682200,17216.00000000,0.00682300,33481.00000000,0.00682400,30449.00000000,0.00682500,175934.00000000,0.00682600,232059.00000000,0.00682700,183160.00000000,0.00682800,411643.00000000,0.00682900,897663.00000000,0.00683000,78426.00000000,0.00683100,123252.00000000,0.006795,300,0.006794,479,0.006793,2097,0.006792,2220,0.006791,2236,0.00679,2667,0.006789,5508,0.006788,14947,0.006787,14492,0.006786,12630,0.006796,3304,0.006797,3583,0.006798,7207,0.006799,9024,0.0068,8790,0.006801,10832,0.006802,11712,0.006803,7087,0.006804,8524,0.006805,9628,,
0,5,392,0.00684200,0.006801,-0.5992,1774137143000,0.00680700,1691.00000000,0.00680600,17442.00000000,0.00680500,2075.00000000,0.00680400,127914.00000000,0.00680300,139386.00000000,0.00680200,614697.00000000,0.00680100,17663.00000000,0.00680000,202095.00000000,0.00679900,759945.00000000,0.00679800,17221.00000000,0.00680800,96878.00000000,0.00680900,7287.00000000,0.00681000,27542.00000000,0.00681100,17218.00000000,0.00681200,36562.00000000,0.00681300,123636.00000000,0.00681400,925366.00000000,0.00681500,708882.00000000,0.00681600,44978.00000000,0.00681700,757409.00000000,0.006801,1446,0.0068,1143,0.006799,1150,0.006798,3418,0.006797,3979,0.006796,7360,0.006795,7428,0.006794,10269,0.006793,8373,0.006792,10334,0.006802,413,0.006803,2763,0.006804,9203,0.006805,10783,0.006806,6188,0.006807,7718,0.006808,11065,0.006809,7345,0.00681,7455,0.006811,7387,,
0,5,392,0.00678800,0.006778,-0.1473,1774137148000,0.00680700,14198.00000000,0.00680600,41373.00000000,0.00680500,17440.00000000,0.00680400,149017.00000000,0.00680300,62572.00000000,0.00680200,47051.00000000,0.00680100,11525.00000000,0.00680000,44984.00000000,0.00679900,879866.00000000,0.00679800,950824.00000000,0.00680800,1468.00000000,0.00680900,428504.00000000,0.00681000,53813.00000000,0.00681100,116173.00000000,0.00681200,214616.00000000,0.00681300,161387.00000000,0.00681400,951146.00000000,0.00681500,663770.00000000,0.00681600,17598.00000000,0.00681700,852585.00000000,0.00678,16,0.006779,503,0.006778,7894,0.006777,7708,0.006776,3940,0.006775,6053,0.006774,4481,0.006773,7547,0.006772,8603,0.006771,24114,0.006781,2297,0.006782,1499,0.006783,3732,0.006784,7137,0.006785,9840,0.006786,9769,0.006787,8684,0.006788,6452,0.006789,6481,0.00679,8332,,
0,5,392,0.00678500,0.006779,-0.0884,1774137149000,0.00679400,14198.00000000,0.00679300,221.00000000,0.00679200,1691.00000000,0.00679100,24512.00000000,0.00679000,129531.00000000,0.00678900,85415.00000000,0.00678800,123642.00000000,0.00678700,123642.00000000,0.00678600,78423.00000000,0.00678500,663780.00000000,0.00679600,1339353.00000000,0.00679700,1691.00000000,0.00679800,232605.00000000,0.00679900,986685.00000000,0.00680000,127727.00000000,0.00680100,17440.00000000,0.00680200,1309378.00000000,0.00680300,17661.00000000,0.00680400,167281.00000000,0.00680500,17440.00000000,0.006788,1378,0.006787,481,0.006786,3919,0.006785,7812,0.006784,12858,0.006783,3262,0.006782,6537,0.006781,7245,0.00678,7174,0.006779,5452,0.006789,14,0.00679,643,0.006791,4882,0.006792,5560,0.006793,7787,0.006794,7593,0.006795,5044,0.006796,7767,0.006797,7092,0.006798,5141,,
0,5,392,0.00679600,0.006761,-0.515,1774137150000,0.00678100,16641.00000000,0.00678000,17490.00000000,0.00677900,109979.00000000,0.00677800,171140.00000000,0.00677700,224426.00000000,0.00677600,445890.00000000,0.00677500,313002.00000000,0.00677400,17433.00000000,0.00677300,435896.00000000,0.00677200,759524.00000000,0.00678500,1472.00000000,0.00678600,58175.00000000,0.00678700,7044.00000000,0.00678800,675061.00000000,0.00678900,48646.00000000,0.00679000,679307.00000000,0.00679100,877220.00000000,0.00679200,159879.00000000,0.00679300,1693.00000000,0.00679400,755158.00000000,0.006763,1379,0.006762,2896,0.006761,4388,0.00676,6132,0.006759,12829,0.006758,8241,0.006757,8267,0.006756,8259,0.006755,9446,0.006754,3859,0.006764,364,0.006765,1250,0.006766,1574,0.006767,4048,0.006768,6936,0.006769,3745,0.00677,7037,0.006771,2953,0.006772,6345,0.006773,2098,,
0,5,392,0.00679700,0.006753,-0.6473,1774137151000,0.00679300,15750.00000000,0.00679200,43835.00000000,0.00679100,1693.00000000,0.00679000,10211.00000000,0.00678900,730202.00000000,0.00678800,726888.00000000,0.00678700,139610.00000000,0.00678600,710850.00000000,0.00678500,17664.00000000,0.00678400,230716.00000000,0.00679700,13763.00000000,0.00679800,1854.00000000,0.00679900,215185.00000000,0.00680000,111977.00000000,0.00680100,242709.00000000,0.00680200,647515.00000000,0.00680300,144006.00000000,0.00680400,167119.00000000,0.00680500,630708.00000000,0.00680600,17440.00000000,0.006753,1542,0.006752,1920,0.006751,2705,0.00675,5339,0.006749,5276,0.006748,4790,0.006747,2218,0.006746,7232,0.006745,4528,0.006744,7362,0.006755,2652,0.006756,5821,0.006757,9733,0.006758,6951,0.006759,10655,0.00676,7299,0.006761,4457,0.006762,10138,0.006763,12848,0.006764,9394,,
0,5,392,0.00677800,0.006768,-0.1475,1774137152000,0.00676800,233417.00000000,0.00676700,73458.00000000,0.00676600,1683.00000000,0.00676500,3396.00000000,0.00676400,17433.00000000,0.00676300,635981.00000000,0.00676200,184845.00000000,0.00676100,745221.00000000,0.00676000,321718.00000000,0.00675900,89834.00000000,0.00677000,27542.00000000,0.00677100,10640.00000000,0.00677300,15750.00000000,0.00677400,25750.00000000,0.00677500,39507.00000000,0.00677600,123425.00000000,0.00677700,174036.00000000,0.00677800,432405.00000000,0.00677900,727714.00000000,0.00678000,36632.00000000,0.006771,557,0.00677,2171,0.006769,1059,0.006768,2457,0.006767,3896,0.006766,8223,0.006765,3873,0.006764,5545,0.006763,6929,0.006762,6157,0.006772,15,0.006773,2210,0.006774,5874,0.006775,6226,0.006776,2539,0.006777,8046,0.006778,5315,0.006779,9040,0.00678,12618,0.006781,8271,,
0,5,392,0.00677700,0.006785,0.118,1774137153000,0.00675000,134011.00000000,0.00674900,17658.00000000,0.00674800,65220.00000000,0.00674700,307342.00000000,0.00674600,25064.00000000,0.00674500,47149.00000000,0.00674400,112540.00000000,0.00674300,1877.00000000,0.00674200,17438.00000000,0.00674100,17435.00000000,0.00675400,1480.00000000,0.00675500,67371.00000000,0.00675600,127877.00000000,0.00675700,1475.00000000,0.00675800,299642.00000000,0.00675900,666391.00000000,0.00676000,381990.00000000,0.00676100,22281.00000000,0.00676200,74861.00000000,0.00676300,37247.00000000,0.006782,2,0.006781,14,0.00678,410,0.006779,1399,0.006778,2874,0.006777,5426,0.006776,4034,0.006775,7025,0.006774,8240,0.006773,5219,0.006784,2101,0.006785,4495,0.006786,9603,0.006787,7228,0.006788,8440,0.006789,6692,0.00679,5768,0.006791,12313,0.006792,14629,0.006793,5354,,
0,5,392,0.00677400,0.006799,0.3691,1774137154000,0.00675700,1702.00000000,0.00675600,222.00000000,0.00675500,29244.00000000,0.00675400,17452.00000000,0.00675300,29467.00000000,0.00675200,49486.00000000,0.00675100,44995.00000000,0.00675000,689168.00000000,0.00674900,295268.00000000,0.00674800,232054.00000000,0.00676200,149492.00000000,0.00676300,1480.00000000,0.00676400,1480.00000000,0.00676500,384666.00000000,0.00676600,789320.00000000,0.00676700,294259.00000000,0.00676800,679310.00000000,0.00676900,17447.00000000,0.00677000,1697.00000000,0.00677100,1919.00000000,0.006801,933,0.0068,3977,0.006799,4579,0.006798,2626,0.006797,9231,0.006796,3715,0.006795,3736,0.006794,3767,0.006793,4086,0.006792,5828,0.006803,2095,0.006804,2179,0.006805,2565,0.006806,4667,0.006807,3921,0.006808,6192,0.006809,5641,0.00681,12417,0.006811,12653,0.006812,3833,,
0,5,392,0.00676900,0.006798,0.4284,1774137155000,0.00678000,14198.00000000,0.00677900,1476.00000000,0.00677800,1476.00000000,0.00677700,114581.00000000,0.00677600,33787.00000000,0.00677500,49350.00000000,0.00677400,17448.00000000,0.00677300,215715.00000000,0.00677200,612962.00000000,0.00677100,155703.00000000,0.00678100,4258.00000000,0.00678200,505283.00000000,0.00678300,122470.00000000,0.00678400,17612.00000000,0.00678500,79052.00000000,0.00678600,32206.00000000,0.00678700,119687.00000000,0.00678800,238311.00000000,0.00678900,733459.00000000,0.00679000,197703.00000000,0.006799,480,0.006798,1331,0.006797,2667,0.006796,8981,0.006795,6264,0.006794,2731,0.006793,4146,0.006792,4874,0.006791,4787,0.00679,7736,0.0068,418,0.006801,1387,0.006802,1374,0.006803,3431,0.006804,3363,0.006805,4768,0.006806,6169,0.006807,5077,0.006808,11642,0.006809,5277,,
0,5,392,0.00675800,0.006798,0.5919,1774137156000,0.00677800,14198.00000000,0.00677700,651163.00000000,0.00677600,29077.00000000,0.00677500,1698.00000000,0.00677400,882569.00000000,0.00677300,1920.00000000,0.00677200,44990.00000000,0.00677100,651385.00000000,0.00677000,974020.00000000,0.00676900,17670.00000000,0.00677900,9905.00000000,0.00678000,35622.00000000,0.00678100,38796.00000000,0.00678200,157143.00000000,0.00678300,17444.00000000,0.00678400,16846.00000000,0.00678500,1694.00000000,0.00678600,17444.00000000,0.00678700,119687.00000000,0.00678800,17444.00000000,0.006801,1501,0.0068,1133,0.006799,4042,0.006798,4029,0.006797,4039,0.006796,6231,0.006795,5220,0.006794,5657,0.006793,5909,0.006792,4036,0.006802,349,0.006803,2564,0.006804,2120,0.006805,4239,0.006806,6136,0.006807,4149,0.006808,6930,0.006809,8074,0.00681,10533,0.006811,6658,,
0,5,392,0.00675400,0.006805,0.7551,1774137157000,0.00679600,17226.00000000,0.00679500,43959.00000000,0.00679400,1697.00000000,0.00679300,4941.00000000,0.00679200,44989.00000000,0.00679100,49137.00000000,0.00679000,17447.00000000,0.00678900,45210.00000000,0.00678800,663711.00000000,0.00678700,44989.00000000,0.00679900,1632.00000000,0.00680000,95195.00000000,0.00680100,213266.00000000,0.00680200,24821.00000000,0.00680300,114520.00000000,0.00680400,182869.00000000,0.00680500,31574.00000000,0.00680600,749151.00000000,0.00680700,321616.00000000,0.00680800,663714.00000000,0.006805,1663,0.006804,2076,0.006803,3878,0.006802,10020,0.006801,5045,0.0068,4367,0.006799,5826,0.006798,4446,0.006797,6049,0.006796,9784,0.006806,2097,0.006807,2564,0.006808,2543,0.006809,2243,0.00681,2660,0.006811,4069,0.006812,5387,0.006813,5024,0.006814,11342,0.006815,8764,,
0,5,392,0.00676100,0.006804,0.636,1774137158000,0.00680300,27542.00000000,0.00680200,663878.00000000,0.00680100,151405.00000000,0.00680000,17442.00000000,0.00679900,214364.00000000,0.00679800,651379.00000000,0.00679700,48974.00000000,0.00679600,182949.00000000,0.00679500,766659.00000000,0.00679400,693779.00000000,0.00680700,48129.00000000,0.00680800,109666.00000000,0.00680900,112023.00000000,0.00681000,126509.00000000,0.00681100,124031.00000000,0.00681200,318315.00000000,0.00681300,17436.00000000,0.00681400,961192.00000000,0.00681500,525582.00000000,0.00681600,56633.00000000,0.006804,871,0.006803,4207,0.006802,7753,0.006801,6133,0.0068,1649,0.006799,5319,0.006798,3044,0.006797,5451,0.006796,6908,0.006795,8266,0.006805,536,0.006806,418,0.006807,2395,0.006808,6757,0.006809,7126,0.00681,7366,0.006811,5740,0.006812,7163,0.006813,6461,0.006814,7121,,
0,5,392,0.00677400,0.006792,0.2657,1774137159000,0.00680300,27542.00000000,0.00680200,121609.00000000,0.00680100,135655.00000000,0.00680000,127646.00000000,0.00679900,31077.00000000,0.00679800,864114.00000000,0.00679700,48974.00000000,0.00679600,258451.00000000,0.00679500,766659.00000000,0.00679400,693779.00000000,0.00680500,1469.00000000,0.00680600,1690.00000000,0.00680700,1692.00000000,0.00680800,17442.00000000,0.00680900,180885.00000000,0.00681000,126509.00000000,0.00681100,336798.00000000,0.00681200,318315.00000000,0.00681300,686313.00000000,0.00681400,769711.00000000,0.006792,824,0.006791,3782,0.00679,8225,0.006789,4195,0.006788,3733,0.006787,2712,0.006786,5317,0.006785,8766,0.006784,4900,0.006783,12302,0.006793,1414,0.006794,2276,0.006795,1462,0.006796,5729,0.006797,5843,0.006798,6023,0.006799,2357,0.0068,6684,0.006801,3983,0.006802,4447,,
0,5,392,0.00678100,0.006799,0.2654,1774137160000,0.00681000,7372.00000000,0.00680700,43292.00000000,0.00680600,124542.00000000,0.00680500,107889.00000000,0.00680400,107889.00000000,0.00680300,48595.00000000,0.00680200,679456.00000000,0.00680100,679142.00000000,0.00680000,127646.00000000,0.00679900,236597.00000000,0.00681200,365960.00000000,0.00681300,679299.00000000,0.00681400,781638.00000000,0.00681500,231351.00000000,0.00681600,122396.00000000,0.00681700,114362.00000000,0.00681800,197196.00000000,0.00681900,681420.00000000,0.00682000,447522.00000000,0.00682100,663328.00000000,0.0068,1304,0.006799,948,0.006798,5693,0.006797,11029,0.006796,8066,0.006795,5695,0.006794,3158,0.006793,6945,0.006792,7628,0.006791,10853,0.006801,266,0.006802,538,0.006803,1001,0.006804,1097,0.006805,1727,0.006806,4840,0.006807,5217,0.006808,6669,0.006809,6271,0.00681,10919,,
0,5,392,0.00677300,0.006785,0.1772,1774137161000,0.00681100,1468.00000000,0.00681000,17218.00000000,0.00680900,7421.00000000,0.00680800,18174.00000000,0.00680700,151181.00000000,0.00680600,233787.00000000,0.00680500,651597.00000000,0.00680400,464535.00000000,0.00680300,264768.00000000,0.00680200,1020094.00000000,0.00681300,1465.00000000,0.00681400,1848.00000000,0.00681500,18855.00000000,0.00681600,19352.00000000,0.00681700,218992.00000000,0.00681800,595413.00000000,0.00681900,674358.00000000,0.00682000,834193.00000000,0.00682100,677683.00000000,0.00682200,694823.00000000,0.006786,1308,0.006785,964,0.006784,1067,0.006783,4536,0.006782,4629,0.006781,3843,0.00678,8309,0.006779,8799,0.006778,6646,0.006777,8755,0.006787,1353,0.006788,1362,0.006789,6350,0.00679,9220,0.006791,4459,0.006792,7028,0.006793,4359,0.006794,6023,0.006795,4321,0.006796,5985,,
0,5,392,0.00677900,0.006791,0.177,1774137162000,0.00680900,4184.00000000,0.00680800,2436.00000000,0.00680700,29231.00000000,0.00680600,446337.00000000,0.00680500,870639.00000000,0.00680400,32051.00000000,0.00680300,264768.00000000,0.00680200,679303.00000000,0.00680100,679142.00000000,0.00680000,293994.00000000,0.00681000,15750.00000000,0.00681100,17217.00000000,0.00681200,17438.00000000,0.00681300,139226.00000000,0.00681400,24527.00000000,0.00681500,198570.00000000,0.00681600,168528.00000000,0.00681700,91931.00000000,0.00681800,24817.00000000,0.00681900,744435.00000000,0.006791,1788,0.00679,538,0.006789,2198,0.006788,8982,0.006787,4489,0.006786,8397,0.006785,7218,0.006784,6309,0.006783,7834,0.006782,2023,0.006792,992,0.006793,421,0.006794,4356,0.006795,3724,0.006796,6386,0.006797,5753,0.006798,5103,0.006799,5516,0.0068,7068,0.006801,7921,,
0,5,392,0.00678800,0.0068,0.1768,1774137163000,0.00679700,4331.00000000,0.00679600,129468.00000000,0.00679500,107897.00000000,0.00679400,218101.00000000,0.00679300,257243.00000000,0.00679200,880091.00000000,0.00679100,487775.00000000,0.00679000,358168.00000000,0.00678900,1188075.00000000,0.00678800,684241.00000000,0.00680000,17220.00000000,0.00680100,17370.00000000,0.00680200,17600.00000000,0.00680300,127642.00000000,0.00680400,81278.00000000,0.00680500,168770.00000000,0.00680600,51865.00000000,0.00680700,230569.00000000,0.00680800,169131.00000000,0.00680900,709487.00000000,0.006798,2548,0.006797,1452,0.006796,3530,0.006795,7406,0.006794,8858,0.006793,5216,0.006792,6720,0.006791,4978,0.00679,8991,0.006789,9477,0.006801,1906,0.006802,1146,0.006803,757,0.006804,6115,0.006805,5978,0.006806,2060,0.006807,6947,0.006808,6624,0.006809,11919,0.00681,12456,,
0,5,392,0.00679300,0.006805,0.1767,1774137164000,0.00680400,3820.00000000,0.00680300,36119.00000000,0.00680200,123642.00000000,0.00680100,1028589.00000000,0.00680000,729332.00000000,0.00679900,376755.00000000,0.00679800,17442.00000000,0.00679700,842296.00000000,0.00679600,383753.00000000,0.00679500,427106.00000000,0.00680500,15750.00000000,0.00680600,15751.00000000,0.00680700,1779.00000000,0.00680800,17438.00000000,0.00680900,17438.00000000,0.00681000,232620.00000000,0.00681100,17659.00000000,0.00681200,168770.00000000,0.00681300,230145.00000000,0.00681400,264245.00000000,0.006805,1590,0.006804,1381,0.006803,6315,0.006802,10607,0.006801,6255,0.0068,3788,0.006799,6849,0.006798,6576,0.006797,8365,0.006796,9587,0.006806,2333,0.006807,398,0.006808,525,0.006809,2747,0.00681,2837,0.006811,6226,0.006812,4950,0.006813,7743,0.006814,8142,0.006815,6246,,
0,5,392,0.00680100,0.006806,0.0735,1774137165000,0.00679000,1697.00000000,0.00678900,102606.00000000,0.00678800,1697.00000000,0.00678700,17824.00000000,0.00678600,216824.00000000,0.00678500,238357.00000000,0.00678400,631919.00000000,0.00678300,808047.00000000,0.00678200,969697.00000000,0.00678100,168421.00000000,0.00679100,9465.00000000,0.00679200,1470.00000000,0.00679300,137840.00000000,0.00679400,51868.00000000,0.00679500,161392.00000000,0.00679600,91279.00000000,0.00679700,1691.00000000,0.00679800,111912.00000000,0.00679900,54907.00000000,0.00680000,567575.00000000,0.006806,2085,0.006805,1797,0.006804,6847,0.006803,7274,0.006802,9741,0.006801,5333,0.0068,3374,0.006799,6703,0.006798,6632,0.006797,8365,0.006807,1209,0.006808,2711,0.006809,4891,0.00681,4801,0.006811,6226,0.006812,4585,0.006813,7743,0.006814,6881,0.006815,5513,0.006816,10193,,
0,5,392,0.00680500,0.006806,0.0147,1774137166000,0.00679100,3521.00000000,0.00679000,17444.00000000,0.00678900,51871.00000000,0.00678800,781314.00000000,0.00678700,808383.00000000,0.00678600,418382.00000000,0.00678500,151342.00000000,0.00678400,624842.00000000,0.00678300,161398.00000000,0.00678200,333021.00000000,0.00679500,61650.00000000,0.00679600,17444.00000000,0.00679700,61868.00000000,0.00679800,111912.00000000,0.00679900,191074.00000000,0.00680000,553055.00000000,0.00680100,17624.00000000,0.00680200,230620.00000000,0.00680300,1269700.00000000,0.00680400,461946.00000000,0.006806,3957,0.006805,2455,0.006804,4428,0.006803,9533,0.006802,6758,0.006801,9334,0.0068,5466,0.006799,9934,0.006798,11770,0.006797,11053,0.006807,218,0.006808,401,0.006809,3619,0.00681,2608,0.006811,4611,0.006812,3364,0.006813,7029,0.006814,6148,0.006815,6246,0.006816,9642,,
0,5,392,0.00680900,0.006811,0.0294,1774137167000,0.00680300,1454.00000000,0.00680200,36120.00000000,0.00680100,1693.00000000,0.00680000,36120.00000000,0.00679900,137335.00000000,0.00679800,658017.00000000,0.00679700,362906.00000000,0.00679600,350931.00000000,0.00679500,346633.00000000,0.00679400,181394.00000000,0.00680400,17221.00000000,0.00680500,17398.00000000,0.00680600,329716.00000000,0.00680700,17821.00000000,0.00680800,17600.00000000,0.00680900,1653340.00000000,0.00681000,251237.00000000,0.00681100,238105.00000000,0.00681200,855123.00000000,0.00681300,303614.00000000,0.00681,1424,0.006809,1648,0.006808,12734,0.006807,13812,0.006806,6816,0.006805,6919,0.006804,4049,0.006803,8164,0.006802,9806,0.006801,11651,0.006811,927,0.006812,1755,0.006813,1573,0.006814,4523,0.006815,4298,0.006816,7323,0.006817,3867,0.006818,8395,0.006819,2667,0.00682,7475,,
0,5,392,0.00680600,0.006811,0.0735,1774137168000,0.00681000,3609.00000000,0.00680900,1843.00000000,0.00680800,146235.00000000,0.00680700,547440.00000000,0.00680600,51870.00000000,0.00680500,679527.00000000,0.00680400,808809.00000000,0.00680300,127858.00000000,0.00680200,385561.00000000,0.00680100,712258.00000000,0.00681200,1467.00000000,0.00681300,274101.00000000,0.00681400,17438.00000000,0.00681500,17659.00000000,0.00681600,256108.00000000,0.00681700,482082.00000000,0.00681800,397379.00000000,0.00681900,237795.00000000,0.00682000,574206.00000000,0.00682100,693720.00000000,0.006811,1406,0.00681,850,0.006809,6579,0.006808,11331,0.006807,10843,0.006806,5186,0.006805,7230,0.006804,4408,0.006803,8884,0.006802,10388,0.006812,522,0.006813,2246,0.006814,536,0.006815,5824,0.006816,6251,0.006817,4335,0.006818,6327,0.006819,5029,0.00682,7475,0.006821,7804,,
0,5,392,0.00680600,0.006813,0.1029,1774137169000,0.00681000,12484.00000000,0.00680900,17664.00000000,0.00680800,146235.00000000,0.00680700,547440.00000000,0.00680600,51870.00000000,0.00680500,679527.00000000,0.00680400,906840.00000000,0.00680300,127858.00000000,0.00680200,654526.00000000,0.00680100,568307.00000000,0.00681200,1509.00000000,0.00681300,44427.00000000,0.00681400,11688.00000000,0.00681500,24748.00000000,0.00681600,234253.00000000,0.00681700,132577.00000000,0.00681800,104437.00000000,0.00681900,374130.00000000,0.00682000,143957.00000000,0.00682100,707844.00000000,0.006813,2213,0.006812,2533,0.006811,2979,0.00681,11430,0.006809,9360,0.006808,9248,0.006807,10021,0.006806,5186,0.006805,7061,0.006804,5198,0.006814,537,0.006815,1104,0.006816,3410,0.006817,5279,0.006818,6184,0.006819,4997,0.00682,8208,0.006821,6470,0.006822,6912,0.006823,12792,,
0,5,392,0.00680900,0.006814,0.0734,1774137170000,0.00681000,34427.00000000,0.00680900,17218.00000000,0.00680800,51866.00000000,0.00680700,484458.00000000,0.00680600,36120.00000000,0.00680500,679527.00000000,0.00680400,906840.00000000,0.00680300,339962.00000000,0.00680200,325733.00000000,0.00680100,691612.00000000,0.00681100,1.00000000,0.00681200,1468.00000000,0.00681300,8817.00000000,0.00681400,1838.00000000,0.00681500,164259.00000000,0.00681600,227280.00000000,0.00681700,125438.00000000,0.00681800,104437.00000000,0.00681900,230179.00000000,0.00682000,143957.00000000,0.006812,1344,0.006811,917,0.00681,4270,0.006809,11621,0.006808,7724,0.006807,10021,0.006806,5332,0.006805,6915,0.006804,5342,0.006803,10456,0.006813,3097,0.006814,2299,0.006815,4655,0.006816,8731,0.006817,4472,0.006818,6184,0.006819,5730,0.00682,7975,0.006821,6470,0.006822,6912,,
0,5,392,0.00680800,0.006814,0.0881,1774137171000,0.00681600,16250.00000000,0.00681500,17589.00000000,0.00681400,43994.00000000,0.00681300,17439.00000000,0.00681200,52028.00000000,0.00681100,728228.00000000,0.00681000,256109.00000000,0.00680900,127800.00000000,0.00680800,449443.00000000,0.00680700,628409.00000000,0.00681900,46334.00000000,0.00682000,114054.00000000,0.00682100,107886.00000000,0.00682200,24785.00000000,0.00682300,392530.00000000,0.00682400,115258.00000000,0.00682500,408065.00000000,0.00682600,112428.00000000,0.00682700,677920.00000000,0.00682800,19347.00000000,0.006813,1357,0.006812,2241,0.006811,10167,0.00681,5671,0.006809,8283,0.006808,7723,0.006807,10167,0.006806,5186,0.006805,6915,0.006804,5216,0.006814,1305,0.006815,1527,0.006816,1428,0.006817,5249,0.006818,6185,0.006819,4998,0.00682,7475,0.006821,7203,0.006822,6912,0.006823,12792,,
0,5,392,0.00681200,0.006811,-0.0147,1774137172000,0.00681600,12562.00000000,0.00681500,17437.00000000,0.00681400,17439.00000000,0.00681300,17439.00000000,0.00681200,52028.00000000,0.00681100,728228.00000000,0.00681000,104327.00000000,0.00680900,127800.00000000,0.00680800,469443.00000000,0.00680700,628409.00000000,0.00681900,36334.00000000,0.00682000,121403.00000000,0.00682100,115025.00000000,0.00682200,220545.00000000,0.00682300,277915.00000000,0.00682400,324790.00000000,0.00682500,518142.00000000,0.00682600,112428.00000000,0.00682700,698550.00000000,0.00682800,19347.00000000,0.006813,780,0.006812,2241,0.006811,2163,0.00681,8188,0.006809,8012,0.006808,7869,0.006807,10021,0.006806,6592,0.006805,10915,0.006804,6371,0.006814,3012,0.006815,1758,0.006816,2408,0.006817,5150,0.006818,6527,0.006819,4745,0.00682,7475,0.006821,6427,0.006822,6571,0.006823,12091,,
0,5,392,0.00681700,0.006814,-0.044,1774137173000,0.00681600,56328.00000000,0.00681500,17587.00000000,0.00681400,17439.00000000,0.00681300,17601.00000000,0.00681200,263839.00000000,0.00681100,709464.00000000,0.00681000,494378.00000000,0.00680900,177172.00000000,0.00680800,257432.00000000,0.00680700,484458.00000000,0.00681900,34427.00000000,0.00682000,27437.00000000,0.00682100,259664.00000000,0.00682200,108360.00000000,0.00682300,36723.00000000,0.00682400,115421.00000000,0.00682500,444381.00000000,0.00682600,396946.00000000,0.00682700,677920.00000000,0.00682800,206872.00000000,0.006813,18,0.006812,3645,0.006811,3480,0.00681,9785,0.006809,7872,0.006808,7723,0.006807,10021,0.006806,5186,0.006805,7059,0.006804,4822,0.006814,2832,0.006815,2128,0.006816,3026,0.006817,5288,0.006818,6528,0.006819,4744,0.00682,7769,0.006821,6588,0.006822,7308,0.006823,12091,,
0,5,392,0.00679900,0.006814,0.2206,1774137174000,0.00681600,72659.00000000,0.00681500,134922.00000000,0.00681400,37439.00000000,0.00681300,327894.00000000,0.00681200,283839.00000000,0.00681100,929360.00000000,0.00681000,494540.00000000,0.00680900,177172.00000000,0.00680800,257432.00000000,0.00680700,484458.00000000,0.00682000,45893.00000000,0.00682100,107886.00000000,0.00682200,108360.00000000,0.00682300,36723.00000000,0.00682400,108454.00000000,0.00682500,17437.00000000,0.00682600,616842.00000000,0.00682700,670906.00000000,0.00682800,213934.00000000,0.00682900,52481.00000000,0.006817,4045,0.006816,1347,0.006815,7462,0.006814,11485,0.006813,5924,0.006812,8165,0.006811,7567,0.00681,5846,0.006809,12794,0.006808,6791,0.006818,17,0.006819,418,0.00682,2626,0.006821,6086,0.006822,3832,0.006823,6990,0.006824,6316,0.006825,5593,0.006826,8560,0.006827,11907,,
0,5,392,0.00680000,0.006813,0.1912,1774137175000,0.00681900,48284.00000000,0.00681800,1616.00000000,0.00681700,9017.00000000,0.00681600,58014.00000000,0.00681500,46764.00000000,0.00681400,37439.00000000,0.00681300,348114.00000000,0.00681200,283839.00000000,0.00681100,729464.00000000,0.00681000,494540.00000000,0.00682100,1686.00000000,0.00682200,2183.00000000,0.00682300,20973.00000000,0.00682400,108282.00000000,0.00682500,17437.00000000,0.00682600,396946.00000000,0.00682700,663768.00000000,0.00682800,248872.00000000,0.00682900,82384.00000000,0.00683000,582386.00000000,0.006817,2219,0.006816,968,0.006815,3060,0.006814,9346,0.006813,6403,0.006812,12042,0.006811,3903,0.00681,5849,0.006809,7558,0.006808,8177,0.006818,907,0.006819,4269,0.00682,3311,0.006821,6113,0.006822,3920,0.006823,7925,0.006824,5429,0.006825,9802,0.006826,7272,0.006827,6377,,
0,5,392,0.00680000,0.00682,0.2941,1774137176000,0.00682200,12059.00000000,0.00682100,1686.00000000,0.00682000,1686.00000000,0.00681900,50768.00000000,0.00681800,96910.00000000,0.00681700,50141.00000000,0.00681600,23737.00000000,0.00681500,147448.00000000,0.00681400,42291.00000000,0.00681300,348114.00000000,0.00682300,1745.00000000,0.00682400,92699.00000000,0.00682500,107887.00000000,0.00682600,131656.00000000,0.00682700,17655.00000000,0.00682800,17597.00000000,0.00682900,331980.00000000,0.00683000,679314.00000000,0.00683100,442843.00000000,0.00683200,371828.00000000,0.00682,400,0.006819,1339,0.006818,3739,0.006817,10168,0.006816,9623,0.006815,7644,0.006814,9074,0.006813,10307,0.006812,14567,0.006811,6466,0.006821,1350,0.006822,1411,0.006823,6524,0.006824,4183,0.006825,7112,0.006826,4623,0.006827,6823,0.006828,5619,0.006829,8048,0.00683,7113,,
0,5,392,0.00679800,0.00682,0.3236,1774137177000,0.00682100,40083.00000000,0.00682000,111773.00000000,0.00681900,724036.00000000,0.00681800,24765.00000000,0.00681700,763263.00000000,0.00681600,39337.00000000,0.00681500,176794.00000000,0.00681400,37439.00000000,0.00681300,539601.00000000,0.00681200,156546.00000000,0.00682400,1685.00000000,0.00682500,3442.00000000,0.00682600,107885.00000000,0.00682700,112006.00000000,0.00682800,56736.00000000,0.00682900,189293.00000000,0.00683000,800070.00000000,0.00683100,262247.00000000,0.00683200,248633.00000000,0.00683300,114191.00000000,0.006824,3206,0.006823,1235,0.006822,6071,0.006821,9733,0.00682,7569,0.006819,6072,0.006818,8890,0.006817,5923,0.006816,7505,0.006815,7265,0.006825,572,0.006826,2092,0.006827,6079,0.006828,4053,0.006829,7030,0.00683,7402,0.006831,6629,0.006832,15719,0.006833,7571,0.006834,4230,,
0,5,392,0.00679800,0.006826,0.4119,1774137178000,0.00682400,661863.00000000,0.00682300,58013.00000000,0.00682200,36489.00000000,0.00682100,41768.00000000,0.00682000,138951.00000000,0.00681900,724036.00000000,0.00681800,37598.00000000,0.00681700,974891.00000000,0.00681600,17436.00000000,0.00681500,615320.00000000,0.00682500,5.00000000,0.00682600,1615.00000000,0.00682700,2068.00000000,0.00682800,17435.00000000,0.00682900,187379.00000000,0.00683000,108063.00000000,0.00683100,272247.00000000,0.00683200,321277.00000000,0.00683300,288280.00000000,0.00683400,266871.00000000,0.006826,5595,0.006825,3586,0.006824,2694,0.006823,10758,0.006822,11939,0.006821,7781,0.00682,11419,0.006819,12700,0.006818,8612,0.006817,4652,0.006827,133,0.006828,976,0.006829,1288,0.00683,2947,0.006831,4260,0.006832,7210,0.006833,8443,0.006834,3453,0.006835,9033,0.006836,8142,,
0,5,392,0.00679100,0.00683,0.5743,1774137179000,0.00683000,1465.00000000,0.00682900,57774.00000000,0.00682800,17435.00000000,0.00682700,36112.00000000,0.00682600,67579.00000000,0.00682500,163907.00000000,0.00682400,969580.00000000,0.00682300,51862.00000000,0.00682200,566464.00000000,0.00682100,7561.00000000,0.00683200,273.00000000,0.00683300,107896.00000000,0.00683400,123811.00000000,0.00683500,142177.00000000,0.00683600,3888834.00000000,0.00683700,236319.00000000,0.00683800,381438.00000000,0.00683900,784614.00000000,0.00684000,135658.00000000,0.00684100,236866.00000000,0.00683,859,0.006829,1388,0.006828,3549,0.006827,7177,0.006826,15977,0.006825,11016,0.006824,7419,0.006823,6347,0.006822,10494,0.006821,6823,0.006831,2229,0.006832,3372,0.006833,10916,0.006834,6541,0.006835,9335,0.006836,5822,0.006837,5334,0.006838,8388,0.006839,15296,0.00684,8011,,
0,5,392,0.00679900,0.006831,0.4707,1774137180000,0.00683700,2245.00000000,0.00683600,670858.00000000,0.00683500,36110.00000000,0.00683400,21683.00000000,0.00683300,56536.00000000,0.00683200,131770.00000000,0.00683100,530498.00000000,0.00683000,700960.00000000,0.00682900,211961.00000000,0.00682800,181961.00000000,0.00683800,95386.00000000,0.00683900,2623.00000000,0.00684000,18245.00000000,0.00684100,17844.00000000,0.00684200,3696169.00000000,0.00684300,9059.00000000,0.00684400,161401.00000000,0.00684500,486346.00000000,0.00684600,333249.00000000,0.00684700,179452.00000000,0.006834,2706,0.006833,2357,0.006832,4920,0.006831,17035,0.00683,10007,0.006829,4893,0.006828,11718,0.006827,12025,0.006826,14016,0.006825,10612,0.006835,3778,0.006836,994,0.006837,4186,0.006838,6460,0.006839,8191,0.00684,6290,0.006841,5043,0.006842,10028,0.006843,13681,0.006844,9428,0.0000026258884017,1774152000000
0,5,392,0.00680300,0.006845,0.6174,1774137181000,0.00684900,1460.00000000,0.00684800,156082.00000000,0.00684700,43415.00000000,0.00684600,353325.00000000,0.00684500,366031.00000000,0.00684400,17433.00000000,0.00684300,1026045.00000000,0.00684200,863429.00000000,0.00684100,530071.00000000,0.00684000,161384.00000000,0.00685000,10000.00000000,0.00685100,142087.00000000,0.00685200,195865.00000000,0.00685300,123646.00000000,0.00685400,33726.00000000,0.00685500,1916.00000000,0.00685600,127280.00000000,0.00685700,370932.00000000,0.00685800,1237675.00000000,0.00685900,195239.00000000,0.006842,734,0.006841,422,0.00684,3302,0.006839,5140,0.006838,9459,0.006837,4787,0.006836,6903,0.006835,5834,0.006834,13740,0.006833,5019,0.006843,1821,0.006844,1038,0.006845,2652,0.006846,9777,0.006847,15818,0.006848,9941,0.006849,4765,0.00685,8945,0.006851,4854,0.006852,9091,,
0,5,392,0.00680500,0.006842,0.5437,1774137182000,0.00684600,76660.00000000,0.00684500,143630.00000000,0.00684400,36107.00000000,0.00684300,233199.00000000,0.00684200,433775.00000000,0.00684100,311822.00000000,0.00684000,445588.00000000,0.00683900,166192.00000000,0.00683800,237338.00000000,0.00683700,365941.00000000,0.00684700,1460.00000000,0.00684800,1680.00000000,0.00684900,1680.00000000,0.00685000,17138.00000000,0.00685100,175214.00000000,0.00685200,89665.00000000,0.00685300,139926.00000000,0.00685400,175690.00000000,0.00685500,780333.00000000,0.00685600,134425.00000000,0.006848,3864,0.006847,2184,0.006846,3564,0.006845,8121,0.006844,8617,0.006843,5927,0.006842,11045,0.006841,6312,0.00684,8629,0.006839,5564,0.006849,486,0.00685,329,0.006851,5999,0.006852,12723,0.006853,9402,0.006854,7871,0.006855,11867,0.006856,17520,0.006857,14612,0.006858,13058,,
0,5,392,0.00681200,0.006852,0.5872,1774137183000,0.00685500,141950.00000000,0.00685400,36104.00000000,0.00685300,123629.00000000,0.00685200,245443.00000000,0.00685100,187965.00000000,0.00685000,596640.00000000,0.00684900,823465.00000000,0.00684800,51856.00000000,0.00684700,691378.00000000,0.00684600,43913.00000000,0.00685600,1460.00000000,0.00685700,1679.00000000,0.00685800,1679.00000000,0.00685900,1898.00000000,0.00686000,17429.00000000,0.00686100,379876.00000000,0.00686200,538843.00000000,0.00686300,593917.00000000,0.00686400,327799.00000000,0.00686500,686328.00000000,0.006857,2978,0.006856,2586,0.006855,3687,0.006854,5112,0.006853,6364,0.006852,9822,0.006851,6500,0.00685,11413,0.006849,13834,0.006848,9400,0.006858,156,0.006859,2299,0.00686,2224,0.006861,6471,0.006862,4501,0.006863,9892,0.006864,12098,0.006865,16188,0.006866,11597,0.006867,19977,,
0,5,392,0.00681200,0.006858,0.6753,1774137184000,0.00686200,31807.00000000,0.00686100,808982.00000000,0.00686000,46104.00000000,0.00685900,535862.00000000,0.00685800,36104.00000000,0.00685700,23059.00000000,0.00685600,531674.00000000,0.00685500,793304.00000000,0.00685400,834207.00000000,0.00685300,547645.00000000,0.00686600,34427.00000000,0.00686700,15750.00000000,0.00686800,76600.00000000,0.00686900,111099.00000000,0.00687000,142304.00000000,0.00687100,17427.00000000,0.00687200,302019.00000000,0.00687300,848670.00000000,0.00687400,37929.00000000,0.00687500,352725.00000000,0.006858,1770,0.006857,1827,0.006856,2690,0.006855,9090,0.006854,9047,0.006853,4062,0.006852,7794,0.006851,8652,0.00685,12449,0.006849,12526,0.006859,16,0.00686,2973,0.006861,7897,0.006862,6518,0.006863,10140,0.006864,7729,0.006865,7207,0.006866,7535,0.006867,11669,0.006868,10142,,
0,5,392,0.00681200,0.00686,0.7046,1774137185000,0.00687000,8733.00000000,0.00686900,17426.00000000,0.00686800,66404.00000000,0.00686700,51978.00000000,0.00686600,75246.00000000,0.00686500,270872.00000000,0.00686400,102364.00000000,0.00686300,541673.00000000,0.00686200,705629.00000000,0.00686100,525157.00000000,0.00687200,36118.00000000,0.00687300,295910.00000000,0.00687400,419995.00000000,0.00687500,164690.00000000,0.00687600,889132.00000000,0.00687700,17601.00000000,0.00687800,31469.00000000,0.00687900,929299.00000000,0.00688000,766791.00000000,0.00688100,196711.00000000,0.00686,791,0.006859,1776,0.006858,2831,0.006857,7101,0.006856,9052,0.006855,9632,0.006854,6710,0.006853,5437,0.006852,7294,0.006851,7537,0.006861,16,0.006862,16,0.006863,1252,0.006864,4432,0.006865,11066,0.006866,5255,0.006867,9454,0.006868,7942,0.006869,6558,0.00687,10184,,
0,5,392,0.00681300,0.006862,0.7192,1774137186000,0.00687000,35882.00000000,0.00686900,17424.00000000,0.00686800,36101.00000000,0.00686700,181186.00000000,0.00686600,98647.00000000,0.00686500,108093.00000000,0.00686400,881331.00000000,0.00686300,864019.00000000,0.00686200,306010.00000000,0.00686100,772983.00000000,0.00687300,295691.00000000,0.00687400,467871.00000000,0.00687500,19694.00000000,0.00687600,745181.00000000,0.00687700,48049.00000000,0.00687800,164812.00000000,0.00687900,877837.00000000,0.00688000,975688.00000000,0.00688100,195214.00000000,0.00688200,47933.00000000,0.006862,420,0.006861,4697,0.00686,9445,0.006859,6764,0.006858,7365,0.006857,5053,0.006856,7553,0.006855,10899,0.006854,11192,0.006853,4075,0.006863,1603,0.006864,998,0.006865,1433,0.006866,6152,0.006867,8599,0.006868,7180,0.006869,7000,0.00687,9127,0.006871,9099,0.006872,24713,,
0,5,392,0.00681300,0.006863,0.7339,1774137187000,0.00686400,10000.00000000,0.00686300,687879.00000000,0.00686200,36103.00000000,0.00686100,111120.00000000,0.00686000,785421.00000000,0.00685900,391498.00000000,0.00685800,1677.00000000,0.00685700,1896.00000000,0.00685600,531674.00000000,0.00685500,917255.00000000,0.00686800,45882.00000000,0.00686900,21455.00000000,0.00687000,40525.00000000,0.00687100,62300.00000000,0.00687200,293034.00000000,0.00687300,1302327.00000000,0.00687400,467871.00000000,0.00687500,41308.00000000,0.00687600,817365.00000000,0.00687700,431805.00000000,0.006863,1670,0.006862,1945,0.006861,4967,0.00686,8939,0.006859,9140,0.006858,7441,0.006857,4481,0.006856,7685,0.006855,11052,0.006854,6282,0.006864,131,0.006865,549,0.006866,3727,0.006867,11062,0.006868,7602,0.006869,7445,0.00687,4228,0.006871,6087,0.006872,20037,0.006873,34419,,
0,5,392,0.00681000,0.006879,1.0132,1774137193780,0.00688300,2445.00000000,0.00688200,123403.00000000,0.00688100,26272.00000000,0.00688000,1820.00000000,0.00687900,1671.00000000,0.00687800,17421.00000000,0.00687700,688055.00000000,0.00687600,230414.00000000,0.00687500,37423.00000000,0.00687400,1052277.00000000,0.00688500,1857.00000000,0.00688600,17218.00000000,0.00688700,647004.00000000,0.00688800,292362.00000000,0.00688900,670704.00000000,0.00689000,743546.00000000,0.00689100,281583.00000000,0.00689200,222262.00000000,0.00689300,55580.00000000,0.00689400,123069.00000000,0.006879,2238,0.006878,4765,0.006877,9713,0.006876,11291,0.006875,10597,0.006874,8618,0.006873,7143,0.006872,13594,0.006871,8034,0.00687,6975,0.00688,136,0.006881,2382,0.006882,2298,0.006883,8733,0.006884,3971,0.006885,8853,0.006886,11785,0.006887,7487,0.006888,10516,0.006889,21709,0.0000026258884017,1774152000000
0,5,392,0.00688300,0.006879,-0.0581,1774137194081,0.00688200,124729.00000000,0.00688100,116722.00000000,0.00688000,47662.00000000,0.00687900,254025.00000000,0.00687800,17421.00000000,0.00687700,653016.00000000,0.00687600,230414.00000000,0.00687500,37423.00000000,0.00687400,1022182.00000000,0.00687300,852329.00000000,0.00688500,2376.00000000,0.00688600,17436.00000000,0.00688700,117225.00000000,0.00688800,292362.00000000,0.00688900,670704.00000000,0.00689000,713443.00000000,0.00689100,281583.00000000,0.00689200,222262.00000000,0.00689300,55580.00000000,0.00689400,340405.00000000,0.00688,427,0.006879,1371,0.006878,4246,0.006877,8166,0.006876,8851,0.006875,9510,0.006874,8811,0.006873,7202,0.006872,13594,0.006871,8034,0.006881,3308,0.006882,1689,0.006883,13240,0.006884,7111,0.006885,8995,0.006886,11656,0.006887,5892,0.006888,10230,0.006889,18274,0.00689,26966,0.0000026258884017,1774152000000
0,5,392,0.00688500,0.006875,-0.1452,1774137194381,0.00687800,18457.00000000,0.00687700,55880.00000000,0.00687600,21833.00000000,0.00687500,67518.00000000,0.00687400,433144.00000000,0.00687300,688860.00000000,0.00687200,269319.00000000,0.00687100,132088.00000000,0.00687000,551671.00000000,0.00686900,326402.00000000,0.00687900,17421.00000000,0.00688000,51848.00000000,0.00688100,27421.00000000,0.00688200,61848.00000000,0.00688300,136659.00000000,0.00688400,51847.00000000,0.00688500,35498.00000000,0.00688600,223928.00000000,0.00688700,668607.00000000,0.00688800,523207.00000000,0.006873,515,0.006872,2631,0.006871,6328,0.00687,3778,0.006869,5748,0.006868,12012,0.006867,13461,0.006866,7594,0.006865,8575,0.006864,9465,0.006874,893,0.006875,1302,0.006876,2608,0.006877,3810,0.006878,10762,0.006879,8782,0.00688,11815,0.006881,8971,0.006882,6712,0.006883,15109,0.0000026258884017,1774152000000
0,5,392,0.00688500,0.006872,-0.1888,1774137194682,0.00687800,51609.00000000,0.00687700,21821.00000000,0.00687600,130852.00000000,0.00687500,67518.00000000,0.00687400,1011243.00000000,0.00687300,688860.00000000,0.00687200,269319.00000000,0.00687100,132088.00000000,0.00687000,551671.00000000,0.00686900,326402.00000000,0.00687900,1452.00000000,0.00688000,1671.00000000,0.00688100,17421.00000000,0.00688200,61848.00000000,0.00688300,56697.00000000,0.00688400,52007.00000000,0.00688500,35498.00000000,0.00688600,17436.00000000,0.00688700,895130.00000000,0.00688800,364431.00000000,0.006873,2,0.006872,2386,0.006871,9229,0.00687,7370,0.006869,5129,0.006868,10913,0.006867,8553,0.006866,6863,0.006865,9067,0.006864,11029,0.006874,1307,0.006875,1485,0.006876,4598,0.006877,7640,0.006878,9152,0.006879,7033,0.00688,14841,0.006881,6878,0.006882,5516,0.006883,17481,0.0000026258884017,1774152000000
0,5,392,0.00688500,0.006868,-0.2469,1774137194983,0.00687400,15750.00000000,0.00687300,50653.00000000,0.00687200,128035.00000000,0.00687100,335725.00000000,0.00687000,44697.00000000,0.00686900,355518.00000000,0.00686800,896796.00000000,0.00686700,561767.00000000,0.00686600,186683.00000000,0.00686500,235264.00000000,0.00687600,1671.00000000,0.00687700,1671.00000000,0.00687800,17423.00000000,0.00687900,52807.00000000,0.00688000,540782.00000000,0.00688100,304137.00000000,0.00688200,91944.00000000,0.00688300,696517.00000000,0.00688400,582004.00000000,0.00688500,34774.00000000,0.006868,2249,0.006867,3300,0.006866,3743,0.006865,7059,0.006864,6455,0.006863,7210,0.006862,11780,0.006861,7873,0.00686,13132,0.006859,9793,0.006869,168,0.00687,669,0.006871,2683,0.006872,8082,0.006873,4752,0.006874,9454,0.006875,3041,0.006876,6799,0.006877,13135,0.006878,22477,0.0000026258884017,1774152000000
0,5,392,0.00688300,0.006868,-0.2179,1774137195284,0.00687600,4997.00000000,0.00687500,106419.00000000,0.00687400,17423.00000000,0.00687300,50802.00000000,0.00687200,461986.00000000,0.00687100,342997.00000000,0.00687000,567421.00000000,0.00686900,355518.00000000,0.00686800,896796.00000000,0.00686700,582236.00000000,0.00687700,1452.00000000,0.00687800,1454.00000000,0.00687900,2192.00000000,0.00688000,540782.00000000,0.00688100,155535.00000000,0.00688200,91944.00000000,0.00688300,689503.00000000,0.00688400,596297.00000000,0.00688500,34774.00000000,0.00688600,31962.00000000,0.006869,1486,0.006868,3935,0.006867,4212,0.006866,4236,0.006865,9052,0.006864,6455,0.006863,5214,0.006862,11780,0.006861,7873,0.00686,13204,0.00687,669,0.006871,941,0.006872,8096,0.006873,4326,0.006874,9850,0.006875,4657,0.006876,9100,0.006877,13862,0.006878,15997,0.006879,10519,0.0000026258884017,1774152000000
0,5,392,0.00688000,0.006872,-0.1163,1774137195585,0.00687600,15750.00000000,0.00687500,107873.00000000,0.00687400,37423.00000000,0.00687300,80905.00000000,0.00687200,454714.00000000,0.00687100,335725.00000000,0.00687000,567421.00000000,0.00686900,355518.00000000,0.00686800,896796.00000000,0.00686700,552140.00000000,0.00687900,579.00000000,0.00688000,10785.00000000,0.00688100,126440.00000000,0.00688200,61848.00000000,0.00688300,718598.00000000,0.00688400,582200.00000000,0.00688500,27629.00000000,0.00688600,47539.00000000,0.00688700,881102.00000000,0.00688800,891809.00000000,0.006872,3080,0.006871,5204,0.00687,5603,0.006869,11969,0.006868,9879,0.006867,8434,0.006866,6269,0.006865,10119,0.006864,5706,0.006863,5285,0.006873,16,0.006874,432,0.006875,5562,0.006876,2675,0.006877,10396,0.006878,8843,0.006879,8772,0.00688,23507,0.006881,12910,0.006882,19518,0.0000026258884017,1774152000000
0,5,392,0.00687900,0.006875,-0.0581,1774137195886,0.00687900,1454.00000000,0.00687800,1673.00000000,0.00687700,208151.00000000,0.00687600,16695.00000000,0.00687500,115141.00000000,0.00687400,699286.00000000,0.00687300,610972.00000000,0.00687200,454714.00000000,0.00687100,129142.00000000,0.00687000,567421.00000000,0.00688100,35879.00000000,0.00688200,17570.00000000,0.00688300,197694.00000000,0.00688400,582360.00000000,0.00688500,56724.00000000,0.00688600,17436.00000000,0.00688700,664419.00000000,0.00688800,498915.00000000,0.00688900,950555.00000000,0.00689000,743538.00000000,0.006873,16,0.006872,960,0.006871,5638,0.00687,5498,0.006869,9147,0.006868,9459,0.006867,12070,0.006866,5569,0.006865,9946,0.006864,5706,0.006874,3697,0.006875,2211,0.006876,4724,0.006877,15039,0.006878,9849,0.006879,9617,0.00688,10444,0.006881,6867,0.006882,6212,0.006883,14670,0.0000026258884017,1774152000000
0,5,392,0.00687900,0.006872,-0.1018,1774137196187,0.00687600,1454.00000000,0.00687500,1673.00000000,0.00687400,37423.00000000,0.00687300,170780.00000000,0.00687200,672145.00000000,0.00687100,129142.00000000,0.00687000,567421.00000000,0.00686900,355518.00000000,0.00686800,896796.00000000,0.00686700,552140.00000000,0.00687800,15750.00000000,0.00687900,51849.00000000,0.00688000,27422.00000000,0.00688100,46098.00000000,0.00688200,17570.00000000,0.00688300,1052264.00000000,0.00688400,582360.00000000,0.00688500,27629.00000000,0.00688600,17436.00000000,0.00688700,1377846.00000000,0.006872,543,0.006871,1982,0.00687,5731,0.006869,5973,0.006868,9459,0.006867,12070,0.006866,5569,0.006865,9946,0.006864,5706,0.006863,5213,0.006873,2722,0.006874,1304,0.006875,4915,0.006876,10271,0.006877,12185,0.006878,10130,0.006879,9463,0.00688,10446,0.006881,6582,0.006882,6382,0.0000026258884017,1774152000000
0,5,392,0.00687500,0.006871,-0.0582,1774137196487,0.00687900,16984.00000000,0.00687800,1453.00000000,0.00687700,1453.00000000,0.00687600,17204.00000000,0.00687500,128022.00000000,0.00687400,228241.00000000,0.00687300,618242.00000000,0.00687200,355785.00000000,0.00687100,129142.00000000,0.00687000,567421.00000000,0.00688000,17422.00000000,0.00688100,36258.00000000,0.00688200,17421.00000000,0.00688300,197694.00000000,0.00688400,582200.00000000,0.00688500,57730.00000000,0.00688600,31589.00000000,0.00688700,657280.00000000,0.00688800,498915.00000000,0.00688900,943532.00000000,0.006873,1814,0.006872,4529,0.006871,6411,0.00687,9089,0.006869,7848,0.006868,9474,0.006867,10965,0.006866,5570,0.006865,10518,0.006864,7344,0.006874,16,0.006875,1294,0.006876,5916,0.006877,6379,0.006878,6977,0.006879,5736,0.00688,17213,0.006881,27483,0.006882,9238,0.006883,14527,0.0000026258884017,1774152000000
0,5,392,0.00687500,0.006873,-0.0291,1774137196788,0.00687800,1453.00000000,0.00687700,1453.00000000,0.00687600,1454.00000000,0.00687500,29089.00000000,0.00687400,111460.00000000,0.00687300,80975.00000000,0.00687200,337419.00000000,0.00687100,129142.00000000,0.00687000,567421.00000000,0.00686900,355518.00000000,0.00687900,25750.00000000,0.00688000,61849.00000000,0.00688100,1831.00000000,0.00688200,17421.00000000,0.00688300,1052228.00000000,0.00688400,582200.00000000,0.00688500,27629.00000000,0.00688600,31589.00000000,0.00688700,664434.00000000,0.00688800,498915.00000000,0.006871,16,0.00687,934,0.006869,3853,0.006868,7982,0.006867,7166,0.006866,5569,0.006865,10446,0.006864,7344,0.006863,10117,0.006862,11780,0.006872,2747,0.006873,3421,0.006874,5184,0.006875,13549,0.006876,11321,0.006877,8342,0.006878,8866,0.006879,5736,0.00688,15226,0.006881,7869,0.0000026258884017,1774152000000
0,5,392,0.00687600,0.006875,-0.0145,1774137197089,0.00688100,15750.00000000,0.00688000,29955.00000000,0.00687900,230469.00000000,0.00687800,385735.00000000,0.00687700,130888.00000000,0.00687600,339853.00000000,0.00687500,29088.00000000,0.00687400,683536.00000000,0.00687300,656109.00000000,0.00687200,274876.00000000,0.00688200,1452.00000000,0.00688300,1671.00000000,0.00688400,36613.00000000,0.00688500,17629.00000000,0.00688600,46507.00000000,0.00688700,127283.00000000,0.00688800,436313.00000000,0.00688900,693654.00000000,0.00689000,919937.00000000,0.00689100,281231.00000000,0.006875,1795,0.006874,2823,0.006873,6512,0.006872,10607,0.006871,7260,0.00687,8927,0.006869,9596,0.006868,8782,0.006867,10737,0.006866,5569,0.006876,17,0.006877,548,0.006878,434,0.006879,2253,0.00688,7547,0.006881,6868,0.006882,4918,0.006883,8987,0.006884,12279,0.006885,27329,0.0000026258884017,1774152000000
0,5,392,0.00687700,0.006875,-0.0291,1774137197390,0.00688100,15750.00000000,0.00688000,15876.00000000,0.00687900,17421.00000000,0.00687800,698284.00000000,0.00687700,330448.00000000,0.00687600,325319.00000000,0.00687500,21822.00000000,0.00687400,683536.00000000,0.00687300,676559.00000000,0.00687200,492260.00000000,0.00688200,1452.00000000,0.00688300,1671.00000000,0.00688400,2186.00000000,0.00688500,1879.00000000,0.00688600,17436.00000000,0.00688700,156354.00000000,0.00688800,292362.00000000,0.00688900,837605.00000000,0.00689000,927076.00000000,0.00689100,281231.00000000,0.006876,2565,0.006875,4688,0.006874,5281,0.006873,9694,0.006872,9052,0.006871,10405,0.00687,12761,0.006869,7481,0.006868,8782,0.006867,10737,0.006877,14,0.006878,434,0.006879,4340,0.00688,2642,0.006881,6593,0.006882,4917,0.006883,9951,0.006884,11721,0.006885,24168,0.006886,13929,0.0000026258884017,1774152000000
0,5,392,0.00688100,0.006875,-0.0872,1774137197691,0.00688000,1453.00000000,0.00687900,17421.00000000,0.00687800,698284.00000000,0.00687700,184830.00000000,0.00687600,334307.00000000,0.00687500,21673.00000000,0.00687400,683536.00000000,0.00687300,656109.00000000,0.00687200,348309.00000000,0.00687100,490379.00000000,0.00688100,10000.00000000,0.00688200,47224.00000000,0.00688300,1671.00000000,0.00688400,17936.00000000,0.00688500,30950.00000000,0.00688600,27436.00000000,0.00688700,801231.00000000,0.00688800,299012.00000000,0.00688900,742337.00000000,0.00689000,941589.00000000,0.006875,19,0.006874,433,0.006873,4206,0.006872,5879,0.006871,10259,0.00687,12760,0.006869,7481,0.006868,8782,0.006867,10665,0.006866,5569,0.006876,2191,0.006877,2359,0.006878,5139,0.006879,8052,0.00688,6300,0.006881,7640,0.006882,6999,0.006883,8168,0.006884,10854,0.006885,23444,0.0000026258884017,1774152000000
0,5,392,0.00688000,0.006874,-0.0872,1774137197992,0.00687900,1453.00000000,0.00687800,152457.00000000,0.00687700,78630.00000000,0.00687600,334307.00000000,0.00687500,21673.00000000,0.00687400,683536.00000000,0.00687300,656109.00000000,0.00687200,348309.00000000,0.00687100,490379.00000000,0.00687000,587875.00000000,0.00688200,47005.00000000,0.00688300,1452.00000000,0.00688400,17936.00000000,0.00688500,1879.00000000,0.00688600,56507.00000000,0.00688700,801231.00000000,0.00688800,371060.00000000,0.00688900,1022243.00000000,0.00689000,941589.00000000,0.00689100,281231.00000000,0.006873,1864,0.006872,1949,0.006871,8857,0.00687,7858,0.006869,7481,0.006868,10143,0.006867,15566,0.006866,5569,0.006865,9946,0.006864,8554,0.006874,1256,0.006875,1418,0.006876,3243,0.006877,8878,0.006878,5389,0.006879,8588,0.00688,4721,0.006881,7714,0.006882,7079,0.006883,8811,0.0000026258884017,1774152000000
0,5,392,0.00687700,0.006874,-0.0436,1774137198292,0.00687800,143692.00000000,0.00687700,78790.00000000,0.00687600,334307.00000000,0.00687500,21673.00000000,0.00687400,683536.00000000,0.00687300,656109.00000000,0.00687200,348309.00000000,0.00687100,490379.00000000,0.00687000,587875.00000000,0.00686900,355518.00000000,0.00688200,47224.00000000,0.00688300,1671.00000000,0.00688400,17936.00000000,0.00688500,1879.00000000,0.00688600,27436.00000000,0.00688700,801231.00000000,0.00688800,371060.00000000,0.00688900,1022243.00000000,0.00689000,941589.00000000,0.00689100,281231.00000000,0.006873,931,0.006872,1949,0.006871,9551,0.00687,7858,0.006869,7481,0.006868,10143,0.006867,15566,0.006866,5569,0.006865,9946,0.006864,5778,0.006874,1737,0.006875,1469,0.006876,7601,0.006877,8878,0.006878,4318,0.006879,6942,0.00688,5012,0.006881,7399,0.006882,5244,0.006883,9585,0.0000026258884017,1774152000000
0,5,392,0.00688000,0.006872,-0.1163,1774137198593,0.00687600,21294.00000000,0.00687500,127814.00000000,0.00687400,21673.00000000,0.00687300,96009.00000000,0.00687200,337420.00000000,0.00687100,128981.00000000,0.00687000,567421.00000000,0.00686900,355518.00000000,0.00686800,1040747.00000000,0.00686700,531671.00000000,0.00687800,41799.00000000,0.00687900,15969.00000000,0.00688000,169415.00000000,0.00688100,25969.00000000,0.00688200,76291.00000000,0.00688300,17640.00000000,0.00688400,389201.00000000,0.00688500,1879.00000000,0.00688600,40835.00000000,0.00688700,657280.00000000,0.006874,2488,0.006873,3090,0.006872,1947,0.006871,9016,0.00687,6054,0.006869,6286,0.006868,6073,0.006867,9897,0.006866,5641,0.006865,9946,0.006875,435,0.006876,4979,0.006877,6586,0.006878,5630,0.006879,8043,0.00688,7160,0.006881,8398,0.006882,5970,0.006883,9956,0.006884,12339,0.0000026258884017,1774152000000
0,5,392,0.00687800,0.006873,-0.0727,1774137198894,0.00687100,21286.00000000,0.00687000,37424.00000000,0.00686900,326402.00000000,0.00686800,17424.00000000,0.00686700,531671.00000000,0.00686600,198589.00000000,0.00686500,689203.00000000,0.00686400,531832.00000000,0.00686300,985542.00000000,0.00686200,40270.00000000,0.00687800,30000.00000000,0.00687900,25750.00000000,0.00688000,591846.00000000,0.00688100,161533.00000000,0.00688200,818106.00000000,0.00688300,746884.00000000,0.00688400,46843.00000000,0.00688500,1879.00000000,0.00688600,254007.00000000,0.00688700,671579.00000000,0.006866,131,0.006865,329,0.006864,2798,0.006863,4176,0.006862,5561,0.006861,7873,0.00686,8226,0.006859,9107,0.006858,9136,0.006857,9457,0.006867,933,0.006868,947,0.006869,5134,0.00687,5945,0.006871,9165,0.006872,3286,0.006873,9061,0.006874,4840,0.006875,6686,0.006876,5717,0.0000026258884017,1774152000000
0,5,392,0.00688100,0.006871,-0.1453,1774137199195,0.00687500,928.00000000,0.00687400,4365.00000000,0.00687300,1454.00000000,0.00687200,1673.00000000,0.00687100,156550.00000000,0.00687000,130895.00000000,0.00686900,115976.00000000,0.00686800,653782.00000000,0.00686700,870183.00000000,0.00686600,198589.00000000,0.00687600,1672.00000000,0.00687700,1672.00000000,0.00687800,1993.00000000,0.00687900,27641.00000000,0.00688000,620943.00000000,0.00688100,24576.00000000,0.00688200,1168733.00000000,0.00688300,718305.00000000,0.00688400,325283.00000000,0.00688500,62274.00000000,0.006871,1034,0.00687,1483,0.006869,3469,0.006868,7564,0.006867,5954,0.006866,6489,0.006865,6729,0.006864,5166,0.006863,10278,0.006862,12477,0.006872,888,0.006873,1486,0.006874,7328,0.006875,5789,0.006876,6182,0.006877,10397,0.006878,7031,0.006879,15173,0.00688,14463,0.006881,14852,0.0000026258884017,1774152000000
0,5,392,0.00688000,0.00687,-0.1453,1774137199495,0.00687400,13425.00000000,0.00687300,17572.00000000,0.00687200,1673.00000000,0.00687100,156711.00000000,0.00687000,123622.00000000,0.00686900,115976.00000000,0.00686800,961251.00000000,0.00686700,870183.00000000,0.00686600,198589.00000000,0.00686500,397723.00000000,0.00687600,1672.00000000,0.00687700,1672.00000000,0.00687800,1993.00000000,0.00687900,17641.00000000,0.00688000,764894.00000000,0.00688100,24576.00000000,0.00688200,818106.00000000,0.00688300,711166.00000000,0.00688400,539038.00000000,0.00688500,62274.00000000,0.00687,516,0.006869,550,0.006868,3309,0.006867,7985,0.006866,4765,0.006865,7431,0.006864,4797,0.006863,8213,0.006862,12477,0.006861,9351,0.006871,1418,0.006872,3190,0.006873,6160,0.006874,9685,0.006875,6829,0.006876,5471,0.006877,10010,0.006878,6238,0.006879,10720,0.00688,11856,0.0000026258884017,1774152000000
0,5,392,0.00688200,0.00687,-0.1744,1774137199796,0.00687400,9060.00000000,0.00687300,1822.00000000,0.00687200,1673.00000000,0.00687100,156711.00000000,0.00687000,123622.00000000,0.00686900,135976.00000000,0.00686800,961251.00000000,0.00686700,870183.00000000,0.00686600,198589.00000000,0.00686500,233301.00000000,0.00687500,10000.00000000,0.00687600,51849.00000000,0.00687700,1821.00000000,0.00687800,1993.00000000,0.00687900,17641.00000000,0.00688000,620943.00000000,0.00688100,161373.00000000,0.00688200,818106.00000000,0.00688300,711166.00000000,0.00688400,531899.00000000,0.006868,432,0.006867,1432,0.006866,3721,0.006865,3241,0.006864,4857,0.006863,8213,0.006862,12477,0.006861,9667,0.00686,5052,0.006859,9107,0.006869,1542,0.00687,3116,0.006871,7456,0.006872,8237,0.006873,12901,0.006874,9565,0.006875,7945,0.006876,5292,0.006877,10442,0.006878,5669,0.0000026258884017,1774152000000
0,5,392,0.00688200,0.006868,-0.2034,1774137200097,0.00687400,12497.00000000,0.00687300,1822.00000000,0.00687200,17423.00000000,0.00687100,372353.00000000,0.00687000,123622.00000000,0.00686900,135976.00000000,0.00686800,961251.00000000,0.00686700,1028881.00000000,0.00686600,342540.00000000,0.00686500,233301.00000000,0.00687600,1453.00000000,0.00687700,1602.00000000,0.00687800,1993.00000000,0.00687900,17641.00000000,0.00688000,620943.00000000,0.00688100,17422.00000000,0.00688200,962057.00000000,0.00688300,711166.00000000,0.00688400,224212.00000000,0.00688500,62274.00000000,0.006869,534,0.006868,1482,0.006867,1951,0.006866,3879,0.006865,4538,0.006864,4674,0.006863,8213,0.006862,12477,0.006861,9667,0.00686,5052,0.00687,419,0.006871,2222,0.006872,4966,0.006873,9629,0.006874,8775,0.006875,6930,0.006876,5292,0.006877,10010,0.006878,5669,0.006879,15673,0.0000026258884017,1774152000000
0,5,392,0.00687800,0.006869,-0.1309,1774137200397,0.00687200,35069.00000000,0.00687100,141110.00000000,0.00687000,115145.00000000,0.00686900,135976.00000000,0.00686800,961251.00000000,0.00686700,1028881.00000000,0.00686600,198589.00000000,0.00686500,262433.00000000,0.00686400,917940.00000000,0.00686300,1221676.00000000,0.00687600,35808.00000000,0.00687700,1821.00000000,0.00687800,1993.00000000,0.00687900,17641.00000000,0.00688000,764887.00000000,0.00688100,17422.00000000,0.00688200,818106.00000000,0.00688300,711166.00000000,0.00688400,237611.00000000,0.00688500,62274.00000000,0.006869,417,0.006868,1065,0.006867,2647,0.006866,5244,0.006865,11590,0.006864,5862,0.006863,8713,0.006862,12477,0.006861,9667,0.00686,6429,0.00687,431,0.006871,2220,0.006872,4964,0.006873,5790,0.006874,5725,0.006875,5931,0.006876,6161,0.006877,10010,0.006878,5669,0.006879,10502,0.0000026258884017,1774152000000
0,5,392,0.00687800,0.006869,-0.1309,1774137200697,0.00687200,35069.00000000,0.00687100,141110.00000000,0.00687000,115145.00000000,0.00686900,135976.00000000,0.00686800,981251.00000000,0.00686700,1028881.00000000,0.00686600,198589.00000000,0.00686500,262433.00000000,0.00686400,917940.00000000,0.00686300,1221676.00000000,0.00687600,1381.00000000,0.00687700,1821.00000000,0.00687800,1993.00000000,0.00687900,17641.00000000,0.00688000,764887.00000000,0.00688100,658791.00000000,0.00688200,818106.00000000,0.00688300,711166.00000000,0.00688400,237611.00000000,0.00688500,62274.00000000,0.006869,20,0.006868,1198,0.006867,4685,0.006866,5413,0.006865,9543,0.006864,4660,0.006863,8713,0.006862,12477,0.006861,9667,0.00686,5052,0.00687,1670,0.006871,1406,0.006872,10553,0.006873,7499,0.006874,8832,0.006875,7787,0.006876,7339,0.006877,10010,0.006878,5669,0.006879,10195,0.0000026258884017,1774152000000
0,5,392,0.00687400,0.006868,-0.0873,1774137200999,0.00687200,716213.00000000,0.00687100,141110.00000000,0.00687000,115145.00000000,0.00686900,135976.00000000,0.00686800,981251.00000000,0.00686700,1028881.00000000,0.00686600,198589.00000000,0.00686500,262433.00000000,0.00686400,675783.00000000,0.00686300,540599.00000000,0.00687500,34646.00000000,0.00687600,1530.00000000,0.00687700,17571.00000000,0.00687800,1993.00000000,0.00687900,46731.00000000,0.00688000,735797.00000000,0.00688100,17422.00000000,0.00688200,818106.00000000,0.00688300,927052.00000000,0.00688400,237611.00000000,0.006868,592,0.006867,1949,0.006866,5131,0.006865,6369,0.006864,4660,0.006863,8713,0.006862,12477,0.006861,9667,0.00686,5052,0.006859,9880,0.006869,2220,0.00687,1247,0.006871,4043,0.006872,6805,0.006873,7499,0.006874,8832,0.006875,7465,0.006876,5578,0.006877,10153,0.006878,5669,0.0000026258884017,1774152000000
0,5,392,0.00687600,0.006868,-0.1163,1774137201299,0.00687200,716213.00000000,0.00687100,141110.00000000,0.00687000,115145.00000000,0.00686900,135976.00000000,0.00686800,981251.00000000,0.00686700,1028881.00000000,0.00686600,198589.00000000,0.00686500,262433.00000000,0.00686400,531832.00000000,0.00686300,540599.00000000,0.00687500,44646.00000000,0.00687600,1530.00000000,0.00687700,17571.00000000,0.00687800,1993.00000000,0.00687900,46731.00000000,0.00688000,735797.00000000,0.00688100,17422.00000000,0.00688200,818106.00000000,0.00688300,927052.00000000,0.00688400,237611.00000000,0.006868,577,0.006867,1949,0.006866,5131,0.006865,6924,0.006864,4660,0.006863,8713,0.006862,12477,0.006861,9667,0.00686,5052,0.006859,9179,0.006869,2220,0.00687,1247,0.006871,7091,0.006872,6805,0.006873,7499,0.006874,8832,0.006875,7992,0.006876,7074,0.006877,10010,0.006878,7349,0.0000026258884017,1774152000000
0,5,392,0.00687500,0.006868,-0.1018,1774137201600,0.00687300,322.00000000,0.00687200,717886.00000000,0.00687100,141110.00000000,0.00687000,135145.00000000,0.00686900,135976.00000000,0.00686800,981251.00000000,0.00686700,1028881.00000000,0.00686600,198589.00000000,0.00686500,262433.00000000,0.00686400,531832.00000000,0.00687500,34646.00000000,0.00687600,1530.00000000,0.00687700,17571.00000000,0.00687800,1993.00000000,0.00687900,46731.00000000,0.00688000,735797.00000000,0.00688100,37422.00000000,0.00688200,818106.00000000,0.00688300,927052.00000000,0.00688400,237611.00000000,0.006868,25,0.006867,1135,0.006866,3970,0.006865,3393,0.006864,4717,0.006863,8713,0.006862,12477,0.006861,9667,0.00686,5052,0.006859,9179,0.006869,2220,0.00687,1248,0.006871,6331,0.006872,7515,0.006873,8432,0.006874,8832,0.006875,8180,0.006876,5721,0.006877,10010,0.006878,9404,0.0000026258884017,1774152000000
0,5,392,0.00687600,0.006868,-0.1163,1774137201900,0.00687300,322.00000000,0.00687200,717886.00000000,0.00687100,141110.00000000,0.00687000,127872.00000000,0.00686900,135976.00000000,0.00686800,981251.00000000,0.00686700,1028881.00000000,0.00686600,198589.00000000,0.00686500,262433.00000000,0.00686400,531832.00000000,0.00687500,34646.00000000,0.00687600,1530.00000000,0.00687700,17571.00000000,0.00687800,1993.00000000,0.00687900,46731.00000000,0.00688000,735797.00000000,0.00688100,37422.00000000,0.00688200,818106.00000000,0.00688300,963180.00000000,0.00688400,244673.00000000,0.006869,2294,0.006868,1393,0.006867,3411,0.006866,8472,0.006865,6929,0.006864,5949,0.006863,9979,0.006862,12549,0.006861,9667,0.00686,5052,0.00687,26,0.006871,434,0.006872,5080,0.006873,5850,0.006874,8015,0.006875,6595,0.006876,5864,0.006877,10010,0.006878,9404,0.006879,19895,0.0000026258884017,1774152000000
0,5,392,0.00687800,0.00687,-0.1163,1774137202201,0.00687400,15750.00000000,0.00687300,244906.00000000,0.00687200,725305.00000000,0.00687100,148381.00000000,0.00687000,127872.00000000,0.00686900,135976.00000000,0.00686800,981251.00000000,0.00686700,966186.00000000,0.00686600,198589.00000000,0.00686500,262433.00000000,0.00687900,1730.00000000,0.00688000,51849.00000000,0.00688100,17422.00000000,0.00688200,156404.00000000,0.00688300,740456.00000000,0.00688400,368163.00000000,0.00688500,47738.00000000,0.00688600,17436.00000000,0.00688700,911667.00000000,0.00688800,364410.00000000,0.006872,1912,0.006871,1483,0.00687,5408,0.006869,6655,0.006868,9825,0.006867,5990,0.006866,8312,0.006865,10103,0.006864,4788,0.006863,8713,0.006873,17,0.006874,3558,0.006875,2318,0.006876,7264,0.006877,9130,0.006878,5081,0.006879,9788,0.00688,13959,0.006881,14056,0.006882,15096,0.0000026258884017,1774152000000
0,5,392,0.00687800,0.00687,-0.1163,1774137202502,0.00687400,15750.00000000,0.00687300,223532.00000000,0.00687200,718035.00000000,0.00687100,141110.00000000,0.00687000,127872.00000000,0.00686900,135976.00000000,0.00686800,981251.00000000,0.00686700,966186.00000000,0.00686600,198589.00000000,0.00686500,262433.00000000,0.00687800,34427.00000000,0.00687900,11730.00000000,0.00688000,51849.00000000,0.00688100,17422.00000000,0.00688200,329448.00000000,0.00688300,1373226.00000000,0.00688400,224212.00000000,0.00688500,47738.00000000,0.00688600,17436.00000000,0.00688700,911667.00000000,0.00687,1996,0.006869,3708,0.006868,6954,0.006867,5818,0.006866,11093,0.006865,10103,0.006864,4716,0.006863,8713,0.006862,13789,0.006861,10724,0.006871,23,0.006872,433,0.006873,2878,0.006874,6565,0.006875,6530,0.006876,5629,0.006877,11062,0.006878,4939,0.006879,9403,0.00688,12616,0.0000026258884017,1774152000000
