spot_source_id,fut_source_id,symbol_id,ask_spot,bid_futures,spread_pct,ts,s_b1,s_b2,s_b3,s_b4,s_b5,s_b6,s_b7,s_b8,s_b9,s_b10,s_bq1,s_bq2,s_bq3,s_bq4,s_bq5,s_bq6,s_bq7,s_bq8,s_bq9,s_bq10,s_a1,s_a2,s_a3,s_a4,s_a5,s_a6,s_a7,s_a8,s_a9,s_a10,s_aq1,s_aq2,s_aq3,s_aq4,s_aq5,s_aq6,s_aq7,s_aq8,s_aq9,s_aq10,f_b1,f_b2,f_b3,f_b4,f_b5,f_b6,f_b7,f_b8,f_b9,f_b10,f_bq1,f_bq2,f_bq3,f_bq4,f_bq5,f_bq6,f_bq7,f_bq8,f_bq9,f_bq10,f_a1,f_a2,f_a3,f_a4,f_a5,f_a6,f_a7,f_a8,f_a9,f_a10,f_aq1,f_aq2,f_aq3,f_aq4,f_aq5,f_aq6,f_aq7,f_aq8,f_aq9,f_aq10,fr_r,fr_ft
0,7,350,0.01314000,0.01311,-0.2283,1774137104000,0.01313000,8160.40000000,0.01312000,129219.70000000,0.01311000,268068.70000000,0.01310000,143971.90000000,0.01309000,211774.90000000,0.01308000,312851.00000000,0.01307000,158120.20000000,0.01306000,145050.50000000,0.01305000,126379.70000000,0.01304000,441181.30000000,0.01314000,8325.00000000,0.01315000,26296.30000000,0.01316000,42962.10000000,0.01317000,238323.90000000,0.01318000,15923.70000000,0.01319000,179218.20000000,0.01320000,88285.30000000,0.01321000,150797.20000000,0.01322000,116348.50000000,0.01323000,155597.00000000,,,,,,,,,,,,,,,,,,,,,,,,,,,,,,,,,,,,,,,,,0.00005,
0,7,350,0.01313000,0.01303,-0.7616,1774137105000,0.01296000,3081.00000000,0.01295000,11149.20000000,0.01294000,89440.50000000,0.01293000,56981.70000000,0.01292000,101889.30000000,0.01291000,197352.70000000,0.01290000,104981.90000000,0.01289000,230859.90000000,0.01288000,8580.50000000,0.01287000,9645.10000000,0.01298000,30935.50000000,0.01299000,56807.40000000,0.01300000,14600051.10000000,0.01301000,8325.00000000,0.01303000,109434.00000000,0.01304000,67972.00000000,0.01305000,45166.60000000,0.01306000,68127.50000000,0.01307000,109434.00000000,0.01308000,68064.00000000,,,,,,,,,,,,,,,,,,,,,,,,,,,,,,,,,,,,,,,,,0.00005,
0,7,350,0.01300000,0.01287,-1.0,1774137106000,0.01290000,31879.40000000,0.01289000,27845.20000000,0.01288000,102691.60000000,0.01287000,37836.70000000,0.01286000,35640.10000000,0.01285000,149602.50000000,0.01284000,120534.40000000,0.01283000,150919.00000000,0.01282000,688790.50000000,0.01281000,16767.80000000,0.01291000,67972.00000000,0.01292000,9983.60000000,0.01293000,153114.80000000,0.01294000,116672.70000000,0.01295000,234196.80000000,0.01296000,38720.10000000,0.01297000,229782.40000000,0.01298000,61404.90000000,0.01299000,227439.90000000,0.01300000,14579942.60000000,,,,,,,,,,,,,,,,,,,,,,,,,,,,,,,,,,,,,,,,,,
0,7,350,0.01298000,0.01292,-0.4622,1774137107000,0.01293000,64413.70000000,0.01292000,184252.80000000,0.01291000,148092.40000000,0.01290000,154379.50000000,0.01289000,200567.40000000,0.01288000,117238.80000000,0.01287000,197401.50000000,0.01286000,64666.50000000,0.01285000,196692.00000000,0.01284000,84707.60000000,0.01296000,72894.10000000,0.01297000,166272.20000000,0.01298000,70794.30000000,0.01299000,260799.10000000,0.01300000,14579942.60000000,0.01301000,143459.40000000,0.01302000,83907.30000000,0.01303000,125369.30000000,0.01304000,84061.50000000,0.01305000,15935.30000000,,,,,,,,,,,,,,,,,,,,,,,,,,,,,,,,,,,,,,,,,0.00005,
0,7,350,0.01293000,0.0129,-0.232,1774137108000,0.01292000,43979.20000000,0.01291000,43663.70000000,0.01290000,135016.20000000,0.01289000,95000.70000000,0.01288000,52053.10000000,0.01287000,161478.50000000,0.01286000,166585.00000000,0.01285000,164388.30000000,0.01284000,84707.60000000,0.01283000,202358.50000000,0.01293000,115505.50000000,0.01294000,39212.50000000,0.01295000,154895.90000000,0.01296000,150549.90000000,0.01297000,167387.40000000,0.01298000,120443.90000000,0.01299000,157879.50000000,0.01300000,14580096.80000000,0.01301000,125469.10000000,0.01302000,101843.40000000,,,,,,,,,,,,,,,,,,,,,,,,,,,,,,,,,,,,,,,,,0.00005,
0,7,350,0.01293000,0.01293,0.0,1774137109000,0.01293000,42284.30000000,0.01292000,308784.60000000,0.01291000,175978.80000000,0.01290000,262128.00000000,0.01289000,59173.20000000,0.01288000,120025.10000000,0.01287000,262097.20000000,0.01286000,422284.10000000,0.01285000,196692.00000000,0.01284000,50667.20000000,0.01295000,5820.00000000,0.01296000,128751.90000000,0.01297000,205996.80000000,0.01298000,81275.00000000,0.01299000,230314.20000000,0.01300000,14618915.80000000,0.01301000,125469.10000000,0.01302000,101843.40000000,0.01303000,137679.90000000,0.01304000,87463.00000000,,,,,,,,,,,,,,,,,,,,,,,,,,,,,,,,,,,,,,,,,0.00005,
0,7,350,0.01294000,0.01293,-0.0773,1774137110000,0.01294000,42557.60000000,0.01293000,96842.80000000,0.01292000,309750.70000000,0.01291000,142656.90000000,0.01290000,279791.20000000,0.01289000,59173.20000000,0.01288000,120025.10000000,0.01287000,227101.60000000,0.01286000,390558.60000000,0.01285000,196692.00000000,0.01296000,108810.80000000,0.01297000,117759.00000000,0.01298000,116243.70000000,0.01299000,230314.20000000,0.01300000,14583974.70000000,0.01301000,125469.10000000,0.01302000,83907.30000000,0.01303000,125369.30000000,0.01304000,87463.00000000,0.01305000,259721.60000000,,,,,,,,,,,,,,,,,,,,,,,,,,,,,,,,,,,,,,,,,0.00005,
0,7,350,0.01295000,0.0129,-0.3861,1774137111000,0.01292000,2610.00000000,0.01291000,54610.70000000,0.01290000,124604.10000000,0.01289000,52879.90000000,0.01288000,63623.90000000,0.01287000,297283.80000000,0.01286000,387721.70000000,0.01285000,266156.60000000,0.01284000,129551.50000000,0.01283000,227694.40000000,0.01294000,54391.80000000,0.01295000,135226.70000000,0.01296000,77162.60000000,0.01297000,236631.00000000,0.01298000,87532.10000000,0.01299000,230314.20000000,0.01300000,98411.80000000,0.01301000,125586.70000000,0.01302000,83907.30000000,0.01303000,141969.00000000,,,,,,,,,,,,,,,,,,,,,,,,,,,,,,,,,,,,,,,,,0.00005,
0,7,350,0.01295000,0.01292,-0.2317,1774137112000,0.01292000,34399.70000000,0.01291000,133614.80000000,0.01290000,177128.10000000,0.01289000,214014.50000000,0.01288000,217252.80000000,0.01287000,233888.20000000,0.01286000,492344.70000000,0.01285000,119155.60000000,0.01284000,46156.20000000,0.01283000,197896.70000000,0.01294000,14145.00000000,0.01295000,76297.00000000,0.01296000,62263.90000000,0.01297000,271315.30000000,0.01298000,97700.70000000,0.01299000,224907.80000000,0.01300000,60519.80000000,0.01301000,161381.70000000,0.01302000,138208.60000000,0.01303000,141969.00000000,,,,,,,,,,,,,,,,,,,,,,,,,,,,,,,,,,,,,,,,,0.00005,
0,7,350,0.01297000,0.01294,-0.2313,1774137113000,0.01295000,81706.70000000,0.01294000,173997.60000000,0.01293000,160205.60000000,0.01292000,175503.70000000,0.01291000,180136.00000000,0.01290000,116234.50000000,0.01289000,169331.30000000,0.01288000,144387.30000000,0.01287000,229292.70000000,0.01286000,426070.90000000,0.01297000,67414.00000000,0.01298000,70933.50000000,0.01299000,115474.20000000,0.01300000,102379.10000000,0.01301000,188576.30000000,0.01302000,120504.20000000,0.01303000,177224.70000000,0.01304000,87463.00000000,0.01305000,260091.50000000,0.01306000,84062.80000000,,,,,,,,,,,,,,,,,,,,,,,,,,,,,,,,,,,,,,,,,0.00005,
0,7,350,0.01294000,0.01294,0.0,1774137114000,0.01295000,2668.60000000,0.01294000,219480.70000000,0.01293000,125954.40000000,0.01292000,86514.40000000,0.01291000,217762.10000000,0.01290000,116709.90000000,0.01289000,168820.50000000,0.01288000,124482.30000000,0.01287000,236398.30000000,0.01286000,372864.70000000,0.01296000,32994.80000000,0.01297000,43514.10000000,0.01298000,76836.90000000,0.01299000,80230.20000000,0.01300000,120763.90000000,0.01301000,188554.80000000,0.01302000,117362.30000000,0.01303000,202470.40000000,0.01304000,83907.30000000,0.01305000,242049.40000000,,,,,,,,,,,,,,,,,,,,,,,,,,,,,,,,,,,,,,,,,,
0,7,350,0.01297000,0.01294,-0.2313,1774137115000,0.01295000,49883.80000000,0.01294000,203191.60000000,0.01293000,192798.80000000,0.01292000,129932.50000000,0.01291000,217762.10000000,0.01290000,116709.90000000,0.01289000,168820.50000000,0.01288000,124482.30000000,0.01287000,221259.40000000,0.01286000,401393.80000000,0.01297000,50636.80000000,0.01298000,164389.70000000,0.01299000,163781.30000000,0.01300000,155705.70000000,0.01301000,153653.80000000,0.01302000,125078.30000000,0.01303000,205791.80000000,0.01304000,116927.10000000,0.01305000,15935.30000000,0.01306000,84062.80000000,,,,,,,,,,,,,,,,,,,,,,,,,,,,,,,,,,,,,,,,,0.00005,
0,7,350,0.01297000,0.01294,-0.2313,1774137116000,0.01294000,100084.80000000,0.01293000,125954.40000000,0.01292000,86514.40000000,0.01291000,217762.10000000,0.01290000,151669.80000000,0.01289000,221902.80000000,0.01288000,159439.20000000,0.01287000,221259.40000000,0.01286000,403242.80000000,0.01285000,171702.30000000,0.01296000,31391.10000000,0.01297000,42358.30000000,0.01298000,164389.70000000,0.01299000,200249.30000000,0.01300000,155720.80000000,0.01301000,198820.40000000,0.01302000,125078.30000000,0.01303000,133796.20000000,0.01304000,86208.30000000,0.01305000,15935.30000000,,,,,,,,,,,,,,,,,,,,,,,,,,,,,,,,,,,,,,,,,0.00005,
0,7,350,0.01296000,0.01294,-0.1543,1774137117000,0.01294000,100084.80000000,0.01293000,125954.40000000,0.01292000,142172.20000000,0.01291000,217762.10000000,0.01290000,151669.80000000,0.01289000,221902.80000000,0.01288000,159439.20000000,0.01287000,221259.40000000,0.01286000,403242.80000000,0.01285000,171702.30000000,0.01296000,5929.60000000,0.01297000,80874.30000000,0.01298000,164389.70000000,0.01299000,182744.00000000,0.01300000,155720.80000000,0.01301000,198820.40000000,0.01302000,125078.30000000,0.01303000,177207.90000000,0.01304000,86208.30000000,0.01305000,15935.30000000,,,,,,,,,,,,,,,,,,,,,,,,,,,,,,,,,,,,,,,,,,
0,7,350,0.01279000,0.01279,0.0,1774137118000,0.01277000,110695.70000000,0.01276000,31365.80000000,0.01275000,51507.00000000,0.01274000,54814.30000000,0.01273000,119841.80000000,0.01272000,55606.90000000,0.01271000,118908.30000000,0.01270000,62841.20000000,0.01269000,109053.60000000,0.01268000,9137.70000000,0.01279000,1005.00000000,0.01280000,57605.40000000,0.01281000,55606.90000000,0.01282000,115801.60000000,0.01283000,41669.20000000,0.01284000,116179.60000000,0.01285000,221671.90000000,0.01286000,131556.80000000,0.01287000,136914.70000000,0.01288000,76453.60000000,,,,,,,,,,,,,,,,,,,,,,,,,,,,,,,,,,,,,,,,,0.00005,
0,7,350,0.01279000,0.01276,-0.2346,1774137119000,0.01276000,377954.20000000,0.01275000,12590.60000000,0.01274000,62769.20000000,0.01273000,49046.30000000,0.01272000,91038.50000000,0.01271000,120467.90000000,0.01270000,136642.80000000,0.01269000,464978.00000000,0.01268000,44759.50000000,0.01267000,12861.20000000,0.01277000,30653.70000000,0.01278000,15592.50000000,0.01279000,62061.50000000,0.01280000,120496.40000000,0.01281000,40639.50000000,0.01282000,233491.60000000,0.01283000,41669.20000000,0.01284000,236099.80000000,0.01285000,113974.80000000,0.01286000,272245.50000000,,,,,,,,,,,,,,,,,,,,,,,,,,,,,,,,,,,,,,,,,0.00005,
0,7,350,0.01277000,0.01276,-0.0783,1774137120000,0.01275000,218858.80000000,0.01274000,133601.70000000,0.01273000,63087.40000000,0.01272000,177973.70000000,0.01271000,94240.10000000,0.01270000,151361.50000000,0.01269000,424975.10000000,0.01268000,76297.00000000,0.01267000,8325.00000000,0.01266000,157732.70000000,0.01278000,51939.90000000,0.01279000,17793.20000000,0.01280000,202037.20000000,0.01281000,80580.40000000,0.01282000,239282.40000000,0.01283000,53979.80000000,0.01284000,212133.30000000,0.01285000,89949.80000000,0.01286000,283395.90000000,0.01287000,52270.50000000,,,,,,,,,,,,,,,,,,,,,,,,,,,,,,,,,,,,,,,,,0.00005,
0,7,350,0.01278000,0.01274,-0.313,1774137121000,0.01275000,1448.70000000,0.01274000,45710.00000000,0.01273000,117442.40000000,0.01272000,55471.80000000,0.01271000,81291.80000000,0.01270000,72709.80000000,0.01269000,405032.90000000,0.01268000,42285.20000000,0.01267000,8325.00000000,0.01266000,103202.80000000,0.01277000,76297.00000000,0.01279000,78056.30000000,0.01280000,123847.80000000,0.01281000,49722.60000000,0.01282000,203822.40000000,0.01283000,53979.80000000,0.01284000,257810.70000000,0.01285000,58765.60000000,0.01286000,235911.30000000,0.01287000,43672.70000000,,,,,,,,,,,,,,,,,,,,,,,,,,,,,,,,,,,,,,,,,,
0,7,350,0.01277000,0.01277,0.0,1774137122000,0.01279000,513.50000000,0.01278000,35049.10000000,0.01277000,82497.90000000,0.01276000,56167.20000000,0.01275000,123272.00000000,0.01274000,219744.30000000,0.01273000,117803.20000000,0.01272000,43683.90000000,0.01271000,69294.00000000,0.01270000,101080.50000000,0.01280000,8325.00000000,0.01281000,63231.20000000,0.01282000,109546.20000000,0.01283000,62623.00000000,0.01284000,224600.70000000,0.01285000,104443.00000000,0.01286000,232818.20000000,0.01287000,41236.50000000,0.01288000,111796.40000000,0.01289000,68608.60000000,,,,,,,,,,,,,,,,,,,,,,,,,,,,,,,,,,,,,,,,,0.00005,
0,7,350,0.01278000,0.01278,0.0,1774137123000,0.01278000,43455.10000000,0.01277000,101563.70000000,0.01276000,156431.90000000,0.01275000,109764.60000000,0.01274000,88214.30000000,0.01273000,109871.00000000,0.01272000,64294.40000000,0.01271000,145435.90000000,0.01270000,100393.60000000,0.01269000,358039.60000000,0.01280000,8325.00000000,0.01281000,76608.90000000,0.01282000,119416.70000000,0.01283000,124584.40000000,0.01284000,189525.80000000,0.01285000,104443.00000000,0.01286000,232818.20000000,0.01287000,74405.10000000,0.01288000,142665.10000000,0.01289000,68774.70000000,,,,,,,,,,,,,,,,,,,,,,,,,,,,,,,,,,,,,,,,,,
0,7,350,0.01279000,0.01276,-0.2346,1774137124000,0.01277000,18915.00000000,0.01276000,125281.80000000,0.01275000,175477.80000000,0.01274000,80292.70000000,0.01273000,8325.00000000,0.01272000,101085.40000000,0.01271000,137871.20000000,0.01270000,159133.00000000,0.01269000,304120.00000000,0.01268000,8325.00000000,0.01280000,46575.40000000,0.01281000,54025.90000000,0.01282000,126911.40000000,0.01283000,52435.00000000,0.01284000,233570.10000000,0.01285000,57823.60000000,0.01286000,230744.70000000,0.01287000,42565.80000000,0.01288000,76475.60000000,0.01289000,136276.90000000,,,,,,,,,,,,,,,,,,,,,,,,,,,,,,,,,,,,,,,,,0.00005,
0,7,350,0.01280000,0.01275,-0.3906,1774137125000,0.01277000,37026.00000000,0.01276000,72580.40000000,0.01275000,124917.70000000,0.01274000,56325.80000000,0.01273000,53122.80000000,0.01272000,141186.70000000,0.01271000,184347.60000000,0.01270000,100393.60000000,0.01269000,358543.90000000,0.01268000,12842.60000000,0.01279000,8325.00000000,0.01280000,83563.40000000,0.01281000,107729.10000000,0.01282000,298010.90000000,0.01283000,95327.70000000,0.01284000,235790.50000000,0.01285000,112322.30000000,0.01286000,265164.10000000,0.01287000,43874.50000000,0.01288000,117193.90000000,,,,,,,,,,,,,,,,,,,,,,,,,,,,,,,,,,,,,,,,,,
0,7,350,0.01280000,0.01278,-0.1563,1774137126000,0.01278000,5820.00000000,0.01277000,139205.00000000,0.01276000,57010.50000000,0.01275000,60152.50000000,0.01274000,108639.20000000,0.01273000,117412.10000000,0.01272000,179517.80000000,0.01271000,167109.80000000,0.01270000,32421.60000000,0.01269000,82813.20000000,0.01279000,8325.00000000,0.01280000,62696.00000000,0.01281000,116025.90000000,0.01282000,74016.30000000,0.01283000,181976.10000000,0.01284000,50652.80000000,0.01285000,119549.10000000,0.01286000,100765.20000000,0.01287000,54193.60000000,0.01288000,244739.30000000,,,,,,,,,,,,,,,,,,,,,,,,,,,,,,,,,,,,,,,,,0.00005,
0,7,350,0.01280000,0.01278,-0.1563,1774137127000,0.01278000,59661.30000000,0.01277000,129535.50000000,0.01276000,11141.90000000,0.01275000,131265.30000000,0.01274000,44154.20000000,0.01273000,91129.80000000,0.01272000,167886.80000000,0.01271000,144856.10000000,0.01270000,86825.00000000,0.01269000,304120.00000000,0.01280000,17266.80000000,0.01281000,116025.90000000,0.01282000,74016.30000000,0.01283000,181976.10000000,0.01284000,37679.90000000,0.01285000,129389.40000000,0.01286000,100771.70000000,0.01287000,87307.30000000,0.01288000,270226.40000000,0.01289000,51571.90000000,,,,,,,,,,,,,,,,,,,,,,,,,,,,,,,,,,,,,,,,,,
0,7,350,0.01279000,0.01277,-0.1564,1774137128000,0.01278000,364.80000000,0.01277000,185993.10000000,0.01276000,57487.80000000,0.01275000,131265.30000000,0.01274000,41217.50000000,0.01273000,91129.80000000,0.01272000,167886.80000000,0.01271000,144856.10000000,0.01270000,86867.20000000,0.01269000,304120.00000000,0.01279000,13416.00000000,0.01280000,18849.50000000,0.01281000,116025.90000000,0.01282000,74016.30000000,0.01283000,260608.00000000,0.01284000,51182.20000000,0.01285000,129389.40000000,0.01286000,100771.70000000,0.01287000,87307.30000000,0.01288000,227534.80000000,,,,,,,,,,,,,,,,,,,,,,,,,,,,,,,,,,,,,,,,,0.00005,
0,7,350,0.01278000,0.01273,-0.3912,1774137129000,0.01280000,7768.80000000,0.01279000,93002.10000000,0.01278000,125130.10000000,0.01277000,52301.30000000,0.01276000,66061.40000000,0.01275000,109735.20000000,0.01274000,28325.00000000,0.01273000,123863.80000000,0.01272000,134994.30000000,0.01271000,199174.80000000,0.01282000,12500.30000000,0.01283000,226229.20000000,0.01284000,65459.60000000,0.01285000,166825.10000000,0.01286000,103501.00000000,0.01287000,57558.00000000,0.01288000,209493.50000000,0.01289000,43749.30000000,0.01290000,168404.40000000,0.01291000,132835.00000000,,,,,,,,,,,,,,,,,,,,,,,,,,,,,,,,,,,,,,,,,0.00005,
0,7,350,0.01280000,0.01274,-0.4688,1774137130000,0.01279000,16449.50000000,0.01278000,113703.70000000,0.01277000,117984.10000000,0.01276000,118193.90000000,0.01275000,67023.90000000,0.01274000,178067.90000000,0.01273000,61182.50000000,0.01272000,197690.30000000,0.01271000,115017.60000000,0.01270000,95117.60000000,0.01282000,12364.00000000,0.01283000,226229.20000000,0.01284000,75096.50000000,0.01285000,155504.20000000,0.01286000,100771.70000000,0.01287000,41203.80000000,0.01288000,219601.20000000,0.01289000,52928.60000000,0.01290000,168593.40000000,0.01291000,96585.10000000,,,,,,,,,,,,,,,,,,,,,,,,,,,,,,,,,,,,,,,,,,
0,7,350,0.01282000,0.01275,-0.546,1774137131000,0.01277000,8634.60000000,0.01276000,158309.10000000,0.01275000,14145.00000000,0.01274000,194481.10000000,0.01273000,107936.40000000,0.01272000,242220.70000000,0.01271000,115017.60000000,0.01270000,95117.60000000,0.01269000,308531.50000000,0.01268000,71021.00000000,0.01279000,60898.90000000,0.01280000,55428.30000000,0.01281000,121761.50000000,0.01282000,66157.30000000,0.01283000,305799.10000000,0.01284000,83986.50000000,0.01285000,122881.50000000,0.01286000,43844.60000000,0.01287000,8325.00000000,0.01288000,190798.70000000,,,,,,,,,,,,,,,,,,,,,,,,,,,,,,,,,,,,,,,,,0.00005,
0,7,350,0.01282000,0.01273,-0.702,1774137132000,0.01276000,14145.00000000,0.01275000,131628.00000000,0.01274000,496303.20000000,0.01273000,145467.60000000,0.01272000,134994.30000000,0.01271000,95128.00000000,0.01270000,162412.60000000,0.01269000,28325.00000000,0.01268000,71021.00000000,0.01267000,8325.00000000,0.01278000,28044.80000000,0.01279000,60824.60000000,0.01280000,60512.40000000,0.01281000,228373.60000000,0.01282000,106662.90000000,0.01283000,272914.30000000,0.01284000,67397.30000000,0.01285000,108072.50000000,0.01286000,8325.00000000,0.01287000,16149.70000000,,,,,,,,,,,,,,,,,,,,,,,,,,,,,,,,,,,,,,,,,0.00005,
0,7,350,0.01279000,0.01273,-0.4691,1774137133000,0.01274000,69211.60000000,0.01273000,49313.80000000,0.01272000,185498.60000000,0.01271000,54762.80000000,0.01270000,141555.40000000,0.01269000,77575.70000000,0.01268000,219339.70000000,0.01267000,8325.00000000,0.01266000,117926.80000000,0.01265000,285423.10000000,0.01277000,14145.00000000,0.01278000,180614.30000000,0.01279000,65141.60000000,0.01280000,114213.70000000,0.01281000,219300.60000000,0.01282000,113468.50000000,0.01283000,280992.00000000,0.01284000,67649.20000000,0.01285000,135978.20000000,0.01286000,16149.70000000,,,,,,,,,,,,,,,,,,,,,,,,,,,,,,,,,,,,,,,,,0.00005,
0,7,350,0.01280000,0.0127,-0.7813,1774137134000,0.01274000,365.70000000,0.01273000,3652.00000000,0.01272000,154161.10000000,0.01271000,54731.50000000,0.01270000,196718.70000000,0.01269000,74762.80000000,0.01268000,252330.80000000,0.01267000,74731.50000000,0.01266000,117926.80000000,0.01265000,285423.10000000,0.01275000,8325.00000000,0.01276000,59526.80000000,0.01277000,60551.50000000,0.01278000,227039.10000000,0.01279000,151028.10000000,0.01280000,59574.70000000,0.01281000,263588.60000000,0.01282000,58807.70000000,0.01283000,280992.00000000,0.01284000,75473.90000000,,,,,,,,,,,,,,,,,,,,,,,,,,,,,,,,,,,,,,,,,,
0,7,350,0.01279000,0.01268,-0.86,1774137135000,0.01277000,14270.30000000,0.01276000,106834.50000000,0.01275000,76841.00000000,0.01274000,48755.00000000,0.01273000,113279.70000000,0.01272000,115237.00000000,0.01271000,54693.80000000,0.01270000,141542.40000000,0.01269000,74762.80000000,0.01268000,206316.80000000,0.01279000,51081.60000000,0.01280000,63431.60000000,0.01281000,227697.80000000,0.01282000,61537.00000000,0.01283000,369946.20000000,0.01284000,67593.20000000,0.01285000,183091.30000000,0.01286000,48943.00000000,0.01287000,16149.70000000,0.01288000,173001.70000000,,,,,,,,,,,,,,,,,,,,,,,,,,,,,,,,,,,,,,,,,0.00005,
0,7,350,0.01279000,0.01265,-1.0946,1774137136000,0.01277000,98751.40000000,0.01276000,74662.20000000,0.01275000,175916.10000000,0.01274000,60435.90000000,0.01273000,143159.90000000,0.01272000,62307.90000000,0.01271000,74693.80000000,0.01270000,136442.30000000,0.01269000,125277.00000000,0.01268000,172901.90000000,0.01279000,8325.00000000,0.01280000,49521.80000000,0.01281000,156496.80000000,0.01282000,71754.40000000,0.01283000,321454.30000000,0.01284000,67593.20000000,0.01285000,118055.50000000,0.01286000,54318.60000000,0.01287000,41950.30000000,0.01288000,190773.50000000,,,,,,,,,,,,,,,,,,,,,,,,,,,,,,,,,,,,,,,,,0.00005,
0,7,350,0.01276000,0.01263,-1.0188,1774137137000,0.01276000,116705.60000000,0.01275000,14411.60000000,0.01274000,176181.90000000,0.01273000,47548.50000000,0.01272000,157920.50000000,0.01271000,107611.20000000,0.01270000,136442.30000000,0.01269000,72492.80000000,0.01268000,292142.70000000,0.01267000,67203.50000000,0.01278000,14633.70000000,0.01279000,54781.60000000,0.01280000,116016.30000000,0.01281000,156496.80000000,0.01282000,157522.80000000,0.01283000,288538.90000000,0.01284000,67593.20000000,0.01285000,112147.20000000,0.01286000,52676.30000000,0.01287000,16146.60000000,,,,,,,,,,,,,,,,,,,,,,,,,,,,,,,,,,,,,,,,,,
0,7,350,0.01277000,0.01263,-1.0963,1774137138000,0.01275000,14411.60000000,0.01274000,134000.60000000,0.01273000,47897.00000000,0.01272000,186943.10000000,0.01271000,77541.00000000,0.01270000,169412.60000000,0.01269000,72492.80000000,0.01268000,305273.10000000,0.01267000,62674.90000000,0.01266000,170794.20000000,0.01277000,64268.30000000,0.01278000,14510.10000000,0.01279000,219358.50000000,0.01280000,63537.70000000,0.01281000,309535.70000000,0.01282000,61537.00000000,0.01283000,274471.70000000,0.01284000,67684.50000000,0.01285000,113237.10000000,0.01286000,44597.70000000,,,,,,,,,,,,,,,,,,,,,,,,,,,,,,,,,,,,,,,,,0.00005,
0,7,350,0.01280000,0.01267,-1.0156,1774137139000,0.01275000,14960.60000000,0.01274000,139891.90000000,0.01273000,47897.00000000,0.01272000,186943.10000000,0.01271000,74785.10000000,0.01270000,169412.60000000,0.01269000,72492.80000000,0.01268000,272328.80000000,0.01267000,62674.90000000,0.01266000,170794.20000000,0.01277000,64633.40000000,0.01278000,14145.00000000,0.01279000,219358.50000000,0.01280000,63537.70000000,0.01281000,309535.70000000,0.01282000,61537.00000000,0.01283000,274471.70000000,0.01284000,67684.50000000,0.01285000,113237.10000000,0.01286000,9569.40000000,,,,,,,,,,,,,,,,,,,,,,,,,,,,,,,,,,,,,,,,,0.00005,
0,7,350,0.01279000,0.01268,-0.86,1774137140000,0.01270000,14145.00000000,0.01269000,52328.50000000,0.01268000,125882.40000000,0.01267000,61365.30000000,0.01266000,654781.50000000,0.01265000,54599.70000000,0.01264000,207484.60000000,0.01263000,54827.90000000,0.01262000,250475.40000000,0.01261000,8325.00000000,0.01272000,66220.00000000,0.01273000,101880.90000000,0.01274000,54294.70000000,0.01275000,300512.50000000,0.01276000,70755.10000000,0.01277000,210785.70000000,0.01278000,77794.30000000,0.01279000,208568.20000000,0.01280000,53284.40000000,0.01281000,211015.90000000,,,,,,,,,,,,,,,,,,,,,,,,,,,,,,,,,,,,,,,,,,
0,7,350,0.01280000,0.01268,-0.9375,1774137141000,0.01270000,120.80000000,0.01269000,18696.80000000,0.01268000,143790.80000000,0.01267000,56981.00000000,0.01266000,200370.90000000,0.01265000,155742.20000000,0.01264000,177596.40000000,0.01263000,54546.70000000,0.01262000,250058.60000000,0.01261000,8325.00000000,0.01271000,101880.90000000,0.01272000,14145.00000000,0.01273000,205091.10000000,0.01274000,80251.60000000,0.01275000,281340.40000000,0.01276000,59707.50000000,0.01277000,210139.40000000,0.01278000,77794.30000000,0.01279000,218047.60000000,0.01280000,56014.00000000,,,,,,,,,,,,,,,,,,,,,,,,,,,,,,,,,,,,,,,,,0.00005,
0,7,350,0.01280000,0.01269,-0.8594,1774137142000,0.01267000,13143.60000000,0.01266000,69152.70000000,0.01265000,138402.50000000,0.01264000,146400.20000000,0.01263000,107748.20000000,0.01262000,292888.40000000,0.01261000,84786.70000000,0.01260000,161714.40000000,0.01259000,363358.80000000,0.01258000,173007.20000000,0.01268000,59273.40000000,0.01269000,6187.70000000,0.01270000,76136.10000000,0.01271000,243845.60000000,0.01272000,72375.00000000,0.01273000,213281.10000000,0.01274000,56234.50000000,0.01275000,218082.10000000,0.01276000,59707.50000000,0.01277000,210139.40000000,,,,,,,,,,,,,,,,,,,,,,,,,,,,,,,,,,,,,,,,,0.00005,
0,7,350,0.01280000,0.0127,-0.7813,1774137143000,0.01266000,60839.70000000,0.01265000,76866.20000000,0.01264000,39645.60000000,0.01263000,99157.70000000,0.01262000,156103.10000000,0.01261000,106769.80000000,0.01260000,165238.40000000,0.01259000,85502.20000000,0.01258000,249432.80000000,0.01257000,57041.20000000,0.01268000,72526.40000000,0.01269000,152646.20000000,0.01270000,115646.50000000,0.01271000,205583.20000000,0.01272000,117195.60000000,0.01273000,262757.30000000,0.01274000,56234.50000000,0.01275000,218214.70000000,0.01276000,32316.90000000,0.01277000,164576.90000000,,,,,,,,,,,,,,,,,,,,,,,,,,,,,,,,,,,,,,,,,0.00005,
0,7,350,0.01268000,0.01264,-0.3155,1774137148000,0.01270000,219988.00000000,0.01269000,113645.70000000,0.01268000,52442.50000000,0.01267000,118627.80000000,0.01266000,203238.70000000,0.01265000,138735.80000000,0.01264000,93970.50000000,0.01263000,138719.80000000,0.01262000,110998.20000000,0.01261000,14367.70000000,0.01272000,20326.20000000,0.01273000,15960.00000000,0.01274000,34558.60000000,0.01275000,120002.10000000,0.01276000,74965.40000000,0.01277000,301051.70000000,0.01278000,61318.40000000,0.01279000,207493.10000000,0.01280000,101893.80000000,0.01281000,248209.60000000,,,,,,,,,,,,,,,,,,,,,,,,,,,,,,,,,,,,,,,,,0.00005,
0,7,350,0.01268000,0.01264,-0.3155,1774137149000,0.01272000,8325.00000000,0.01271000,122931.40000000,0.01270000,168689.40000000,0.01269000,118700.20000000,0.01268000,43126.10000000,0.01267000,118627.80000000,0.01266000,150161.40000000,0.01265000,131391.10000000,0.01264000,109762.20000000,0.01263000,94637.00000000,0.01273000,5934.90000000,0.01274000,100778.60000000,0.01275000,14145.00000000,0.01276000,104616.50000000,0.01277000,150504.00000000,0.01278000,92263.90000000,0.01279000,274052.20000000,0.01280000,70419.10000000,0.01281000,216984.70000000,0.01282000,144610.00000000,,,,,,,,,,,,,,,,,,,,,,,,,,,,,,,,,,,,,,,,,0.00005,
0,7,350,0.01269000,0.01263,-0.4728,1774137150000,0.01272000,24068.00000000,0.01271000,205720.20000000,0.01270000,221701.40000000,0.01269000,118752.30000000,0.01268000,43126.10000000,0.01267000,171622.50000000,0.01266000,150161.40000000,0.01265000,131391.10000000,0.01264000,114095.00000000,0.01263000,94637.00000000,0.01274000,7385.80000000,0.01275000,35837.00000000,0.01276000,104616.50000000,0.01277000,142453.60000000,0.01278000,142529.30000000,0.01279000,221124.00000000,0.01280000,70419.10000000,0.01281000,216984.70000000,0.01282000,105533.60000000,0.01283000,228430.10000000,,,,,,,,,,,,,,,,,,,,,,,,,,,,,,,,,,,,,,,,,0.00005,
0,7,350,0.01268000,0.01259,-0.7098,1774137151000,0.01273000,5820.00000000,0.01272000,152961.40000000,0.01271000,174595.70000000,0.01270000,176708.00000000,0.01269000,170447.30000000,0.01268000,43126.10000000,0.01267000,118627.80000000,0.01266000,170161.40000000,0.01265000,131391.10000000,0.01264000,346773.70000000,0.01274000,1453.20000000,0.01275000,35837.00000000,0.01276000,28179.10000000,0.01277000,106348.80000000,0.01278000,99752.00000000,0.01279000,274118.60000000,0.01280000,70419.10000000,0.01281000,216984.70000000,0.01282000,105533.60000000,0.01283000,228473.20000000,,,,,,,,,,,,,,,,,,,,,,,,,,,,,,,,,,,,,,,,,0.00005,
0,7,350,0.01268000,0.01259,-0.7098,1774137152000,0.01272000,100386.10000000,0.01271000,123890.80000000,0.01270000,156524.80000000,0.01269000,192624.40000000,0.01268000,74295.00000000,0.01267000,118627.80000000,0.01266000,170161.40000000,0.01265000,131391.10000000,0.01264000,391024.10000000,0.01263000,94637.00000000,0.01274000,9778.20000000,0.01275000,16874.30000000,0.01276000,91409.50000000,0.01277000,216836.50000000,0.01278000,68537.20000000,0.01279000,305275.30000000,0.01280000,70419.10000000,0.01281000,216984.70000000,0.01282000,74343.40000000,0.01283000,228473.20000000,,,,,,,,,,,,,,,,,,,,,,,,,,,,,,,,,,,,,,,,,0.00005,
0,7,350,0.01266000,0.01263,-0.237,1774137153000,0.01271000,169453.80000000,0.01270000,141656.60000000,0.01269000,127539.60000000,0.01268000,94548.90000000,0.01267000,150005.90000000,0.01266000,201539.50000000,0.01265000,131391.10000000,0.01264000,114179.70000000,0.01263000,138929.00000000,0.01262000,155265.90000000,0.01273000,14145.00000000,0.01274000,54412.20000000,0.01275000,127362.00000000,0.01276000,107401.00000000,0.01277000,248030.30000000,0.01278000,58319.80000000,0.01279000,274118.60000000,0.01280000,70419.10000000,0.01281000,217193.90000000,0.01282000,30188.20000000,,,,,,,,,,,,,,,,,,,,,,,,,,,,,,,,,,,,,,,,,0.00005,
0,7,350,0.01262000,0.0126,-0.1585,1774137154000,0.01270000,107969.60000000,0.01269000,125730.90000000,0.01268000,185586.80000000,0.01267000,609400.10000000,0.01266000,126078.60000000,0.01265000,125740.10000000,0.01264000,66754.80000000,0.01263000,147673.30000000,0.01262000,53417.20000000,0.01261000,73189.80000000,0.01273000,96287.60000000,0.01274000,123294.80000000,0.01275000,229242.90000000,0.01276000,85821.60000000,0.01277000,248093.10000000,0.01278000,111460.80000000,0.01279000,210855.50000000,0.01280000,98686.60000000,0.01281000,270342.80000000,0.01282000,69248.30000000,,,,,,,,,,,,,,,,,,,,,,,,,,,,,,,,,,,,,,,,,0.00005,
0,7,350,0.01262000,0.01267,0.3962,1774137155000,0.01269000,5820.00000000,0.01268000,221163.90000000,0.01267000,49589.50000000,0.01266000,186992.20000000,0.01265000,94545.00000000,0.01264000,66754.80000000,0.01263000,202083.00000000,0.01262000,106495.60000000,0.01261000,175070.70000000,0.01260000,408466.10000000,0.01271000,14145.00000000,0.01272000,85053.10000000,0.01273000,117755.60000000,0.01274000,108905.80000000,0.01275000,323725.90000000,0.01276000,75604.20000000,0.01277000,225161.50000000,0.01278000,142668.90000000,0.01279000,252455.30000000,0.01280000,66162.20000000,,,,,,,,,,,,,,,,,,,,,,,,,,,,,,,,,,,,,,,,,0.00005,
0,7,350,0.01261000,0.01267,0.4758,1774137156000,0.01269000,80365.00000000,0.01268000,38297.60000000,0.01267000,181904.30000000,0.01266000,150856.10000000,0.01265000,139284.10000000,0.01264000,195597.20000000,0.01263000,139449.80000000,0.01262000,104712.70000000,0.01261000,233116.30000000,0.01260000,466429.40000000,0.01271000,39750.50000000,0.01272000,135582.10000000,0.01273000,153416.50000000,0.01274000,57096.30000000,0.01275000,226513.60000000,0.01276000,76361.80000000,0.01277000,221238.70000000,0.01278000,120083.20000000,0.01279000,191080.80000000,0.01280000,12900.60000000,,,,,,,,,,,,,,,,,,,,,,,,,,,,,,,,,,,,,,,,,,
0,7,350,0.01260000,0.01268,0.6349,1774137157000,0.01270000,377.40000000,0.01269000,60338.10000000,0.01268000,172489.50000000,0.01267000,49843.20000000,0.01266000,150289.00000000,0.01265000,138755.40000000,0.01264000,111567.60000000,0.01263000,170659.60000000,0.01262000,134241.40000000,0.01261000,179126.70000000,0.01272000,116010.40000000,0.01273000,243499.50000000,0.01274000,59768.30000000,0.01275000,257760.30000000,0.01276000,85764.30000000,0.01277000,220636.30000000,0.01278000,59049.80000000,0.01279000,294165.10000000,0.01280000,44147.30000000,0.01281000,172901.90000000,,,,,,,,,,,,,,,,,,,,,,,,,,,,,,,,,,,,,,,,,0.00005,
0,7,350,0.01263000,0.0127,0.5542,1774137158000,0.01267000,184614.90000000,0.01266000,134300.30000000,0.01265000,175528.80000000,0.01264000,113538.10000000,0.01263000,94637.00000000,0.01262000,104309.80000000,0.01261000,223987.00000000,0.01260000,405323.30000000,0.01259000,51952.10000000,0.01258000,114337.00000000,0.01269000,57932.60000000,0.01270000,56938.20000000,0.01271000,137899.70000000,0.01272000,192447.80000000,0.01273000,252447.30000000,0.01274000,59768.30000000,0.01275000,226513.60000000,0.01276000,136580.50000000,0.01277000,238947.40000000,0.01278000,22101.70000000,,,,,,,,,,,,,,,,,,,,,,,,,,,,,,,,,,,,,,,,,0.00005,
0,7,350,0.01266000,0.01267,0.079,1774137159000,0.01264000,69790.80000000,0.01263000,113691.40000000,0.01262000,53213.40000000,0.01261000,175888.90000000,0.01260000,232832.70000000,0.01259000,122881.30000000,0.01258000,118387.00000000,0.01257000,199292.40000000,0.01256000,170469.90000000,0.01255000,733493.80000000,0.01266000,14145.00000000,0.01267000,8325.00000000,0.01268000,155196.70000000,0.01269000,172133.60000000,0.01270000,256837.20000000,0.01271000,146224.70000000,0.01272000,127732.80000000,0.01273000,252690.50000000,0.01274000,52421.10000000,0.01275000,257690.50000000,,,,,,,,,,,,,,,,,,,,,,,,,,,,,,,,,,,,,,,,,,
0,7,350,0.01266000,0.01266,0.0,1774137160000,0.01265000,14145.00000000,0.01264000,181581.80000000,0.01263000,113579.90000000,0.01262000,119321.90000000,0.01261000,235393.30000000,0.01260000,171542.90000000,0.01259000,124437.10000000,0.01258000,118387.00000000,0.01257000,138127.00000000,0.01256000,131268.90000000,0.01267000,19739.30000000,0.01268000,140897.50000000,0.01269000,208796.50000000,0.01270000,177455.80000000,0.01271000,146224.70000000,0.01272000,127732.80000000,0.01273000,191584.80000000,0.01274000,83683.40000000,0.01275000,226230.50000000,0.01276000,90540.70000000,,,,,,,,,,,,,,,,,,,,,,,,,,,,,,,,,,,,,,,,,0.00005,
0,7,350,0.01266000,0.01265,-0.079,1774137161000,0.01267000,39565.10000000,0.01266000,75082.60000000,0.01265000,110574.50000000,0.01264000,217217.40000000,0.01263000,52067.10000000,0.01262000,150227.10000000,0.01261000,205096.10000000,0.01260000,171241.60000000,0.01259000,394122.60000000,0.01258000,108414.20000000,0.01270000,44816.30000000,0.01271000,220076.00000000,0.01272000,52546.40000000,0.01273000,287500.30000000,0.01274000,115976.90000000,0.01275000,230751.50000000,0.01276000,58460.70000000,0.01277000,219730.50000000,0.01278000,39657.10000000,0.01279000,204141.60000000,,,,,,,,,,,,,,,,,,,,,,,,,,,,,,,,,,,,,,,,,0.00005,
0,7,350,0.01269000,0.01263,-0.4728,1774137162000,0.01269000,14260.40000000,0.01268000,117080.00000000,0.01267000,148001.80000000,0.01266000,123635.70000000,0.01265000,214864.40000000,0.01264000,156279.40000000,0.01263000,83331.60000000,0.01262000,170251.90000000,0.01261000,173562.10000000,0.01260000,127558.30000000,0.01271000,14145.00000000,0.01272000,91108.60000000,0.01273000,227607.20000000,0.01274000,136328.10000000,0.01275000,291108.40000000,0.01276000,61618.10000000,0.01277000,219730.50000000,0.01278000,41739.50000000,0.01279000,206414.00000000,0.01280000,100871.90000000,,,,,,,,,,,,,,,,,,,,,,,,,,,,,,,,,,,,,,,,,0.00005,
0,7,350,0.01270000,0.01267,-0.2362,1774137163000,0.01267000,7278.90000000,0.01266000,173872.40000000,0.01265000,153606.20000000,0.01264000,156375.10000000,0.01263000,52067.10000000,0.01262000,138987.40000000,0.01261000,206101.10000000,0.01260000,202900.10000000,0.01259000,383325.00000000,0.01258000,117674.40000000,0.01269000,36962.80000000,0.01270000,106727.20000000,0.01271000,247666.30000000,0.01272000,118332.50000000,0.01273000,280273.00000000,0.01274000,115086.90000000,0.01275000,230167.20000000,0.01276000,61618.10000000,0.01277000,276002.60000000,0.01278000,56319.20000000,,,,,,,,,,,,,,,,,,,,,,,,,,,,,,,,,,,,,,,,,0.00005,
0,7,350,0.01273000,0.01272,-0.0786,1774137165000,0.01266000,51387.00000000,0.01265000,186215.70000000,0.01264000,610315.50000000,0.01263000,8417.00000000,0.01262000,138283.10000000,0.01261000,234305.60000000,0.01260000,189087.10000000,0.01259000,377968.60000000,0.01258000,106888.50000000,0.01257000,8508.40000000,0.01268000,10033.50000000,0.01269000,122776.40000000,0.01270000,96960.30000000,0.01271000,219360.20000000,0.01272000,109660.90000000,0.01273000,228388.70000000,0.01274000,51691.20000000,0.01275000,224656.70000000,0.01276000,123702.90000000,0.01277000,248991.30000000,,,,,,,,,,,,,,,,,,,,,,,,,,,,,,,,,,,,,,,,,0.00005,
0,7,350,0.01273000,0.0127,-0.2357,1774137166000,0.01267000,8325.00000000,0.01266000,66220.00000000,0.01265000,247115.90000000,0.01264000,155893.50000000,0.01263000,132393.80000000,0.01262000,138283.10000000,0.01261000,173124.60000000,0.01260000,310407.10000000,0.01259000,377968.60000000,0.01258000,145822.80000000,0.01268000,5936.10000000,0.01269000,14659.40000000,0.01270000,96720.00000000,0.01271000,151078.60000000,0.01272000,98935.90000000,0.01273000,361901.10000000,0.01274000,51691.20000000,0.01275000,232354.10000000,0.01276000,82211.50000000,0.01277000,223633.70000000,,,,,,,,,,,,,,,,,,,,,,,,,,,,,,,,,,,,,,,,,,
0,7,350,0.01274000,0.0127,-0.314,1774137167000,0.01264000,540492.10000000,0.01263000,102116.70000000,0.01262000,75619.60000000,0.01261000,191312.20000000,0.01260000,148011.40000000,0.01259000,110267.20000000,0.01258000,117220.00000000,0.01257000,45766.30000000,0.01256000,56782.60000000,0.01255000,450205.60000000,0.01266000,15607.40000000,0.01267000,14513.30000000,0.01268000,160668.20000000,0.01269000,194584.60000000,0.01270000,255406.60000000,0.01271000,93739.80000000,0.01272000,55728.80000000,0.01273000,315758.30000000,0.01274000,97834.00000000,0.01275000,220280.90000000,,,,,,,,,,,,,,,,,,,,,,,,,,,,,,,,,,,,,,,,,0.00005,
0,7,350,0.01275000,0.0127,-0.3922,1774137168000,0.01260000,53013.30000000,0.01259000,141328.80000000,0.01258000,51832.60000000,0.01257000,51910.70000000,0.01256000,118553.90000000,0.01255000,54882.60000000,0.01254000,117947.30000000,0.01253000,50627.70000000,0.01252000,211795.50000000,0.01251000,46591.30000000,0.01262000,14324.00000000,0.01263000,172942.00000000,0.01264000,174756.00000000,0.01265000,171308.20000000,0.01266000,257517.60000000,0.01267000,160717.70000000,0.01268000,169189.20000000,0.01269000,123310.90000000,0.01270000,144995.20000000,0.01271000,74545.00000000,,,,,,,,,,,,,,,,,,,,,,,,,,,,,,,,,,,,,,,,,0.00005,
0,7,350,0.01274000,0.0127,-0.314,1774137169000,0.01258000,1470.50000000,0.01257000,12587.70000000,0.01256000,33929.40000000,0.01255000,51678.80000000,0.01254000,51727.30000000,0.01253000,116847.70000000,0.01252000,164680.50000000,0.01251000,118347.70000000,0.01250000,352856.70000000,0.01249000,118102.80000000,0.01259000,43539.90000000,0.01261000,141783.40000000,0.01262000,195751.40000000,0.01263000,145766.50000000,0.01264000,157166.40000000,0.01265000,123811.40000000,0.01266000,158936.50000000,0.01267000,83522.40000000,0.01268000,133807.30000000,0.01269000,82434.50000000,,,,,,,,,,,,,,,,,,,,,,,,,,,,,,,,,,,,,,,,,0.00005,
0,7,350,0.01274000,0.0127,-0.314,1774137170000,0.01262000,55095.10000000,0.01261000,123372.00000000,0.01260000,103842.60000000,0.01259000,233666.30000000,0.01258000,109001.10000000,0.01257000,155781.10000000,0.01256000,119147.90000000,0.01255000,51864.90000000,0.01254000,51727.30000000,0.01253000,149157.40000000,0.01264000,101880.90000000,0.01265000,14145.00000000,0.01266000,116025.90000000,0.01267000,84876.30000000,0.01268000,119183.30000000,0.01269000,117779.40000000,0.01270000,152298.00000000,0.01271000,142256.60000000,0.01272000,47429.80000000,0.01273000,219660.30000000,,,,,,,,,,,,,,,,,,,,,,,,,,,,,,,,,,,,,,,,,0.00005,
0,7,350,0.01274000,0.0127,-0.314,1774137171000,0.01264000,98617.30000000,0.01263000,185266.60000000,0.01262000,97372.00000000,0.01261000,169766.70000000,0.01260000,215044.90000000,0.01259000,133015.10000000,0.01258000,51339.30000000,0.01257000,146365.40000000,0.01256000,109677.90000000,0.01255000,287196.60000000,0.01267000,59808.00000000,0.01268000,116025.90000000,0.01269000,122307.20000000,0.01270000,154071.70000000,0.01271000,219595.30000000,0.01272000,51609.80000000,0.01273000,219609.00000000,0.01274000,63545.20000000,0.01275000,214843.80000000,0.01276000,16214.50000000,,,,,,,,,,,,,,,,,,,,,,,,,,,,,,,,,,,,,,,,,,
0,7,350,0.01274000,0.01271,-0.2355,1774137172000,0.01264000,58943.70000000,0.01263000,163605.40000000,0.01262000,277488.80000000,0.01261000,159542.40000000,0.01260000,163409.80000000,0.01259000,117148.20000000,0.01258000,51253.00000000,0.01257000,153133.90000000,0.01256000,95608.00000000,0.01255000,291609.20000000,0.01266000,1462.40000000,0.01267000,109151.60000000,0.01268000,116025.90000000,0.01269000,114396.40000000,0.01270000,180032.90000000,0.01271000,120771.20000000,0.01272000,54410.40000000,0.01273000,219353.90000000,0.01274000,43960.30000000,0.01275000,216818.60000000,,,,,,,,,,,,,,,,,,,,,,,,,,,,,,,,,,,,,,,,,0.00005,
0,7,350,0.01273000,0.01271,-0.1571,1774137173000,0.01268000,24178.40000000,0.01267000,121075.90000000,0.01266000,52878.50000000,0.01265000,181538.10000000,0.01264000,161096.50000000,0.01263000,109538.10000000,0.01262000,168533.90000000,0.01261000,123683.10000000,0.01260000,144544.70000000,0.01259000,113378.80000000,0.01270000,18241.60000000,0.01271000,176509.30000000,0.01272000,51728.50000000,0.01273000,283625.90000000,0.01274000,52015.80000000,0.01275000,219616.70000000,0.01276000,72684.50000000,0.01277000,219616.70000000,0.01278000,50640.50000000,0.01279000,209564.60000000,,,,,,,,,,,,,,,,,,,,,,,,,,,,,,,,,,,,,,,,,0.00005,
0,7,350,0.01272000,0.01271,-0.0786,1774137174000,0.01271000,14145.00000000,0.01270000,89156.80000000,0.01269000,120992.70000000,0.01268000,186571.60000000,0.01267000,193120.10000000,0.01266000,117712.30000000,0.01265000,162938.60000000,0.01264000,57831.20000000,0.01263000,102501.30000000,0.01262000,145376.60000000,0.01273000,8325.00000000,0.01274000,51992.30000000,0.01275000,180867.30000000,0.01276000,51387.30000000,0.01277000,219593.20000000,0.01278000,69764.00000000,0.01279000,213316.30000000,0.01280000,51956.40000000,0.01281000,227390.10000000,0.01282000,63383.60000000,,,,,,,,,,,,,,,,,,,,,,,,,,,,,,,,,,,,,,,,,0.00005,
0,7,350,0.01271000,0.01274,0.236,1774137175000,0.01272000,56576.10000000,0.01271000,99060.80000000,0.01270000,182952.30000000,0.01269000,220050.20000000,0.01268000,131726.50000000,0.01267000,202570.80000000,0.01266000,114360.70000000,0.01265000,144628.90000000,0.01264000,57573.80000000,0.01263000,92.00000000,0.01274000,31933.60000000,0.01275000,12766.40000000,0.01276000,71193.40000000,0.01277000,110205.90000000,0.01278000,51845.80000000,0.01279000,213146.70000000,0.01280000,44104.10000000,0.01281000,221228.60000000,0.01282000,81487.10000000,0.01283000,122339.30000000,,,,,,,,,,,,,,,,,,,,,,,,,,,,,,,,,,,,,,,,,0.00005,
0,7,350,0.01271000,0.01274,0.236,1774137176000,0.01272000,29488.60000000,0.01271000,147601.80000000,0.01270000,160392.40000000,0.01269000,313291.70000000,0.01268000,120454.90000000,0.01267000,202570.80000000,0.01266000,134634.90000000,0.01265000,145888.30000000,0.01264000,119055.20000000,0.01263000,43533.50000000,0.01274000,8325.00000000,0.01275000,55831.00000000,0.01276000,93737.00000000,0.01277000,251381.20000000,0.01278000,66023.40000000,0.01279000,219500.80000000,0.01280000,49128.40000000,0.01281000,221228.60000000,0.01282000,81487.10000000,0.01283000,116687.50000000,,,,,,,,,,,,,,,,,,,,,,,,,,,,,,,,,,,,,,,,,0.00005,
0,7,350,0.01271000,0.01274,0.236,1774137177000,0.01272000,92723.50000000,0.01271000,134267.70000000,0.01270000,206453.30000000,0.01269000,269859.50000000,0.01268000,120489.10000000,0.01267000,222570.80000000,0.01266000,134901.40000000,0.01265000,145888.30000000,0.01264000,119055.20000000,0.01263000,92.00000000,0.01274000,8442.20000000,0.01275000,12389.50000000,0.01276000,115150.50000000,0.01277000,251381.20000000,0.01278000,98162.80000000,0.01279000,219500.80000000,0.01280000,49128.40000000,0.01281000,221228.60000000,0.01282000,74003.60000000,0.01283000,122169.50000000,,,,,,,,,,,,,,,,,,,,,,,,,,,,,,,,,,,,,,,,,0.00005,
0,7,350,0.01271000,0.01274,0.236,1774137178000,0.01272000,109078.50000000,0.01271000,166719.00000000,0.01270000,162977.60000000,0.01269000,237435.30000000,0.01268000,120489.10000000,0.01267000,222570.80000000,0.01266000,134901.40000000,0.01265000,145888.30000000,0.01264000,119055.20000000,0.01263000,43567.70000000,0.01274000,8957.80000000,0.01275000,57319.60000000,0.01276000,114634.90000000,0.01277000,251408.30000000,0.01278000,98162.80000000,0.01279000,219500.80000000,0.01280000,49128.40000000,0.01281000,221228.60000000,0.01282000,74003.60000000,0.01283000,116064.90000000,,,,,,,,,,,,,,,,,,,,,,,,,,,,,,,,,,,,,,,,,0.00005,
0,7,350,0.01269000,0.01273,0.3152,1774137179000,0.01272000,161409.90000000,0.01271000,83157.60000000,0.01270000,246552.30000000,0.01269000,118020.90000000,0.01268000,234754.70000000,0.01267000,120689.90000000,0.01266000,134901.40000000,0.01265000,44007.40000000,0.01264000,180871.30000000,0.01263000,43567.70000000,0.01274000,7251.00000000,0.01275000,57319.60000000,0.01276000,114634.90000000,0.01277000,149527.40000000,0.01278000,192428.40000000,0.01279000,117619.90000000,0.01280000,143394.00000000,0.01281000,119347.70000000,0.01282000,74003.60000000,0.01283000,116064.90000000,,,,,,,,,,,,,,,,,,,,,,,,,,,,,,,,,,,,,,,,,0.00005,
0,7,350,0.01269000,0.01273,0.3152,1774137180000,0.01271000,100657.50000000,0.01270000,270694.60000000,0.01269000,161551.10000000,0.01268000,227337.30000000,0.01267000,120798.30000000,0.01266000,134921.60000000,0.01265000,44007.40000000,0.01264000,175051.30000000,0.01263000,51892.70000000,0.01262000,388177.00000000,0.01273000,10263.60000000,0.01274000,58879.20000000,0.01275000,55865.20000000,0.01276000,208900.50000000,0.01277000,149527.40000000,0.01278000,192428.40000000,0.01279000,117619.90000000,0.01280000,143394.00000000,0.01281000,133693.20000000,0.01282000,38054.90000000,,,,,,,,,,,,,,,,,,,,,,,,,,,,,,,,,,,,,,,,,,
0,7,350,0.01269000,0.01278,0.7092,1774137181000,0.01272000,94265.60000000,0.01271000,215887.10000000,0.01270000,198960.90000000,0.01269000,161551.10000000,0.01268000,234774.90000000,0.01267000,120832.60000000,0.01266000,134921.60000000,0.01265000,44007.40000000,0.01264000,137869.50000000,0.01263000,8417.00000000,0.01273000,1525.20000000,0.01274000,15383.30000000,0.01275000,12905.10000000,0.01276000,247314.90000000,0.01277000,117130.50000000,0.01278000,192428.40000000,0.01279000,117691.40000000,0.01280000,143394.00000000,0.01281000,133693.20000000,0.01282000,81585.10000000,,,,,,,,,,,,,,,,,,,,,,,,,,,,,,,,,,,,,,,,,0.00005,
0,7,350,0.01271000,0.01281,0.7868,1774137182000,0.01269000,131073.60000000,0.01268000,202183.40000000,0.01267000,148126.70000000,0.01266000,97698.00000000,0.01265000,44007.40000000,0.01264000,137869.50000000,0.01263000,111637.90000000,0.01262000,330610.90000000,0.01261000,8325.00000000,0.01260000,106595.20000000,0.01271000,16972.90000000,0.01272000,50159.50000000,0.01273000,152537.30000000,0.01274000,149188.10000000,0.01275000,215761.40000000,0.01276000,146086.50000000,0.01277000,116037.30000000,0.01278000,192428.40000000,0.01279000,74178.40000000,0.01280000,131281.00000000,,,,,,,,,,,,,,,,,,,,,,,,,,,,,,,,,,,,,,,,,0.00005,
0,7,350,0.01272000,0.01283,0.8648,1774137183000,0.01270000,94265.60000000,0.01269000,131073.60000000,0.01268000,222574.20000000,0.01267000,113070.40000000,0.01266000,88282.30000000,0.01265000,44007.40000000,0.01264000,137869.50000000,0.01263000,111637.90000000,0.01262000,330610.90000000,0.01261000,8325.00000000,0.01271000,16972.90000000,0.01272000,31765.50000000,0.01273000,152537.30000000,0.01274000,167582.10000000,0.01275000,215761.40000000,0.01276000,146086.50000000,0.01277000,116037.30000000,0.01278000,192428.40000000,0.01279000,74178.40000000,0.01280000,131281.00000000,,,,,,,,,,,,,,,,,,,,,,,,,,,,,,,,,,,,,,,,,0.00005,
0,7,350,0.01274000,0.01284,0.7849,1774137184000,0.01271000,33958.30000000,0.01270000,119619.50000000,0.01269000,164727.20000000,0.01268000,222574.20000000,0.01267000,80898.10000000,0.01266000,88282.30000000,0.01265000,44007.40000000,0.01264000,137869.50000000,0.01263000,68142.00000000,0.01262000,290128.10000000,0.01273000,29900.70000000,0.01274000,72280.40000000,0.01275000,38948.30000000,0.01276000,204912.90000000,0.01277000,72541.40000000,0.01278000,192428.40000000,0.01279000,74178.40000000,0.01280000,131281.00000000,0.01281000,78876.40000000,0.01282000,132320.50000000,,,,,,,,,,,,,,,,,,,,,,,,,,,,,,,,,,,,,,,,,0.00005,
0,7,350,0.01275000,0.01285,0.7843,1774137185000,0.01267000,76827.30000000,0.01266000,103762.20000000,0.01265000,69430.10000000,0.01264000,139985.20000000,0.01263000,68142.00000000,0.01262000,285649.80000000,0.01261000,28325.00000000,0.01260000,12329.60000000,0.01259000,167296.80000000,0.01258000,8325.00000000,0.01269000,14145.00000000,0.01270000,15520.70000000,0.01271000,61990.30000000,0.01272000,168135.60000000,0.01273000,69815.60000000,0.01274000,266236.40000000,0.01275000,16447.50000000,0.01276000,102590.60000000,0.01277000,68050.00000000,0.01278000,110556.60000000,,,,,,,,,,,,,,,,,,,,,,,,,,,,,,,,,,,,,,,,,0.00005,
0,7,350,0.01276000,0.01286,0.7837,1774137186000,0.01265000,40923.10000000,0.01264000,167076.50000000,0.01263000,68142.00000000,0.01262000,17740.70000000,0.01261000,92810.90000000,0.01260000,14450.80000000,0.01259000,162815.60000000,0.01258000,286531.60000000,0.01257000,27897.10000000,0.01256000,76183.20000000,0.01267000,10638.60000000,0.01268000,14145.00000000,0.01269000,36605.80000000,0.01270000,75245.70000000,0.01271000,14145.00000000,0.01272000,270812.20000000,0.01273000,14145.00000000,0.01274000,166546.00000000,0.01275000,11482.40000000,0.01276000,110464.60000000,,,,,,,,,,,,,,,,,,,,,,,,,,,,,,,,,,,,,,,,,0.00005,
0,7,350,0.01275000,0.01286,0.8627,1774137187000,0.01266000,6308.50000000,0.01265000,15526.20000000,0.01264000,136341.80000000,0.01263000,141736.30000000,0.01262000,10448.30000000,0.01261000,88050.00000000,0.01260000,12329.60000000,0.01259000,162815.60000000,0.01258000,306531.60000000,0.01257000,12897.10000000,0.01268000,15520.70000000,0.01269000,36605.80000000,0.01270000,98875.00000000,0.01271000,84284.40000000,0.01272000,270840.10000000,0.01273000,14145.00000000,0.01274000,166546.00000000,0.01275000,11482.40000000,0.01276000,110464.60000000,0.01277000,75924.00000000,,,,,,,,,,,,,,,,,,,,,,,,,,,,,,,,,,,,,,,,,0.00005,
0,7,350,0.01274000,0.01287,1.0204,1774137191074,0.01273000,157524.90000000,0.01272000,243788.30000000,0.01271000,582925.50000000,0.01270000,37740.70000000,0.01269000,229020.90000000,0.01268000,28325.00000000,0.01267000,68205.00000000,0.01266000,14145.00000000,0.01265000,96839.00000000,0.01264000,107077.10000000,0.01276000,20828.50000000,0.01277000,98700.80000000,0.01278000,160086.60000000,0.01279000,139756.50000000,0.01280000,157254.70000000,0.01281000,72265.40000000,0.01282000,114481.90000000,0.01283000,78910.50000000,0.01284000,111990.70000000,0.01285000,97789.30000000,,,,,,,,,,,,,,,,,,,,,,,,,,,,,,,,,,,,,,,,,0.00005,
0,7,350,0.01274000,0.01288,1.0989,1774137191374,0.01274000,27558.70000000,0.01273000,157405.00000000,0.01272000,253204.00000000,0.01271000,582925.50000000,0.01270000,28325.00000000,0.01269000,229020.90000000,0.01268000,28325.00000000,0.01267000,68205.00000000,0.01266000,14145.00000000,0.01265000,96839.00000000,0.01276000,28637.90000000,0.01277000,98700.80000000,0.01278000,160086.60000000,0.01279000,139756.50000000,0.01280000,157254.70000000,0.01281000,72265.40000000,0.01282000,106629.60000000,0.01283000,78910.50000000,0.01284000,111990.70000000,0.01285000,97789.30000000,,,,,,,,,,,,,,,,,,,,,,,,,,,,,,,,,,,,,,,,,0.00005,
0,7,350,0.01274000,0.01288,1.0989,1774137191674,0.01273000,43443.10000000,0.01272000,159312.30000000,0.01271000,147857.80000000,0.01270000,28325.00000000,0.01269000,168258.30000000,0.01268000,28325.00000000,0.01267000,68050.00000000,0.01266000,14145.00000000,0.01265000,93870.00000000,0.01264000,107077.10000000,0.01275000,14264.90000000,0.01276000,28637.90000000,0.01277000,98700.80000000,0.01278000,220410.00000000,0.01279000,79850.30000000,0.01280000,157254.70000000,0.01281000,72265.40000000,0.01282000,114478.80000000,0.01283000,78910.50000000,0.01284000,111990.70000000,,,,,,,,,,,,,,,,,,,,,,,,,,,,,,,,,,,,,,,,,0.00005,
0,7,350,0.01274000,0.01288,1.0989,1774137191975,0.01272000,129184.90000000,0.01271000,28325.00000000,0.01270000,96632.60000000,0.01269000,168258.30000000,0.01268000,28325.00000000,0.01267000,68050.00000000,0.01266000,14145.00000000,0.01265000,93870.00000000,0.01264000,108690.90000000,0.01263000,68142.00000000,0.01274000,14145.00000000,0.01275000,14264.90000000,0.01276000,28637.90000000,0.01277000,191163.00000000,0.01278000,126517.90000000,0.01279000,79850.30000000,0.01280000,157254.70000000,0.01281000,72265.40000000,0.01282000,114478.80000000,0.01283000,78910.50000000,,,,,,,,,,,,,,,,,,,,,,,,,,,,,,,,,,,,,,,,,0.00005,
0,7,350,0.01274000,0.01288,1.0989,1774137192276,0.01272000,5820.00000000,0.01271000,160622.70000000,0.01270000,29700.70000000,0.01269000,663378.90000000,0.01268000,37740.70000000,0.01267000,127047.10000000,0.01266000,14145.00000000,0.01265000,93870.00000000,0.01264000,128690.90000000,0.01263000,68142.00000000,0.01274000,36680.80000000,0.01275000,101418.60000000,0.01276000,147906.50000000,0.01277000,191163.00000000,0.01278000,103198.20000000,0.01279000,79850.30000000,0.01280000,157254.70000000,0.01281000,80114.60000000,0.01282000,114478.80000000,0.01283000,78910.50000000,,,,,,,,,,,,,,,,,,,,,,,,,,,,,,,,,,,,,,,,,0.00005,
0,7,350,0.01274000,0.01288,1.0989,1774137192577,0.01272000,5820.00000000,0.01271000,152297.70000000,0.01270000,29700.70000000,0.01269000,663378.90000000,0.01268000,37740.70000000,0.01267000,127047.10000000,0.01266000,14145.00000000,0.01265000,93870.00000000,0.01264000,128690.90000000,0.01263000,68142.00000000,0.01274000,36680.80000000,0.01275000,101418.60000000,0.01276000,147906.50000000,0.01277000,191163.00000000,0.01278000,102682.60000000,0.01279000,91171.20000000,0.01280000,145933.80000000,0.01281000,80114.60000000,0.01282000,114478.80000000,0.01283000,78910.50000000,,,,,,,,,,,,,,,,,,,,,,,,,,,,,,,,,,,,,,,,,0.00005,
0,7,350,0.01274000,0.01288,1.0989,1774137192877,0.01272000,100085.60000000,0.01271000,152297.70000000,0.01270000,39116.40000000,0.01269000,663378.90000000,0.01268000,28325.00000000,0.01267000,127047.10000000,0.01266000,14145.00000000,0.01265000,93870.00000000,0.01264000,128690.90000000,0.01263000,68142.00000000,0.01274000,36680.80000000,0.01275000,101418.60000000,0.01276000,147906.50000000,0.01277000,191163.00000000,0.01278000,102682.60000000,0.01279000,91171.20000000,0.01280000,145933.80000000,0.01281000,80114.60000000,0.01282000,114478.80000000,0.01283000,78910.50000000,,,,,,,,,,,,,,,,,,,,,,,,,,,,,,,,,,,,,,,,,0.00005,
0,7,350,0.01274000,0.01288,1.0989,1774137193178,0.01272000,100085.60000000,0.01271000,152297.70000000,0.01270000,39116.40000000,0.01269000,663378.90000000,0.01268000,28325.00000000,0.01267000,127047.10000000,0.01266000,34145.00000000,0.01265000,93870.00000000,0.01264000,128690.90000000,0.01263000,68142.00000000,0.01274000,6305.60000000,0.01275000,14145.00000000,0.01276000,53640.90000000,0.01277000,191163.00000000,0.01278000,103198.20000000,0.01279000,91171.20000000,0.01280000,145933.80000000,0.01281000,80114.60000000,0.01282000,114478.80000000,0.01283000,78910.50000000,,,,,,,,,,,,,,,,,,,,,,,,,,,,,,,,,,,,,,,,,0.00005,
0,7,350,0.01274000,0.01288,1.0989,1774137193478,0.01273000,8811.90000000,0.01272000,100085.60000000,0.01271000,161713.40000000,0.01270000,30612.40000000,0.01269000,663378.90000000,0.01268000,28325.00000000,0.01267000,68050.00000000,0.01266000,34145.00000000,0.01265000,93870.00000000,0.01264000,128690.90000000,0.01275000,5820.00000000,0.01276000,28637.90000000,0.01277000,98700.80000000,0.01278000,103198.20000000,0.01279000,91171.20000000,0.01280000,145933.80000000,0.01281000,72265.40000000,0.01282000,114478.80000000,0.01283000,78910.50000000,0.01284000,111990.70000000,,,,,,,,,,,,,,,,,,,,,,,,,,,,,,,,,,,,,,,,,0.00005,
0,7,350,0.01274000,0.01288,1.0989,1774137193780,0.01273000,6306.90000000,0.01272000,100085.60000000,0.01271000,161713.40000000,0.01270000,30612.40000000,0.01269000,663378.90000000,0.01268000,28325.00000000,0.01267000,68050.00000000,0.01266000,34145.00000000,0.01265000,88050.00000000,0.01264000,128690.90000000,0.01275000,14145.00000000,0.01276000,28637.90000000,0.01277000,122734.80000000,0.01278000,223541.20000000,0.01279000,91171.20000000,0.01280000,145933.80000000,0.01281000,72265.40000000,0.01282000,114478.80000000,0.01283000,78910.50000000,0.01284000,111990.70000000,,,,,,,,,,,,,,,,,,,,,,,,,,,,,,,,,,,,,,,,,0.00005,
0,7,350,0.01274000,0.01288,1.0989,1774137194081,0.01273000,6306.90000000,0.01272000,100085.60000000,0.01271000,161713.40000000,0.01270000,30612.40000000,0.01269000,663378.90000000,0.01268000,28325.00000000,0.01267000,68050.00000000,0.01266000,34145.00000000,0.01265000,88050.00000000,0.01264000,128690.90000000,0.01275000,14145.00000000,0.01276000,28637.90000000,0.01277000,98700.80000000,0.01278000,163986.30000000,0.01279000,151956.70000000,0.01280000,145933.80000000,0.01281000,72265.40000000,0.01282000,114478.80000000,0.01283000,78910.50000000,0.01284000,111990.70000000,,,,,,,,,,,,,,,,,,,,,,,,,,,,,,,,,,,,,,,,,0.00005,
0,7,350,0.01292000,0.01288,-0.3096,1774137194381,0.01273000,6306.90000000,0.01272000,100085.60000000,0.01271000,161713.40000000,0.01270000,30612.40000000,0.01269000,663378.90000000,0.01268000,28325.00000000,0.01267000,88050.00000000,0.01266000,34145.00000000,0.01265000,88050.00000000,0.01264000,128690.90000000,0.01275000,14145.00000000,0.01276000,28637.90000000,0.01277000,98700.80000000,0.01278000,163986.30000000,0.01279000,151956.70000000,0.01280000,145933.80000000,0.01281000,72265.40000000,0.01282000,114478.80000000,0.01283000,78910.50000000,0.01284000,111990.70000000,,,,,,,,,,,,,,,,,,,,,,,,,,,,,,,,,,,,,,,,,0.00005,
0,7,350,0.01292000,0.01288,-0.3096,1774137194682,0.01273000,6306.90000000,0.01272000,100085.60000000,0.01271000,161713.40000000,0.01270000,30612.40000000,0.01269000,663378.90000000,0.01268000,28325.00000000,0.01267000,88050.00000000,0.01266000,34145.00000000,0.01265000,88050.00000000,0.01264000,128690.90000000,0.01275000,14145.00000000,0.01276000,28637.90000000,0.01277000,98700.80000000,0.01278000,163986.30000000,0.01279000,151956.70000000,0.01280000,145933.80000000,0.01281000,72265.40000000,0.01282000,114478.80000000,0.01283000,78910.50000000,0.01284000,111990.70000000,,,,,,,,,,,,,,,,,,,,,,,,,,,,,,,,,,,,,,,,,0.00005,
0,7,350,0.01292000,0.01287,-0.387,1774137194983,0.01272000,82844.70000000,0.01271000,161713.40000000,0.01270000,30612.40000000,0.01269000,663378.90000000,0.01268000,28325.00000000,0.01267000,88050.00000000,0.01266000,34145.00000000,0.01265000,88050.00000000,0.01264000,128690.90000000,0.01263000,68142.00000000,0.01274000,14145.00000000,0.01275000,14145.00000000,0.01276000,122903.50000000,0.01277000,98700.80000000,0.01278000,163986.30000000,0.01279000,151956.70000000,0.01280000,145933.80000000,0.01281000,72265.40000000,0.01282000,114478.80000000,0.01283000,78910.50000000,,,,,,,,,,,,,,,,,,,,,,,,,,,,,,,,,,,,,,,,,0.00005,
0,7,350,0.01292000,0.01287,-0.387,1774137195284,0.01272000,82844.70000000,0.01271000,152297.70000000,0.01270000,39116.40000000,0.01269000,683378.90000000,0.01268000,28325.00000000,0.01267000,88050.00000000,0.01266000,34145.00000000,0.01265000,88050.00000000,0.01264000,128690.90000000,0.01263000,68142.00000000,0.01274000,6306.90000000,0.01275000,44768.30000000,0.01276000,122903.50000000,0.01277000,99216.40000000,0.01278000,136256.10000000,0.01279000,151956.70000000,0.01280000,145933.80000000,0.01281000,72265.40000000,0.01282000,114478.80000000,0.01283000,78910.50000000,,,,,,,,,,,,,,,,,,,,,,,,,,,,,,,,,,,,,,,,,0.00005,
0,7,350,0.01292000,0.01287,-0.387,1774137195585,0.01272000,82844.70000000,0.01271000,152297.70000000,0.01270000,39116.40000000,0.01269000,683378.90000000,0.01268000,28325.00000000,0.01267000,88050.00000000,0.01266000,34145.00000000,0.01265000,88050.00000000,0.01264000,128690.90000000,0.01263000,68142.00000000,0.01274000,6306.90000000,0.01275000,44768.30000000,0.01276000,122903.50000000,0.01277000,98700.80000000,0.01278000,136256.10000000,0.01279000,151956.70000000,0.01280000,145933.80000000,0.01281000,72265.40000000,0.01282000,114478.80000000,0.01283000,78910.50000000,,,,,,,,,,,,,,,,,,,,,,,,,,,,,,,,,,,,,,,,,0.00005,
0,7,350,0.01292000,0.01287,-0.387,1774137195886,0.01272000,82844.70000000,0.01271000,152297.70000000,0.01270000,39116.40000000,0.01269000,683378.90000000,0.01268000,28325.00000000,0.01267000,88050.00000000,0.01266000,34145.00000000,0.01265000,88050.00000000,0.01264000,128690.90000000,0.01263000,68142.00000000,0.01274000,6306.90000000,0.01275000,44768.30000000,0.01276000,122903.50000000,0.01277000,99216.40000000,0.01278000,136256.10000000,0.01279000,151956.70000000,0.01280000,145933.80000000,0.01281000,72265.40000000,0.01282000,114478.80000000,0.01283000,78910.50000000,,,,,,,,,,,,,,,,,,,,,,,,,,,,,,,,,,,,,,,,,0.00005,
0,7,350,0.01292000,0.01287,-0.387,1774137196187,0.01272000,82844.70000000,0.01271000,172297.70000000,0.01270000,39116.40000000,0.01269000,683378.90000000,0.01268000,28325.00000000,0.01267000,88050.00000000,0.01266000,34145.00000000,0.01265000,88050.00000000,0.01264000,128690.90000000,0.01263000,68142.00000000,0.01274000,6306.90000000,0.01275000,14145.00000000,0.01276000,28637.90000000,0.01277000,99216.40000000,0.01278000,136256.10000000,0.01279000,151956.70000000,0.01280000,145933.80000000,0.01281000,72265.40000000,0.01282000,114478.80000000,0.01283000,78910.50000000,,,,,,,,,,,,,,,,,,,,,,,,,,,,,,,,,,,,,,,,,0.00005,
0,7,350,0.01292000,0.01287,-0.387,1774137196487,0.01272000,82844.70000000,0.01271000,181713.40000000,0.01270000,29700.70000000,0.01269000,683378.90000000,0.01268000,90712.20000000,0.01267000,88050.00000000,0.01266000,34145.00000000,0.01265000,88050.00000000,0.01264000,128690.90000000,0.01263000,68142.00000000,0.01274000,6306.90000000,0.01275000,14145.00000000,0.01276000,28637.90000000,0.01277000,98700.80000000,0.01278000,136771.70000000,0.01279000,151956.70000000,0.01280000,145933.80000000,0.01281000,72265.40000000,0.01282000,114478.80000000,0.01283000,78910.50000000,,,,,,,,,,,,,,,,,,,,,,,,,,,,,,,,,,,,,,,,,0.00005,
0,7,350,0.01291000,0.01286,-0.3873,1774137196788,0.01272000,82844.70000000,0.01271000,181713.40000000,0.01270000,29700.70000000,0.01269000,683378.90000000,0.01268000,90712.20000000,0.01267000,88050.00000000,0.01266000,34145.00000000,0.01265000,88050.00000000,0.01264000,128690.90000000,0.01263000,68142.00000000,0.01274000,6306.90000000,0.01275000,14145.00000000,0.01276000,28637.90000000,0.01277000,110287.10000000,0.01278000,136771.70000000,0.01279000,151956.70000000,0.01280000,145933.80000000,0.01281000,72265.40000000,0.01282000,114478.80000000,0.01283000,78910.50000000,,,,,,,,,,,,,,,,,,,,,,,,,,,,,,,,,,,,,,,,,0.00005,
0,7,350,0.01291000,0.01287,-0.3098,1774137197089,0.01272000,82844.70000000,0.01271000,181713.40000000,0.01270000,29700.70000000,0.01269000,683378.90000000,0.01268000,90712.20000000,0.01267000,88050.00000000,0.01266000,34145.00000000,0.01265000,88050.00000000,0.01264000,128690.90000000,0.01263000,68142.00000000,0.01274000,6306.90000000,0.01275000,14145.00000000,0.01276000,28637.90000000,0.01277000,110287.10000000,0.01278000,136771.70000000,0.01279000,151956.70000000,0.01280000,145933.80000000,0.01281000,72265.40000000,0.01282000,114478.80000000,0.01283000,78910.50000000,,,,,,,,,,,,,,,,,,,,,,,,,,,,,,,,,,,,,,,,,0.00005,
0,7,350,0.01291000,0.01287,-0.3098,1774137197390,0.01272000,82844.70000000,0.01271000,148114.60000000,0.01270000,29700.70000000,0.01269000,683378.90000000,0.01268000,90712.20000000,0.01267000,88050.00000000,0.01266000,34145.00000000,0.01265000,88050.00000000,0.01264000,128690.90000000,0.01263000,68142.00000000,0.01274000,6306.90000000,0.01275000,14145.00000000,0.01276000,28637.90000000,0.01277000,110287.10000000,0.01278000,136256.10000000,0.01279000,151956.70000000,0.01280000,145933.80000000,0.01281000,72265.40000000,0.01282000,114478.80000000,0.01283000,78910.50000000,,,,,,,,,,,,,,,,,,,,,,,,,,,,,,,,,,,,,,,,,0.00005,
0,7,350,0.01291000,0.01287,-0.3098,1774137197691,0.01272000,82844.70000000,0.01271000,148114.60000000,0.01270000,29700.70000000,0.01269000,683378.90000000,0.01268000,90712.20000000,0.01267000,88050.00000000,0.01266000,34145.00000000,0.01265000,88050.00000000,0.01264000,128690.90000000,0.01263000,68142.00000000,0.01274000,6306.90000000,0.01275000,14145.00000000,0.01276000,28637.90000000,0.01277000,110287.10000000,0.01278000,136256.10000000,0.01279000,151956.70000000,0.01280000,145933.80000000,0.01281000,72265.40000000,0.01282000,114478.80000000,0.01283000,78910.50000000,,,,,,,,,,,,,,,,,,,,,,,,,,,,,,,,,,,,,,,,,0.00005,
0,7,350,0.01292000,0.01287,-0.387,1774137197992,0.01272000,82844.70000000,0.01271000,148114.60000000,0.01270000,29700.70000000,0.01269000,683378.90000000,0.01268000,90712.20000000,0.01267000,88050.00000000,0.01266000,34145.00000000,0.01265000,88050.00000000,0.01264000,128690.90000000,0.01263000,68142.00000000,0.01274000,6306.90000000,0.01275000,14145.00000000,0.01276000,28637.90000000,0.01277000,110287.10000000,0.01278000,136256.10000000,0.01279000,151956.70000000,0.01280000,145933.80000000,0.01281000,72265.40000000,0.01282000,114478.80000000,0.01283000,78910.50000000,,,,,,,,,,,,,,,,,,,,,,,,,,,,,,,,,,,,,,,,,0.00005,
0,7,350,0.01292000,0.01287,-0.387,1774137198292,0.01272000,82844.70000000,0.01271000,148114.60000000,0.01270000,29700.70000000,0.01269000,683378.90000000,0.01268000,90712.20000000,0.01267000,88050.00000000,0.01266000,34145.00000000,0.01265000,88050.00000000,0.01264000,128690.90000000,0.01263000,68142.00000000,0.01274000,6306.90000000,0.01275000,14145.00000000,0.01276000,28637.90000000,0.01277000,110287.10000000,0.01278000,136256.10000000,0.01279000,151956.70000000,0.01280000,145933.80000000,0.01281000,72265.40000000,0.01282000,114478.80000000,0.01283000,78910.50000000,,,,,,,,,,,,,,,,,,,,,,,,,,,,,,,,,,,,,,,,,0.00005,
0,7,350,0.01292000,0.01287,-0.387,1774137198593,0.01272000,82844.70000000,0.01271000,148114.60000000,0.01270000,29700.70000000,0.01269000,683378.90000000,0.01268000,90712.20000000,0.01267000,88050.00000000,0.01266000,34145.00000000,0.01265000,88050.00000000,0.01264000,128690.90000000,0.01263000,68142.00000000,0.01274000,6306.90000000,0.01275000,14145.00000000,0.01276000,28637.90000000,0.01277000,110287.10000000,0.01278000,136256.10000000,0.01279000,151956.70000000,0.01280000,145933.80000000,0.01281000,72265.40000000,0.01282000,114478.80000000,0.01283000,78910.50000000,,,,,,,,,,,,,,,,,,,,,,,,,,,,,,,,,,,,,,,,,0.00005,
0,7,350,0.01290000,0.01287,-0.2326,1774137198894,0.01272000,82844.70000000,0.01271000,148114.60000000,0.01270000,29700.70000000,0.01269000,683378.90000000,0.01268000,90712.20000000,0.01267000,88050.00000000,0.01266000,34145.00000000,0.01265000,88050.00000000,0.01264000,128690.90000000,0.01263000,68142.00000000,0.01274000,6306.90000000,0.01275000,14145.00000000,0.01276000,28637.90000000,0.01277000,110287.10000000,0.01278000,136256.10000000,0.01279000,151956.70000000,0.01280000,145933.80000000,0.01281000,72265.40000000,0.01282000,114478.80000000,0.01283000,78910.50000000,,,,,,,,,,,,,,,,,,,,,,,,,,,,,,,,,,,,,,,,,0.00005,
0,7,350,0.01291000,0.01286,-0.3873,1774137199195,0.01272000,82844.70000000,0.01271000,148114.60000000,0.01270000,29700.70000000,0.01269000,683378.90000000,0.01268000,90712.20000000,0.01267000,88050.00000000,0.01266000,34145.00000000,0.01265000,88050.00000000,0.01264000,128690.90000000,0.01263000,68142.00000000,0.01274000,6306.90000000,0.01275000,14145.00000000,0.01276000,28637.90000000,0.01277000,110287.10000000,0.01278000,136256.10000000,0.01279000,151956.70000000,0.01280000,145933.80000000,0.01281000,72265.40000000,0.01282000,114478.80000000,0.01283000,78910.50000000,,,,,,,,,,,,,,,,,,,,,,,,,,,,,,,,,,,,,,,,,0.00005,
0,7,350,0.01291000,0.01286,-0.3873,1774137199495,0.01272000,82844.70000000,0.01271000,148114.60000000,0.01270000,29700.70000000,0.01269000,683378.90000000,0.01268000,90712.20000000,0.01267000,88050.00000000,0.01266000,34145.00000000,0.01265000,88050.00000000,0.01264000,128690.90000000,0.01263000,68142.00000000,0.01274000,6306.90000000,0.01275000,14145.00000000,0.01276000,28637.90000000,0.01277000,110287.10000000,0.01278000,136256.10000000,0.01279000,151956.70000000,0.01280000,145933.80000000,0.01281000,72265.40000000,0.01282000,114478.80000000,0.01283000,78910.50000000,,,,,,,,,,,,,,,,,,,,,,,,,,,,,,,,,,,,,,,,,0.00005,
0,7,350,0.01292000,0.01286,-0.4644,1774137199796,0.01272000,82844.70000000,0.01271000,148114.60000000,0.01270000,29700.70000000,0.01269000,683378.90000000,0.01268000,90712.20000000,0.01267000,88050.00000000,0.01266000,34145.00000000,0.01265000,88050.00000000,0.01264000,128690.90000000,0.01263000,68142.00000000,0.01274000,6306.90000000,0.01275000,14145.00000000,0.01276000,28637.90000000,0.01277000,110287.10000000,0.01278000,136256.10000000,0.01279000,151956.70000000,0.01280000,145933.80000000,0.01281000,72265.40000000,0.01282000,114478.80000000,0.01283000,78910.50000000,,,,,,,,,,,,,,,,,,,,,,,,,,,,,,,,,,,,,,,,,0.00005,
0,7,350,0.01292000,0.01286,-0.4644,1774137200097,0.01272000,82844.70000000,0.01271000,148114.60000000,0.01270000,29700.70000000,0.01269000,683378.90000000,0.01268000,90712.20000000,0.01267000,88050.00000000,0.01266000,34145.00000000,0.01265000,88050.00000000,0.01264000,128690.90000000,0.01263000,68142.00000000,0.01274000,6306.90000000,0.01275000,14145.00000000,0.01276000,28637.90000000,0.01277000,110287.10000000,0.01278000,136256.10000000,0.01279000,151956.70000000,0.01280000,145933.80000000,0.01281000,72265.40000000,0.01282000,114478.80000000,0.01283000,78910.50000000,,,,,,,,,,,,,,,,,,,,,,,,,,,,,,,,,,,,,,,,,0.00005,
0,7,350,0.01292000,0.01286,-0.4644,1774137200397,0.01272000,82844.70000000,0.01271000,148114.60000000,0.01270000,29700.70000000,0.01269000,683378.90000000,0.01268000,90712.20000000,0.01267000,88050.00000000,0.01266000,34145.00000000,0.01265000,88050.00000000,0.01264000,128690.90000000,0.01263000,68142.00000000,0.01274000,6306.90000000,0.01275000,14145.00000000,0.01276000,28637.90000000,0.01277000,110287.10000000,0.01278000,136256.10000000,0.01279000,151956.70000000,0.01280000,145933.80000000,0.01281000,72265.40000000,0.01282000,114478.80000000,0.01283000,78910.50000000,,,,,,,,,,,,,,,,,,,,,,,,,,,,,,,,,,,,,,,,,0.00005,
0,7,350,0.01291000,0.01286,-0.3873,1774137200697,0.01272000,82844.70000000,0.01271000,148114.60000000,0.01270000,29700.70000000,0.01269000,683378.90000000,0.01268000,90712.20000000,0.01267000,88050.00000000,0.01266000,34145.00000000,0.01265000,88050.00000000,0.01264000,128690.90000000,0.01263000,68142.00000000,0.01274000,6306.90000000,0.01275000,14145.00000000,0.01276000,28637.90000000,0.01277000,110287.10000000,0.01278000,136256.10000000,0.01279000,151956.70000000,0.01280000,145933.80000000,0.01281000,72265.40000000,0.01282000,114478.80000000,0.01283000,78910.50000000,,,,,,,,,,,,,,,,,,,,,,,,,,,,,,,,,,,,,,,,,0.00005,
0,7,350,0.01290000,0.01286,-0.3101,1774137200999,0.01272000,82844.70000000,0.01271000,148114.60000000,0.01270000,29700.70000000,0.01269000,683378.90000000,0.01268000,90712.20000000,0.01267000,88050.00000000,0.01266000,34145.00000000,0.01265000,88050.00000000,0.01264000,128690.90000000,0.01263000,68142.00000000,0.01274000,6306.90000000,0.01275000,14145.00000000,0.01276000,28637.90000000,0.01277000,110287.10000000,0.01278000,136256.10000000,0.01279000,151956.70000000,0.01280000,145933.80000000,0.01281000,72265.40000000,0.01282000,114478.80000000,0.01283000,78910.50000000,,,,,,,,,,,,,,,,,,,,,,,,,,,,,,,,,,,,,,,,,0.00005,
0,7,350,0.01291000,0.01286,-0.3873,1774137201299,0.01272000,82844.70000000,0.01271000,148114.60000000,0.01270000,29700.70000000,0.01269000,683378.90000000,0.01268000,90712.20000000,0.01267000,88050.00000000,0.01266000,34145.00000000,0.01265000,88050.00000000,0.01264000,128690.90000000,0.01263000,68142.00000000,0.01274000,6306.90000000,0.01275000,14145.00000000,0.01276000,28637.90000000,0.01277000,110287.10000000,0.01278000,136256.10000000,0.01279000,151956.70000000,0.01280000,145933.80000000,0.01281000,72265.40000000,0.01282000,114478.80000000,0.01283000,78910.50000000,,,,,,,,,,,,,,,,,,,,,,,,,,,,,,,,,,,,,,,,,0.00005,
0,7,350,0.01291000,0.01286,-0.3873,1774137201600,0.01272000,82844.70000000,0.01271000,148114.60000000,0.01270000,29700.70000000,0.01269000,683378.90000000,0.01268000,90712.20000000,0.01267000,88050.00000000,0.01266000,34145.00000000,0.01265000,88050.00000000,0.01264000,128690.90000000,0.01263000,68142.00000000,0.01274000,6306.90000000,0.01275000,14145.00000000,0.01276000,28637.90000000,0.01277000,110287.10000000,0.01278000,136256.10000000,0.01279000,151956.70000000,0.01280000,145933.80000000,0.01281000,72265.40000000,0.01282000,114478.80000000,0.01283000,78910.50000000,,,,,,,,,,,,,,,,,,,,,,,,,,,,,,,,,,,,,,,,,0.00005,
0,7,350,0.01291000,0.01286,-0.3873,1774137201900,0.01272000,82844.70000000,0.01271000,148114.60000000,0.01270000,29700.70000000,0.01269000,683378.90000000,0.01268000,90712.20000000,0.01267000,88050.00000000,0.01266000,34145.00000000,0.01265000,88050.00000000,0.01264000,128690.90000000,0.01263000,68142.00000000,0.01274000,6306.90000000,0.01275000,14145.00000000,0.01276000,28637.90000000,0.01277000,110287.10000000,0.01278000,136256.10000000,0.01279000,151956.70000000,0.01280000,145933.80000000,0.01281000,72265.40000000,0.01282000,114478.80000000,0.01283000,78910.50000000,,,,,,,,,,,,,,,,,,,,,,,,,,,,,,,,,,,,,,,,,0.00005,
0,7,350,0.01291000,0.01286,-0.3873,1774137202201,0.01272000,82844.70000000,0.01271000,148114.60000000,0.01270000,29700.70000000,0.01269000,683378.90000000,0.01268000,90712.20000000,0.01267000,88050.00000000,0.01266000,34145.00000000,0.01265000,88050.00000000,0.01264000,128690.90000000,0.01263000,68142.00000000,0.01274000,6306.90000000,0.01275000,14145.00000000,0.01276000,28637.90000000,0.01277000,110287.10000000,0.01278000,136256.10000000,0.01279000,151956.70000000,0.01280000,145933.80000000,0.01281000,72265.40000000,0.01282000,114478.80000000,0.01283000,78910.50000000,,,,,,,,,,,,,,,,,,,,,,,,,,,,,,,,,,,,,,,,,0.00005,
0,7,350,0.01291000,0.01286,-0.3873,1774137202502,0.01272000,82844.70000000,0.01271000,148114.60000000,0.01270000,29700.70000000,0.01269000,683378.90000000,0.01268000,90712.20000000,0.01267000,88050.00000000,0.01266000,34145.00000000,0.01265000,88050.00000000,0.01264000,128690.90000000,0.01263000,68142.00000000,0.01274000,6306.90000000,0.01275000,14145.00000000,0.01276000,28637.90000000,0.01277000,110287.10000000,0.01278000,136256.10000000,0.01279000,151956.70000000,0.01280000,145933.80000000,0.01281000,72265.40000000,0.01282000,114478.80000000,0.01283000,78910.50000000,,,,,,,,,,,,,,,,,,,,,,,,,,,,,,,,,,,,,,,,,0.00005,
0,7,350,0.01291000,0.01286,-0.3873,1774137202803,0.01272000,82844.70000000,0.01271000,148114.60000000,0.01270000,29700.70000000,0.01269000,683378.90000000,0.01268000,90712.20000000,0.01267000,88050.00000000,0.01266000,34145.00000000,0.01265000,88050.00000000,0.01264000,128690.90000000,0.01263000,68142.00000000,0.01274000,6306.90000000,0.01275000,14145.00000000,0.01276000,28637.90000000,0.01277000,110287.10000000,0.01278000,136256.10000000,0.01279000,151956.70000000,0.01280000,145933.80000000,0.01281000,72265.40000000,0.01282000,114478.80000000,0.01283000,78910.50000000,,,,,,,,,,,,,,,,,,,,,,,,,,,,,,,,,,,,,,,,,0.00005,
0,7,350,0.01291000,0.01286,-0.3873,1774137203103,0.01272000,82844.70000000,0.01271000,148114.60000000,0.01270000,29700.70000000,0.01269000,683378.90000000,0.01268000,90712.20000000,0.01267000,88050.00000000,0.01266000,34145.00000000,0.01265000,88050.00000000,0.01264000,128690.90000000,0.01263000,68142.00000000,0.01274000,6306.90000000,0.01275000,14145.00000000,0.01276000,28637.90000000,0.01277000,110287.10000000,0.01278000,136256.10000000,0.01279000,151956.70000000,0.01280000,145933.80000000,0.01281000,72265.40000000,0.01282000,114478.80000000,0.01283000,78910.50000000,,,,,,,,,,,,,,,,,,,,,,,,,,,,,,,,,,,,,,,,,0.00005,
0,7,350,0.01291000,0.01286,-0.3873,1774137203404,0.01272000,82844.70000000,0.01271000,148114.60000000,0.01270000,29700.70000000,0.01269000,683378.90000000,0.01268000,90712.20000000,0.01267000,88050.00000000,0.01266000,34145.00000000,0.01265000,88050.00000000,0.01264000,128690.90000000,0.01263000,68142.00000000,0.01274000,6306.90000000,0.01275000,14145.00000000,0.01276000,28637.90000000,0.01277000,110287.10000000,0.01278000,136256.10000000,0.01279000,151956.70000000,0.01280000,145933.80000000,0.01281000,72265.40000000,0.01282000,114478.80000000,0.01283000,78910.50000000,,,,,,,,,,,,,,,,,,,,,,,,,,,,,,,,,,,,,,,,,0.00005,
0,7,350,0.01290000,0.01284,-0.4651,1774137203705,0.01272000,82844.70000000,0.01271000,148114.60000000,0.01270000,29700.70000000,0.01269000,683378.90000000,0.01268000,90712.20000000,0.01267000,88050.00000000,0.01266000,34145.00000000,0.01265000,88050.00000000,0.01264000,128690.90000000,0.01263000,68142.00000000,0.01274000,6306.90000000,0.01275000,14145.00000000,0.01276000,28637.90000000,0.01277000,110287.10000000,0.01278000,136256.10000000,0.01279000,151956.70000000,0.01280000,145933.80000000,0.01281000,72265.40000000,0.01282000,114478.80000000,0.01283000,78910.50000000,,,,,,,,,,,,,,,,,,,,,,,,,,,,,,,,,,,,,,,,,0.00005,
0,7,350,0.01289000,0.01284,-0.3879,1774137204005,0.01272000,82844.70000000,0.01271000,148114.60000000,0.01270000,29700.70000000,0.01269000,683378.90000000,0.01268000,90712.20000000,0.01267000,88050.00000000,0.01266000,34145.00000000,0.01265000,88050.00000000,0.01264000,128690.90000000,0.01263000,68142.00000000,0.01274000,6306.90000000,0.01275000,14145.00000000,0.01276000,28637.90000000,0.01277000,110287.10000000,0.01278000,136256.10000000,0.01279000,151956.70000000,0.01280000,145933.80000000,0.01281000,72265.40000000,0.01282000,114478.80000000,0.01283000,78910.50000000,,,,,,,,,,,,,,,,,,,,,,,,,,,,,,,,,,,,,,,,,0.00005,
0,7,350,0.01289000,0.01284,-0.3879,1774137204306,0.01272000,82844.70000000,0.01271000,148114.60000000,0.01270000,29700.70000000,0.01269000,683378.90000000,0.01268000,90712.20000000,0.01267000,88050.00000000,0.01266000,34145.00000000,0.01265000,88050.00000000,0.01264000,128690.90000000,0.01263000,68142.00000000,0.01274000,6306.90000000,0.01275000,14145.00000000,0.01276000,28637.90000000,0.01277000,110287.10000000,0.01278000,136256.10000000,0.01279000,151956.70000000,0.01280000,145933.80000000,0.01281000,72265.40000000,0.01282000,114478.80000000,0.01283000,78910.50000000,,,,,,,,,,,,,,,,,,,,,,,,,,,,,,,,,,,,,,,,,0.00005,
0,7,350,0.01289000,0.01284,-0.3879,1774137204607,0.01272000,82844.70000000,0.01271000,148114.60000000,0.01270000,29700.70000000,0.01269000,683378.90000000,0.01268000,90712.20000000,0.01267000,88050.00000000,0.01266000,34145.00000000,0.01265000,88050.00000000,0.01264000,128690.90000000,0.01263000,68142.00000000,0.01274000,6306.90000000,0.01275000,14145.00000000,0.01276000,28637.90000000,0.01277000,110287.10000000,0.01278000,136256.10000000,0.01279000,151956.70000000,0.01280000,145933.80000000,0.01281000,72265.40000000,0.01282000,114478.80000000,0.01283000,78910.50000000,,,,,,,,,,,,,,,,,,,,,,,,,,,,,,,,,,,,,,,,,0.00005,
0,7,350,0.01289000,0.01284,-0.3879,1774137204908,0.01272000,82844.70000000,0.01271000,148114.60000000,0.01270000,29700.70000000,0.01269000,683378.90000000,0.01268000,90712.20000000,0.01267000,88050.00000000,0.01266000,34145.00000000,0.01265000,88050.00000000,0.01264000,128690.90000000,0.01263000,68142.00000000,0.01274000,6306.90000000,0.01275000,14145.00000000,0.01276000,28637.90000000,0.01277000,110287.10000000,0.01278000,136256.10000000,0.01279000,151956.70000000,0.01280000,145933.80000000,0.01281000,72265.40000000,0.01282000,114478.80000000,0.01283000,78910.50000000,,,,,,,,,,,,,,,,,,,,,,,,,,,,,,,,,,,,,,,,,0.00005,
0,7,350,0.01288000,0.01284,-0.3106,1774137205208,0.01272000,82844.70000000,0.01271000,148114.60000000,0.01270000,29700.70000000,0.01269000,683378.90000000,0.01268000,90712.20000000,0.01267000,88050.00000000,0.01266000,34145.00000000,0.01265000,88050.00000000,0.01264000,128690.90000000,0.01263000,68142.00000000,0.01274000,6306.90000000,0.01275000,14145.00000000,0.01276000,28637.90000000,0.01277000,110287.10000000,0.01278000,136256.10000000,0.01279000,151956.70000000,0.01280000,145933.80000000,0.01281000,72265.40000000,0.01282000,114478.80000000,0.01283000,78910.50000000,,,,,,,,,,,,,,,,,,,,,,,,,,,,,,,,,,,,,,,,,0.00005,
0,7,350,0.01288000,0.01284,-0.3106,1774137205509,0.01272000,82844.70000000,0.01271000,148114.60000000,0.01270000,29700.70000000,0.01269000,683378.90000000,0.01268000,90712.20000000,0.01267000,88050.00000000,0.01266000,34145.00000000,0.01265000,88050.00000000,0.01264000,128690.90000000,0.01263000,68142.00000000,0.01274000,6306.90000000,0.01275000,14145.00000000,0.01276000,28637.90000000,0.01277000,110287.10000000,0.01278000,136256.10000000,0.01279000,151956.70000000,0.01280000,145933.80000000,0.01281000,72265.40000000,0.01282000,114478.80000000,0.01283000,78910.50000000,,,,,,,,,,,,,,,,,,,,,,,,,,,,,,,,,,,,,,,,,0.00005,
0,7,350,0.01288000,0.01284,-0.3106,1774137205809,0.01286000,5820.00000000,0.01285000,122733.30000000,0.01284000,215535.10000000,0.01283000,37740.70000000,0.01282000,88150.00000000,0.01281000,125327.60000000,0.01280000,83729.60000000,0.01279000,301963.70000000,0.01278000,92663.80000000,0.01277000,11585.30000000,0.01288000,57386.70000000,0.01289000,46158.50000000,0.01290000,62049.20000000,0.01291000,204412.40000000,0.01292000,206818.00000000,0.01293000,248146.30000000,0.01294000,64082.00000000,0.01295000,218993.90000000,0.01296000,18547.90000000,0.01297000,200108.50000000,,,,,,,,,,,,,,,,,,,,,,,,,,,,,,,,,,,,,,,,,0.00005,
0,7,350,0.01288000,0.01284,-0.3106,1774137206110,0.01286000,5820.00000000,0.01285000,122733.30000000,0.01284000,215535.10000000,0.01283000,37740.70000000,0.01282000,88150.00000000,0.01281000,166518.90000000,0.01280000,83729.60000000,0.01279000,301963.70000000,0.01278000,92663.80000000,0.01277000,11585.30000000,0.01288000,57266.10000000,0.01289000,46158.50000000,0.01290000,62049.20000000,0.01291000,204412.40000000,0.01292000,206818.00000000,0.01293000,248146.30000000,0.01294000,64082.00000000,0.01295000,219285.40000000,0.01296000,18547.90000000,0.01297000,200108.50000000,,,,,,,,,,,,,,,,,,,,,,,,,,,,,,,,,,,,,,,,,0.00005,
0,7,350,0.01287000,0.01282,-0.3885,1774137206411,0.01286000,5820.00000000,0.01285000,122733.30000000,0.01284000,215535.10000000,0.01283000,37740.70000000,0.01282000,88150.00000000,0.01281000,166518.90000000,0.01280000,83729.60000000,0.01279000,301963.70000000,0.01278000,92663.80000000,0.01277000,11585.30000000,0.01288000,57386.70000000,0.01289000,46158.50000000,0.01290000,62049.20000000,0.01291000,204412.40000000,0.01292000,206818.00000000,0.01293000,248146.30000000,0.01294000,64082.00000000,0.01295000,219285.40000000,0.01296000,18547.90000000,0.01297000,200108.50000000,,,,,,,,,,,,,,,,,,,,,,,,,,,,,,,,,,,,,,,,,0.00005,
0,7,350,0.01287000,0.01282,-0.3885,1774137206711,0.01284000,14145.00000000,0.01283000,167062.30000000,0.01282000,88150.00000000,0.01281000,134743.30000000,0.01280000,185077.20000000,0.01279000,28325.00000000,0.01278000,88142.00000000,0.01277000,8325.00000000,0.01276000,166857.60000000,0.01275000,8325.00000000,0.01287000,65545.00000000,0.01288000,65222.70000000,0.01289000,207116.50000000,0.01290000,199353.40000000,0.01291000,200282.70000000,0.01292000,63926.50000000,0.01293000,258190.70000000,0.01294000,61307.30000000,0.01295000,219047.00000000,0.01296000,18547.90000000,,,,,,,,,,,,,,,,,,,,,,,,,,,,,,,,,,,,,,,,,0.00005,
0,7,350,0.01287000,0.01282,-0.3885,1774137207012,0.01285000,5820.00000000,0.01284000,73870.00000000,0.01283000,167062.30000000,0.01282000,88150.00000000,0.01281000,134743.30000000,0.01280000,185077.20000000,0.01279000,66042.00000000,0.01278000,88142.00000000,0.01277000,8325.00000000,0.01276000,166857.60000000,0.01287000,52762.50000000,0.01288000,65222.70000000,0.01289000,201296.50000000,0.01290000,199353.40000000,0.01291000,200282.70000000,0.01292000,63926.50000000,0.01293000,258257.00000000,0.01294000,61307.30000000,0.01295000,171144.30000000,0.01296000,18547.90000000,,,,,,,,,,,,,,,,,,,,,,,,,,,,,,,,,,,,,,,,,0.00005,
0,7,350,0.01287000,0.01282,-0.3885,1774137207313,0.01285000,5820.00000000,0.01284000,73870.00000000,0.01283000,167062.30000000,0.01282000,88150.00000000,0.01281000,134743.30000000,0.01280000,185077.20000000,0.01279000,64303.80000000,0.01278000,88142.00000000,0.01277000,8325.00000000,0.01276000,166857.60000000,0.01287000,55871.20000000,0.01288000,62114.00000000,0.01289000,201296.50000000,0.01290000,199353.40000000,0.01291000,200282.70000000,0.01292000,63926.50000000,0.01293000,258257.00000000,0.01294000,64145.60000000,0.01295000,171144.30000000,0.01296000,18547.90000000,,,,,,,,,,,,,,,,,,,,,,,,,,,,,,,,,,,,,,,,,0.00005,
0,7,350,0.01286000,0.01282,-0.311,1774137207613,0.01285000,5820.00000000,0.01284000,73870.00000000,0.01283000,65703.50000000,0.01282000,189294.40000000,0.01281000,134743.30000000,0.01280000,185077.20000000,0.01279000,28325.00000000,0.01278000,88142.00000000,0.01277000,28325.00000000,0.01276000,166857.60000000,0.01286000,52801.90000000,0.01287000,55871.20000000,0.01288000,62114.00000000,0.01289000,201296.50000000,0.01290000,199353.40000000,0.01291000,200282.70000000,0.01292000,63926.50000000,0.01293000,258257.00000000,0.01294000,16232.40000000,0.01295000,171144.30000000,,,,,,,,,,,,,,,,,,,,,,,,,,,,,,,,,,,,,,,,,0.00005,
0,7,350,0.01286000,0.01282,-0.311,1774137207914,0.01285000,5820.00000000,0.01284000,73870.00000000,0.01283000,65703.50000000,0.01282000,189294.40000000,0.01281000,134743.30000000,0.01280000,185077.20000000,0.01279000,28325.00000000,0.01278000,88142.00000000,0.01277000,28325.00000000,0.01276000,166857.60000000,0.01286000,43144.90000000,0.01287000,55750.60000000,0.01288000,62114.00000000,0.01289000,201296.50000000,0.01290000,199353.40000000,0.01291000,200282.70000000,0.01292000,63926.50000000,0.01293000,258257.00000000,0.01294000,16232.40000000,0.01295000,171144.30000000,,,,,,,,,,,,,,,,,,,,,,,,,,,,,,,,,,,,,,,,,0.00005,
0,7,350,0.01286000,0.01282,-0.311,1774137208215,0.01284000,14145.00000000,0.01283000,65703.50000000,0.01282000,189294.40000000,0.01281000,134743.30000000,0.01280000,185077.20000000,0.01279000,73844.80000000,0.01278000,125767.10000000,0.01277000,28325.00000000,0.01276000,166857.60000000,0.01275000,8325.00000000,0.01286000,54166.90000000,0.01287000,52280.20000000,0.01288000,62114.00000000,0.01289000,201296.50000000,0.01290000,207123.40000000,0.01291000,200282.70000000,0.01292000,63926.50000000,0.01293000,258255.90000000,0.01294000,16232.40000000,0.01295000,188830.60000000,,,,,,,,,,,,,,,,,,,,,,,,,,,,,,,,,,,,,,,,,0.00005,
0,7,350,0.01286000,0.01282,-0.311,1774137208515,0.01284000,14145.00000000,0.01283000,166926.10000000,0.01282000,88150.00000000,0.01281000,134743.30000000,0.01280000,185077.20000000,0.01279000,28325.00000000,0.01278000,125767.10000000,0.01277000,28325.00000000,0.01276000,186857.60000000,0.01275000,8325.00000000,0.01286000,54166.90000000,0.01287000,52280.20000000,0.01288000,62114.00000000,0.01289000,201296.50000000,0.01290000,207123.40000000,0.01291000,200282.70000000,0.01292000,63926.50000000,0.01293000,258255.90000000,0.01294000,16232.40000000,0.01295000,188830.60000000,,,,,,,,,,,,,,,,,,,,,,,,,,,,,,,,,,,,,,,,,0.00005,
0,7,350,0.01286000,0.01282,-0.311,1774137208816,0.01284000,14145.00000000,0.01283000,166926.10000000,0.01282000,88150.00000000,0.01281000,134743.30000000,0.01280000,185077.20000000,0.01279000,28325.00000000,0.01278000,123355.80000000,0.01277000,28325.00000000,0.01276000,186857.60000000,0.01275000,8325.00000000,0.01286000,54166.90000000,0.01287000,52280.20000000,0.01288000,62114.00000000,0.01289000,201296.50000000,0.01290000,105775.80000000,0.01291000,200282.70000000,0.01292000,63926.50000000,0.01293000,258274.50000000,0.01294000,16232.40000000,0.01295000,188830.60000000,,,,,,,,,,,,,,,,,,,,,,,,,,,,,,,,,,,,,,,,,0.00005,
0,7,350,0.01286000,0.01282,-0.311,1774137209116,0.01284000,14145.00000000,0.01283000,166926.10000000,0.01282000,88150.00000000,0.01281000,134743.30000000,0.01280000,185077.20000000,0.01279000,28325.00000000,0.01278000,88142.00000000,0.01277000,28325.00000000,0.01276000,186857.60000000,0.01275000,8325.00000000,0.01286000,54166.90000000,0.01287000,52280.20000000,0.01288000,62114.00000000,0.01289000,201296.50000000,0.01290000,105775.80000000,0.01291000,200282.70000000,0.01292000,63926.50000000,0.01293000,258255.90000000,0.01294000,16232.40000000,0.01295000,188830.60000000,,,,,,,,,,,,,,,,,,,,,,,,,,,,,,,,,,,,,,,,,0.00005,
0,7,350,0.01286000,0.01282,-0.311,1774137209417,0.01284000,14145.00000000,0.01283000,166926.10000000,0.01282000,88150.00000000,0.01281000,134743.30000000,0.01280000,185077.20000000,0.01279000,28325.00000000,0.01278000,88142.00000000,0.01277000,28325.00000000,0.01276000,186857.60000000,0.01275000,8325.00000000,0.01286000,54166.90000000,0.01287000,52280.20000000,0.01288000,62114.00000000,0.01289000,201296.50000000,0.01290000,105775.80000000,0.01291000,200282.70000000,0.01292000,63926.50000000,0.01293000,258255.90000000,0.01294000,16232.40000000,0.01295000,188830.60000000,,,,,,,,,,,,,,,,,,,,,,,,,,,,,,,,,,,,,,,,,0.00005,
0,7,350,0.01286000,0.01282,-0.311,1774137209718,0.01284000,14145.00000000,0.01283000,166926.10000000,0.01282000,88150.00000000,0.01281000,134743.30000000,0.01280000,185077.20000000,0.01279000,28325.00000000,0.01278000,88142.00000000,0.01277000,28325.00000000,0.01276000,186857.60000000,0.01275000,8325.00000000,0.01286000,54166.90000000,0.01287000,52280.20000000,0.01288000,62114.00000000,0.01289000,201296.50000000,0.01290000,105775.80000000,0.01291000,200282.70000000,0.01292000,63926.50000000,0.01293000,258551.00000000,0.01294000,16232.40000000,0.01295000,188830.60000000,,,,,,,,,,,,,,,,,,,,,,,,,,,,,,,,,,,,,,,,,0.00005,
0,7,350,0.01286000,0.01282,-0.311,1774137210019,0.01284000,14145.00000000,0.01283000,166926.10000000,0.01282000,88150.00000000,0.01281000,134743.30000000,0.01280000,185077.20000000,0.01279000,76794.00000000,0.01278000,136611.00000000,0.01277000,28325.00000000,0.01276000,186857.60000000,0.01275000,8325.00000000,0.01286000,9411.00000000,0.01287000,52280.20000000,0.01288000,62114.00000000,0.01289000,201296.50000000,0.01290000,105775.80000000,0.01291000,200282.70000000,0.01292000,63926.50000000,0.01293000,255535.70000000,0.01294000,57153.70000000,0.01295000,188830.60000000,,,,,,,,,,,,,,,,,,,,,,,,,,,,,,,,,,,,,,,,,0.00005,
0,7,350,0.01286000,0.01282,-0.311,1774137210319,0.01284000,14145.00000000,0.01283000,166926.10000000,0.01282000,88150.00000000,0.01281000,134743.30000000,0.01280000,185077.20000000,0.01279000,76794.00000000,0.01278000,136611.00000000,0.01277000,76794.00000000,0.01276000,186857.60000000,0.01275000,8325.00000000,0.01286000,46329.20000000,0.01287000,52280.20000000,0.01288000,62114.00000000,0.01289000,201296.50000000,0.01290000,105775.80000000,0.01291000,200282.70000000,0.01292000,63926.50000000,0.01293000,255535.70000000,0.01294000,16232.40000000,0.01295000,188830.60000000,,,,,,,,,,,,,,,,,,,,,,,,,,,,,,,,,,,,,,,,,0.00005,
0,7,350,0.01286000,0.01282,-0.311,1774137210619,0.01284000,14145.00000000,0.01283000,166926.10000000,0.01282000,88150.00000000,0.01281000,134743.30000000,0.01280000,185077.20000000,0.01279000,72006.10000000,0.01278000,136611.00000000,0.01277000,76794.00000000,0.01276000,186857.60000000,0.01275000,8325.00000000,0.01286000,46329.20000000,0.01287000,52280.20000000,0.01288000,62114.00000000,0.01289000,201296.50000000,0.01290000,105775.80000000,0.01291000,200282.70000000,0.01292000,63926.50000000,0.01293000,258757.00000000,0.01294000,16232.40000000,0.01295000,188830.60000000,,,,,,,,,,,,,,,,,,,,,,,,,,,,,,,,,,,,,,,,,0.00005,
0,7,350,0.01286000,0.01282,-0.311,1774137210920,0.01284000,14145.00000000,0.01283000,166926.10000000,0.01282000,88150.00000000,0.01281000,134743.30000000,0.01280000,185077.20000000,0.01279000,76850.70000000,0.01278000,136611.00000000,0.01277000,76794.00000000,0.01276000,186857.60000000,0.01275000,8325.00000000,0.01286000,46329.20000000,0.01287000,52280.20000000,0.01288000,62114.00000000,0.01289000,201296.50000000,0.01290000,105775.80000000,0.01291000,200282.70000000,0.01292000,63926.50000000,0.01293000,258757.00000000,0.01294000,16232.40000000,0.01295000,188830.60000000,,,,,,,,,,,,,,,,,,,,,,,,,,,,,,,,,,,,,,,,,0.00005,
0,7,350,0.01286000,0.01282,-0.311,1774137211220,0.01285000,5719.90000000,0.01284000,14145.00000000,0.01283000,166926.10000000,0.01282000,89055.10000000,0.01281000,134743.30000000,0.01280000,185077.20000000,0.01279000,76850.70000000,0.01278000,136667.70000000,0.01277000,126735.50000000,0.01276000,230504.90000000,0.01286000,43804.00000000,0.01287000,52280.20000000,0.01288000,62114.00000000,0.01289000,201812.10000000,0.01290000,105775.80000000,0.01291000,200282.70000000,0.01292000,63926.50000000,0.01293000,258813.70000000,0.01294000,16232.40000000,0.01295000,188830.60000000,,,,,,,,,,,,,,,,,,,,,,,,,,,,,,,,,,,,,,,,,0.00005,
0,7,350,0.01286000,0.01282,-0.311,1774137211521,0.01285000,5719.90000000,0.01284000,34145.00000000,0.01283000,166926.10000000,0.01282000,89055.10000000,0.01281000,134743.30000000,0.01280000,185077.20000000,0.01279000,28325.00000000,0.01278000,136667.70000000,0.01277000,126735.50000000,0.01276000,230504.90000000,0.01286000,43804.00000000,0.01287000,52280.20000000,0.01288000,62114.00000000,0.01289000,201812.10000000,0.01290000,105775.80000000,0.01291000,200282.70000000,0.01292000,63926.50000000,0.01293000,258813.70000000,0.01294000,16232.40000000,0.01295000,188830.60000000,,,,,,,,,,,,,,,,,,,,,,,,,,,,,,,,,,,,,,,,,0.00005,
0,7,350,0.01286000,0.01282,-0.311,1774137211821,0.01285000,5719.90000000,0.01284000,71191.80000000,0.01283000,129547.60000000,0.01282000,90265.60000000,0.01281000,134743.30000000,0.01280000,185077.20000000,0.01279000,77024.20000000,0.01278000,136667.70000000,0.01277000,126735.50000000,0.01276000,230504.90000000,0.01286000,58780.20000000,0.01287000,52280.20000000,0.01288000,62114.00000000,0.01289000,201812.10000000,0.01290000,98005.80000000,0.01291000,200282.70000000,0.01292000,63926.50000000,0.01293000,254820.80000000,0.01294000,32575.10000000,0.01295000,188830.60000000,,,,,,,,,,,,,,,,,,,,,,,,,,,,,,,,,,,,,,,,,0.00005,
0,7,350,0.01286000,0.01282,-0.311,1774137212122,0.01285000,5719.90000000,0.01284000,71191.80000000,0.01283000,129547.60000000,0.01282000,88150.00000000,0.01281000,134743.30000000,0.01280000,185077.20000000,0.01279000,77024.20000000,0.01278000,136667.70000000,0.01277000,126735.50000000,0.01276000,230504.90000000,0.01286000,58780.20000000,0.01287000,52280.20000000,0.01288000,62114.00000000,0.01289000,201296.50000000,0.01290000,98005.80000000,0.01291000,200282.70000000,0.01292000,63926.50000000,0.01293000,254820.80000000,0.01294000,32575.10000000,0.01295000,188830.60000000,,,,,,,,,,,,,,,,,,,,,,,,,,,,,,,,,,,,,,,,,0.00005,
0,7,350,0.01286000,0.01282,-0.311,1774137212423,0.01285000,5719.90000000,0.01284000,71191.80000000,0.01283000,129547.60000000,0.01282000,88150.00000000,0.01281000,134743.30000000,0.01280000,185077.20000000,0.01279000,77024.20000000,0.01278000,136667.70000000,0.01277000,126735.50000000,0.01276000,230504.90000000,0.01286000,58780.20000000,0.01287000,52280.20000000,0.01288000,62114.00000000,0.01289000,201296.50000000,0.01290000,98005.80000000,0.01291000,200282.70000000,0.01292000,63926.50000000,0.01293000,254820.80000000,0.01294000,32575.10000000,0.01295000,188830.60000000,,,,,,,,,,,,,,,,,,,,,,,,,,,,,,,,,,,,,,,,,0.00005,
0,7,350,0.01286000,0.01282,-0.311,1774137212723,0.01284000,51191.80000000,0.01283000,129547.60000000,0.01282000,88150.00000000,0.01281000,134743.30000000,0.01280000,185077.20000000,0.01279000,28325.00000000,0.01278000,136860.10000000,0.01277000,126735.50000000,0.01276000,230504.90000000,0.01275000,56850.70000000,0.01286000,55359.50000000,0.01287000,52280.20000000,0.01288000,62114.00000000,0.01289000,201296.50000000,0.01290000,98005.80000000,0.01291000,200282.70000000,0.01292000,63926.50000000,0.01293000,250888.20000000,0.01294000,32575.10000000,0.01295000,188830.60000000,,,,,,,,,,,,,,,,,,,,,,,,,,,,,,,,,,,,,,,,,0.00005,
0,7,350,0.01286000,0.01282,-0.311,1774137213024,0.01284000,51191.80000000,0.01283000,129547.60000000,0.01282000,88150.00000000,0.01281000,134743.30000000,0.01280000,185077.20000000,0.01279000,77134.30000000,0.01278000,136860.10000000,0.01277000,126735.50000000,0.01276000,230504.90000000,0.01275000,56850.70000000,0.01286000,55841.80000000,0.01287000,52280.20000000,0.01288000,62114.00000000,0.01289000,201296.50000000,0.01290000,98005.80000000,0.01291000,200282.70000000,0.01292000,63926.50000000,0.01293000,250888.20000000,0.01294000,32575.10000000,0.01295000,188830.60000000,,,,,,,,,,,,,,,,,,,,,,,,,,,,,,,,,,,,,,,,,0.00005,
0,7,350,0.01286000,0.01282,-0.311,1774137213325,0.01284000,51191.80000000,0.01283000,129547.60000000,0.01282000,88150.00000000,0.01281000,134743.30000000,0.01280000,185077.20000000,0.01279000,77134.30000000,0.01278000,136860.10000000,0.01277000,126735.50000000,0.01276000,230504.90000000,0.01275000,56850.70000000,0.01286000,55841.80000000,0.01287000,52280.20000000,0.01288000,62114.00000000,0.01289000,201296.50000000,0.01290000,98005.80000000,0.01291000,200282.70000000,0.01292000,63926.50000000,0.01293000,250888.20000000,0.01294000,32575.10000000,0.01295000,188830.60000000,,,,,,,,,,,,,,,,,,,,,,,,,,,,,,,,,,,,,,,,,0.00005,
0,7,350,0.01287000,0.01282,-0.3885,1774137213626,0.01285000,90.10000000,0.01284000,51191.80000000,0.01283000,129547.60000000,0.01282000,88150.00000000,0.01281000,134743.30000000,0.01280000,185077.20000000,0.01279000,77134.30000000,0.01278000,136860.10000000,0.01277000,126735.50000000,0.01276000,230504.90000000,0.01286000,56236.80000000,0.01287000,52280.20000000,0.01288000,62114.00000000,0.01289000,201296.50000000,0.01290000,98005.80000000,0.01291000,200282.70000000,0.01292000,63926.50000000,0.01293000,250888.20000000,0.01294000,32575.10000000,0.01295000,188830.60000000,,,,,,,,,,,,,,,,,,,,,,,,,,,,,,,,,,,,,,,,,0.00005,
0,7,350,0.01287000,0.01282,-0.3885,1774137213927,0.01285000,5910.10000000,0.01284000,51191.80000000,0.01283000,129547.60000000,0.01282000,136959.30000000,0.01281000,183552.60000000,0.01280000,185077.20000000,0.01279000,77134.30000000,0.01278000,136860.10000000,0.01277000,126735.50000000,0.01276000,230504.90000000,0.01287000,52280.20000000,0.01288000,62114.00000000,0.01289000,201296.50000000,0.01290000,98005.80000000,0.01291000,200282.70000000,0.01292000,63926.50000000,0.01293000,250888.20000000,0.01294000,71510.10000000,0.01295000,188830.60000000,0.01296000,22837.00000000,,,,,,,,,,,,,,,,,,,,,,,,,,,,,,,,,,,,,,,,,0.00005,
0,7,350,0.01286000,0.01282,-0.311,1774137214228,0.01285000,6272.90000000,0.01284000,71191.80000000,0.01283000,129547.60000000,0.01282000,88150.00000000,0.01281000,134743.30000000,0.01280000,185077.20000000,0.01279000,77134.30000000,0.01278000,136860.10000000,0.01277000,126735.50000000,0.01276000,230504.90000000,0.01286000,35471.90000000,0.01287000,52280.20000000,0.01288000,62114.00000000,0.01289000,201296.50000000,0.01290000,98005.80000000,0.01291000,200282.70000000,0.01292000,63926.50000000,0.01293000,250888.20000000,0.01294000,71510.10000000,0.01295000,188830.60000000,,,,,,,,,,,,,,,,,,,,,,,,,,,,,,,,,,,,,,,,,0.00005,
0,7,350,0.01286000,0.01282,-0.311,1774137214529,0.01285000,6272.90000000,0.01284000,71191.80000000,0.01283000,129547.60000000,0.01282000,88150.00000000,0.01281000,134743.30000000,0.01280000,185077.20000000,0.01279000,77134.30000000,0.01278000,136860.10000000,0.01277000,126735.50000000,0.01276000,230504.90000000,0.01286000,35471.90000000,0.01287000,52280.20000000,0.01288000,62114.00000000,0.01289000,201296.50000000,0.01290000,98005.80000000,0.01291000,200282.70000000,0.01292000,63926.50000000,0.01293000,250888.20000000,0.01294000,71510.10000000,0.01295000,188830.60000000,,,,,,,,,,,,,,,,,,,,,,,,,,,,,,,,,,,,,,,,,0.00005,
