spot_source_id,fut_source_id,symbol_id,ask_spot,bid_futures,spread_pct,ts,s_b1,s_b2,s_b3,s_b4,s_b5,s_b6,s_b7,s_b8,s_b9,s_b10,s_bq1,s_bq2,s_bq3,s_bq4,s_bq5,s_bq6,s_bq7,s_bq8,s_bq9,s_bq10,s_a1,s_a2,s_a3,s_a4,s_a5,s_a6,s_a7,s_a8,s_a9,s_a10,s_aq1,s_aq2,s_aq3,s_aq4,s_aq5,s_aq6,s_aq7,s_aq8,s_aq9,s_aq10,f_b1,f_b2,f_b3,f_b4,f_b5,f_b6,f_b7,f_b8,f_b9,f_b10,f_bq1,f_bq2,f_bq3,f_bq4,f_bq5,f_bq6,f_bq7,f_bq8,f_bq9,f_bq10,f_a1,f_a2,f_a3,f_a4,f_a5,f_a6,f_a7,f_a8,f_a9,f_a10,f_aq1,f_aq2,f_aq3,f_aq4,f_aq5,f_aq6,f_aq7,f_aq8,f_aq9,f_aq10,fr_r,fr_ft
0,7,54,0.68100000,0.6795,-0.2203,1774137102000,0.68000000,57807.52000000,0.67900000,56075.09000000,0.67800000,61289.93000000,0.67700000,65802.67000000,0.67600000,114909.11000000,0.67500000,67961.10000000,0.67400000,39089.75000000,0.67300000,29179.31000000,0.67200000,72237.86000000,0.67100000,53296.21000000,0.68100000,36865.22000000,0.68200000,73608.49000000,0.68300000,127268.92000000,0.68400000,95518.16000000,0.68500000,72833.47000000,0.68600000,22598.98000000,0.68700000,28549.44000000,0.68800000,41320.05000000,0.68900000,54895.06000000,0.69000000,39660.67000000,,,,,,,,,,,,,,,,,,,,,,,,,,,,,,,,,,,,,,,,,0.000022,
0,7,54,0.68100000,0.6795,-0.2203,1774137103000,0.68000000,52112.56000000,0.67900000,57188.06000000,0.67800000,64113.66000000,0.67700000,65802.67000000,0.67600000,115088.86000000,0.67500000,67961.10000000,0.67400000,40203.10000000,0.67300000,29179.31000000,0.67200000,72237.86000000,0.67100000,53296.21000000,0.68100000,41320.26000000,0.68200000,69172.39000000,0.68300000,127268.92000000,0.68400000,95518.16000000,0.68500000,72833.47000000,0.68600000,22598.98000000,0.68700000,28549.44000000,0.68800000,41320.05000000,0.68900000,54895.06000000,0.69000000,39660.67000000,,,,,,,,,,,,,,,,,,,,,,,,,,,,,,,,,,,,,,,,,0.000022,
0,7,54,0.68100000,0.6793,-0.2496,1774137104000,0.68000000,46985.91000000,0.67900000,53987.82000000,0.67800000,64682.03000000,0.67700000,65802.67000000,0.67600000,114909.11000000,0.67500000,61961.10000000,0.67400000,45089.75000000,0.67300000,29179.31000000,0.67200000,72237.86000000,0.67100000,53296.21000000,0.68100000,60397.91000000,0.68200000,69172.39000000,0.68300000,130634.52000000,0.68400000,91466.25000000,0.68500000,55225.26000000,0.68600000,22598.98000000,0.68700000,28549.44000000,0.68800000,41320.05000000,0.68900000,54895.06000000,0.69000000,39660.67000000,,,,,,,,,,,,,,,,,,,,,,,,,,,,,,,,,,,,,,,,,0.000022,
0,7,54,0.68100000,0.6788,-0.3231,1774137105000,0.67900000,50403.43000000,0.67800000,63167.72000000,0.67700000,65441.85000000,0.67600000,114940.09000000,0.67500000,67194.97000000,0.67400000,50273.65000000,0.67300000,30746.41000000,0.67200000,72237.86000000,0.67100000,53296.21000000,0.67000000,69282.10000000,0.68000000,32791.32000000,0.68100000,75105.86000000,0.68200000,62600.97000000,0.68300000,96039.64000000,0.68400000,75529.99000000,0.68500000,49052.42000000,0.68600000,18731.84000000,0.68700000,20925.72000000,0.68800000,41320.05000000,0.68900000,53228.20000000,,,,,,,,,,,,,,,,,,,,,,,,,,,,,,,,,,,,,,,,,0.000022,
0,7,54,0.68000000,0.6783,-0.25,1774137106000,0.67900000,31075.02000000,0.67800000,56403.37000000,0.67700000,57959.75000000,0.67600000,60133.15000000,0.67500000,67194.97000000,0.67400000,113969.65000000,0.67300000,34262.51000000,0.67200000,72063.76000000,0.67100000,53296.21000000,0.67000000,73328.37000000,0.68000000,64523.30000000,0.68100000,78590.64000000,0.68200000,78732.65000000,0.68300000,96977.95000000,0.68400000,49852.03000000,0.68500000,49063.79000000,0.68600000,18617.92000000,0.68700000,50485.64000000,0.68800000,41330.33000000,0.68900000,53228.20000000,,,,,,,,,,,,,,,,,,,,,,,,,,,,,,,,,,,,,,,,,,
0,7,54,0.68000000,0.6788,-0.1765,1774137107000,0.67900000,40589.94000000,0.67800000,58246.24000000,0.67700000,55597.23000000,0.67600000,60273.82000000,0.67500000,72623.65000000,0.67400000,109567.60000000,0.67300000,29853.99000000,0.67200000,72063.76000000,0.67100000,53296.21000000,0.67000000,69649.20000000,0.68000000,39586.32000000,0.68100000,82696.69000000,0.68200000,82765.19000000,0.68300000,99425.10000000,0.68400000,67625.99000000,0.68500000,49052.42000000,0.68600000,18617.92000000,0.68700000,50485.64000000,0.68800000,41330.33000000,0.68900000,53228.20000000,,,,,,,,,,,,,,,,,,,,,,,,,,,,,,,,,,,,,,,,,0.000022,
0,7,54,0.68000000,0.6789,-0.1618,1774137108000,0.67900000,46271.33000000,0.67800000,58902.04000000,0.67700000,69168.25000000,0.67600000,46648.92000000,0.67500000,72694.25000000,0.67400000,109558.16000000,0.67300000,30046.97000000,0.67200000,71871.06000000,0.67100000,53296.21000000,0.67000000,69649.20000000,0.68000000,13058.73000000,0.68100000,94404.24000000,0.68200000,69863.89000000,0.68300000,92976.38000000,0.68400000,67746.09000000,0.68500000,48721.86000000,0.68600000,18617.92000000,0.68700000,50727.72000000,0.68800000,41346.19000000,0.68900000,56901.96000000,,,,,,,,,,,,,,,,,,,,,,,,,,,,,,,,,,,,,,,,,0.000022,
0,7,54,0.68000000,0.679,-0.1471,1774137109000,0.67900000,51076.76000000,0.67800000,54100.62000000,0.67700000,69168.25000000,0.67600000,46648.92000000,0.67500000,72694.25000000,0.67400000,109558.16000000,0.67300000,30046.97000000,0.67200000,71871.06000000,0.67100000,53296.21000000,0.67000000,69649.20000000,0.68000000,14026.43000000,0.68100000,94740.13000000,0.68200000,90357.17000000,0.68300000,92976.38000000,0.68400000,67746.09000000,0.68500000,48732.13000000,0.68600000,18617.92000000,0.68700000,56727.72000000,0.68800000,35346.19000000,0.68900000,56901.96000000,,,,,,,,,,,,,,,,,,,,,,,,,,,,,,,,,,,,,,,,,0.000022,
0,7,54,0.68000000,0.6788,-0.1765,1774137110000,0.67900000,42509.65000000,0.67800000,59455.73000000,0.67700000,69168.25000000,0.67600000,47228.21000000,0.67500000,84280.05000000,0.67400000,109558.16000000,0.67300000,34461.98000000,0.67200000,71871.06000000,0.67100000,53296.21000000,0.67000000,69649.20000000,0.68000000,24430.90000000,0.68100000,95874.64000000,0.68200000,82038.02000000,0.68300000,92976.38000000,0.68400000,67846.09000000,0.68500000,48721.86000000,0.68600000,18959.20000000,0.68700000,56727.72000000,0.68800000,35346.19000000,0.68900000,53228.20000000,,,,,,,,,,,,,,,,,,,,,,,,,,,,,,,,,,,,,,,,,,
0,7,54,0.68000000,0.6788,-0.1765,1774137111000,0.67900000,43514.72000000,0.67800000,60460.80000000,0.67700000,70173.32000000,0.67600000,53106.41000000,0.67500000,78487.15000000,0.67400000,109558.16000000,0.67300000,34461.98000000,0.67200000,71871.06000000,0.67100000,53296.21000000,0.67000000,69649.20000000,0.68000000,25093.92000000,0.68100000,102524.11000000,0.68200000,82038.02000000,0.68300000,93054.21000000,0.68400000,67768.26000000,0.68500000,48721.86000000,0.68600000,18959.20000000,0.68700000,56727.72000000,0.68800000,35346.19000000,0.68900000,53228.20000000,,,,,,,,,,,,,,,,,,,,,,,,,,,,,,,,,,,,,,,,,,
0,7,54,0.68000000,0.6788,-0.1765,1774137112000,0.67900000,43883.56000000,0.67800000,60460.80000000,0.67700000,70173.32000000,0.67600000,53106.41000000,0.67500000,78487.15000000,0.67400000,109558.16000000,0.67300000,34269.00000000,0.67200000,72064.04000000,0.67100000,53296.21000000,0.67000000,69649.20000000,0.68000000,26710.63000000,0.68100000,104851.03000000,0.68200000,78994.96000000,0.68300000,93054.21000000,0.68400000,67768.26000000,0.68500000,43592.42000000,0.68600000,18959.20000000,0.68700000,56727.72000000,0.68800000,35346.19000000,0.68900000,53228.20000000,,,,,,,,,,,,,,,,,,,,,,,,,,,,,,,,,,,,,,,,,,
0,7,54,0.68000000,0.6789,-0.1618,1774137113000,0.67900000,44271.39000000,0.67800000,60460.80000000,0.67700000,70173.32000000,0.67600000,53106.41000000,0.67500000,78487.15000000,0.67400000,109558.16000000,0.67300000,34269.00000000,0.67200000,72064.04000000,0.67100000,53296.21000000,0.67000000,69649.20000000,0.68000000,26162.63000000,0.68100000,104786.11000000,0.68200000,78994.96000000,0.68300000,93054.21000000,0.68400000,67768.26000000,0.68500000,43592.42000000,0.68600000,18959.20000000,0.68700000,56727.72000000,0.68800000,35346.19000000,0.68900000,53228.20000000,,,,,,,,,,,,,,,,,,,,,,,,,,,,,,,,,,,,,,,,,,
0,7,54,0.68000000,0.6788,-0.1765,1774137114000,0.67900000,43624.55000000,0.67800000,60468.23000000,0.67700000,70173.32000000,0.67600000,53205.99000000,0.67500000,78487.15000000,0.67400000,109558.16000000,0.67300000,34269.00000000,0.67200000,72064.04000000,0.67100000,53296.21000000,0.67000000,69649.20000000,0.68000000,26378.08000000,0.68100000,98533.93000000,0.68200000,89464.22000000,0.68300000,93054.21000000,0.68400000,67768.26000000,0.68500000,39543.87000000,0.68600000,18959.20000000,0.68700000,56727.72000000,0.68800000,35389.00000000,0.68900000,53228.20000000,,,,,,,,,,,,,,,,,,,,,,,,,,,,,,,,,,,,,,,,,,
0,7,54,0.68000000,0.6789,-0.1618,1774137115000,0.67900000,43550.97000000,0.67800000,60468.23000000,0.67700000,70173.32000000,0.67600000,53205.99000000,0.67500000,78487.15000000,0.67400000,109558.16000000,0.67300000,34269.00000000,0.67200000,72064.04000000,0.67100000,53296.21000000,0.67000000,69649.20000000,0.68000000,26710.63000000,0.68100000,104348.50000000,0.68200000,83056.46000000,0.68300000,93054.21000000,0.68400000,67768.26000000,0.68500000,35495.92000000,0.68600000,18959.20000000,0.68700000,56727.72000000,0.68800000,35389.00000000,0.68900000,53228.20000000,,,,,,,,,,,,,,,,,,,,,,,,,,,,,,,,,,,,,,,,,0.000022,
0,7,54,0.68000000,0.6787,-0.1912,1774137116000,0.67900000,43477.39000000,0.67800000,60468.23000000,0.67700000,70173.32000000,0.67600000,53250.78000000,0.67500000,78487.15000000,0.67400000,103558.16000000,0.67300000,40269.00000000,0.67200000,72064.04000000,0.67100000,53296.21000000,0.67000000,69649.20000000,0.68000000,26742.63000000,0.68100000,104348.50000000,0.68200000,87117.36000000,0.68300000,93054.21000000,0.68400000,67768.26000000,0.68500000,35495.92000000,0.68600000,18959.20000000,0.68700000,56727.72000000,0.68800000,35389.00000000,0.68900000,53228.20000000,,,,,,,,,,,,,,,,,,,,,,,,,,,,,,,,,,,,,,,,,,
0,7,54,0.68000000,0.6787,-0.1912,1774137117000,0.67900000,43477.39000000,0.67800000,60468.23000000,0.67700000,70173.32000000,0.67600000,53250.78000000,0.67500000,78487.15000000,0.67400000,103558.16000000,0.67300000,40269.00000000,0.67200000,72064.04000000,0.67100000,53296.21000000,0.67000000,69649.20000000,0.68000000,26742.63000000,0.68100000,104348.50000000,0.68200000,87117.36000000,0.68300000,92268.85000000,0.68400000,67768.26000000,0.68500000,35507.39000000,0.68600000,18959.20000000,0.68700000,56727.72000000,0.68800000,35389.00000000,0.68900000,53228.20000000,,,,,,,,,,,,,,,,,,,,,,,,,,,,,,,,,,,,,,,,,,
0,7,54,0.68000000,0.6787,-0.1912,1774137118000,0.67900000,43477.39000000,0.67800000,60468.23000000,0.67700000,70173.32000000,0.67600000,53151.20000000,0.67500000,78487.15000000,0.67400000,103558.16000000,0.67300000,40269.00000000,0.67200000,72064.04000000,0.67100000,53296.21000000,0.67000000,69649.20000000,0.68000000,26710.63000000,0.68100000,102870.74000000,0.68200000,87117.36000000,0.68300000,92268.85000000,0.68400000,67768.26000000,0.68500000,35495.92000000,0.68600000,18959.20000000,0.68700000,57227.72000000,0.68800000,35389.00000000,0.68900000,52728.20000000,,,,,,,,,,,,,,,,,,,,,,,,,,,,,,,,,,,,,,,,,,
0,7,54,0.68000000,0.6788,-0.1765,1774137119000,0.67900000,43236.72000000,0.67800000,60468.23000000,0.67700000,66562.00000000,0.67600000,53151.20000000,0.67500000,78487.15000000,0.67400000,103558.16000000,0.67300000,40269.00000000,0.67200000,72064.04000000,0.67100000,53296.21000000,0.67000000,69649.20000000,0.68000000,28694.22000000,0.68100000,102948.57000000,0.68200000,86442.56000000,0.68300000,92771.81000000,0.68400000,67768.26000000,0.68500000,35507.39000000,0.68600000,18959.20000000,0.68700000,57227.72000000,0.68800000,34506.00000000,0.68900000,52728.20000000,,,,,,,,,,,,,,,,,,,,,,,,,,,,,,,,,,,,,,,,,0.000022,
0,7,54,0.68000000,0.6786,-0.2059,1774137120000,0.67900000,40148.29000000,0.67800000,60468.23000000,0.67700000,66562.00000000,0.67600000,56826.97000000,0.67500000,78487.15000000,0.67400000,103558.16000000,0.67300000,40269.00000000,0.67200000,72064.04000000,0.67100000,53296.21000000,0.67000000,69649.20000000,0.68000000,29866.22000000,0.68100000,102948.57000000,0.68200000,86442.56000000,0.68300000,92771.81000000,0.68400000,67768.26000000,0.68500000,35507.39000000,0.68600000,18959.20000000,0.68700000,57227.72000000,0.68800000,34506.00000000,0.68900000,52728.20000000,,,,,,,,,,,,,,,,,,,,,,,,,,,,,,,,,,,,,,,,,0.000022,
0,7,54,0.68000000,0.6785,-0.2206,1774137121000,0.67900000,26525.87000000,0.67800000,54236.49000000,0.67700000,60354.27000000,0.67600000,67276.25000000,0.67500000,78487.15000000,0.67400000,103558.16000000,0.67300000,40269.00000000,0.67200000,72064.04000000,0.67100000,53296.21000000,0.67000000,73328.37000000,0.68000000,52363.59000000,0.68100000,97824.38000000,0.68200000,90504.07000000,0.68300000,84886.32000000,0.68400000,49302.76000000,0.68500000,35525.69000000,0.68600000,18959.20000000,0.68700000,57227.72000000,0.68800000,34487.70000000,0.68900000,52728.20000000,,,,,,,,,,,,,,,,,,,,,,,,,,,,,,,,,,,,,,,,,0.000023,
0,7,54,0.68000000,0.6776,-0.3529,1774137122000,0.67800000,49786.22000000,0.67700000,63760.43000000,0.67600000,66472.35000000,0.67500000,78487.15000000,0.67400000,108499.53000000,0.67300000,46884.20000000,0.67200000,62846.48000000,0.67100000,57711.22000000,0.67000000,82025.22000000,0.66900000,120194.90000000,0.67900000,26567.42000000,0.68000000,69981.94000000,0.68100000,88086.86000000,0.68200000,84540.42000000,0.68300000,73843.89000000,0.68400000,55134.12000000,0.68500000,21453.31000000,0.68600000,18959.20000000,0.68700000,66401.37000000,0.68800000,34487.70000000,,,,,,,,,,,,,,,,,,,,,,,,,,,,,,,,,,,,,,,,,0.000023,
0,7,54,0.68000000,0.6776,-0.3529,1774137123000,0.67800000,32353.67000000,0.67700000,64675.10000000,0.67600000,62728.20000000,0.67500000,82218.82000000,0.67400000,108499.53000000,0.67300000,46884.20000000,0.67200000,62653.50000000,0.67100000,57904.20000000,0.67000000,82025.22000000,0.66900000,120194.90000000,0.67900000,33890.19000000,0.68000000,78044.11000000,0.68100000,111629.49000000,0.68200000,81359.53000000,0.68300000,65809.39000000,0.68400000,54140.44000000,0.68500000,22516.54000000,0.68600000,50218.27000000,0.68700000,64526.10000000,0.68800000,30808.53000000,,,,,,,,,,,,,,,,,,,,,,,,,,,,,,,,,,,,,,,,,0.000023,
0,7,54,0.68000000,0.6773,-0.3971,1774137124000,0.67800000,29223.94000000,0.67700000,66647.25000000,0.67600000,62728.20000000,0.67500000,82218.82000000,0.67400000,108743.35000000,0.67300000,46384.20000000,0.67200000,63153.50000000,0.67100000,57904.20000000,0.67000000,82025.22000000,0.66900000,120194.90000000,0.67900000,36917.23000000,0.68000000,71040.80000000,0.68100000,120857.29000000,0.68200000,81068.20000000,0.68300000,66283.10000000,0.68400000,54243.02000000,0.68500000,22564.14000000,0.68600000,50218.27000000,0.68700000,65428.50000000,0.68800000,30808.53000000,,,,,,,,,,,,,,,,,,,,,,,,,,,,,,,,,,,,,,,,,0.000023,
0,7,54,0.67900000,0.677,-0.2946,1774137125000,0.67800000,29464.57000000,0.67700000,65975.57000000,0.67600000,56273.69000000,0.67500000,91708.82000000,0.67400000,108544.29000000,0.67300000,46384.20000000,0.67200000,63153.50000000,0.67100000,57904.20000000,0.67000000,82025.22000000,0.66900000,120194.90000000,0.67900000,38236.94000000,0.68000000,79195.41000000,0.68100000,130051.29000000,0.68200000,81068.20000000,0.68300000,66283.10000000,0.68400000,54243.02000000,0.68500000,22564.14000000,0.68600000,50218.27000000,0.68700000,64544.20000000,0.68800000,30808.53000000,,,,,,,,,,,,,,,,,,,,,,,,,,,,,,,,,,,,,,,,,0.000023,
0,7,54,0.67900000,0.6772,-0.2651,1774137126000,0.67800000,30419.24000000,0.67700000,64975.57000000,0.67600000,53239.20000000,0.67500000,92713.89000000,0.67400000,108544.29000000,0.67300000,46384.20000000,0.67200000,63153.50000000,0.67100000,57904.20000000,0.67000000,82025.22000000,0.66900000,123879.49000000,0.67900000,38079.94000000,0.68000000,78595.41000000,0.68100000,130051.29000000,0.68200000,81068.20000000,0.68300000,66283.10000000,0.68400000,54243.02000000,0.68500000,22564.14000000,0.68600000,50218.27000000,0.68700000,64544.20000000,0.68800000,30808.53000000,,,,,,,,,,,,,,,,,,,,,,,,,,,,,,,,,,,,,,,,,0.000023,
0,7,54,0.67900000,0.677,-0.2946,1774137127000,0.67800000,19233.22000000,0.67700000,63105.58000000,0.67600000,59825.20000000,0.67500000,92713.89000000,0.67400000,108725.65000000,0.67300000,46384.20000000,0.67200000,63153.50000000,0.67100000,57904.20000000,0.67000000,82025.22000000,0.66900000,123879.49000000,0.67900000,61622.08000000,0.68000000,66557.50000000,0.68100000,130051.29000000,0.68200000,81068.20000000,0.68300000,66135.77000000,0.68400000,34722.91000000,0.68500000,22335.08000000,0.68600000,50218.27000000,0.68700000,64544.20000000,0.68800000,30808.53000000,,,,,,,,,,,,,,,,,,,,,,,,,,,,,,,,,,,,,,,,,0.000023,
0,7,54,0.67900000,0.6773,-0.2504,1774137128000,0.67700000,61511.35000000,0.67600000,54094.07000000,0.67500000,86131.50000000,0.67400000,44883.31000000,0.67300000,51183.24000000,0.67200000,127908.50000000,0.67100000,57904.20000000,0.67000000,86446.73000000,0.66900000,123879.49000000,0.66800000,32520.36000000,0.67800000,23849.14000000,0.67900000,68729.29000000,0.68000000,71221.68000000,0.68100000,107145.35000000,0.68200000,73176.81000000,0.68300000,60907.00000000,0.68400000,22596.67000000,0.68500000,22335.08000000,0.68600000,50218.27000000,0.68700000,59897.23000000,,,,,,,,,,,,,,,,,,,,,,,,,,,,,,,,,,,,,,,,,,
0,7,54,0.67900000,0.6769,-0.3093,1774137129000,0.67800000,15870.55000000,0.67700000,60323.73000000,0.67600000,51312.60000000,0.67500000,86132.07000000,0.67400000,45368.75000000,0.67300000,46465.43000000,0.67200000,125602.88000000,0.67100000,57904.20000000,0.67000000,82933.54000000,0.66900000,123879.49000000,0.67900000,73974.92000000,0.68000000,66694.32000000,0.68100000,107941.61000000,0.68200000,69797.95000000,0.68300000,60915.41000000,0.68400000,18639.28000000,0.68500000,23335.08000000,0.68600000,50218.27000000,0.68700000,63581.82000000,0.68800000,30666.36000000,,,,,,,,,,,,,,,,,,,,,,,,,,,,,,,,,,,,,,,,,0.000023,
0,7,54,0.67900000,0.6772,-0.2651,1774137130000,0.67800000,11738.52000000,0.67700000,62085.94000000,0.67600000,50827.20000000,0.67500000,86617.77000000,0.67400000,44759.22000000,0.67300000,50050.03000000,0.67200000,100777.69000000,0.67100000,31699.87000000,0.67000000,51598.75000000,0.66900000,93549.47000000,0.67900000,84552.19000000,0.68000000,59531.72000000,0.68100000,107941.61000000,0.68200000,69797.95000000,0.68300000,60915.41000000,0.68400000,18639.28000000,0.68500000,23262.32000000,0.68600000,50218.27000000,0.68700000,63581.82000000,0.68800000,30666.36000000,,,,,,,,,,,,,,,,,,,,,,,,,,,,,,,,,,,,,,,,,0.000023,
0,7,54,0.67900000,0.6771,-0.2798,1774137131000,0.67700000,51508.52000000,0.67600000,56029.76000000,0.67500000,86625.33000000,0.67400000,44881.54000000,0.67300000,43955.68000000,0.67200000,111610.78000000,0.67100000,31699.87000000,0.67000000,51598.75000000,0.66900000,93549.47000000,0.66800000,31878.93000000,0.67800000,25341.82000000,0.67900000,78555.56000000,0.68000000,58311.30000000,0.68100000,120299.51000000,0.68200000,69026.95000000,0.68300000,60905.15000000,0.68400000,17834.57000000,0.68500000,23262.32000000,0.68600000,50218.27000000,0.68700000,59897.23000000,,,,,,,,,,,,,,,,,,,,,,,,,,,,,,,,,,,,,,,,,,
0,7,54,0.67900000,0.677,-0.2946,1774137132000,0.67800000,24298.15000000,0.67700000,66484.58000000,0.67600000,51159.75000000,0.67500000,86617.77000000,0.67400000,44932.73000000,0.67300000,43945.38000000,0.67200000,105377.69000000,0.67100000,31699.87000000,0.67000000,51598.75000000,0.66900000,92666.47000000,0.67900000,72616.13000000,0.68000000,67528.66000000,0.68100000,129423.07000000,0.68200000,69026.95000000,0.68300000,60915.45000000,0.68400000,19152.08000000,0.68500000,23262.32000000,0.68600000,50218.27000000,0.68700000,64466.12000000,0.68800000,30666.36000000,,,,,,,,,,,,,,,,,,,,,,,,,,,,,,,,,,,,,,,,,0.000023,
0,7,54,0.67900000,0.6767,-0.3387,1774137133000,0.67700000,53044.01000000,0.67600000,55055.81000000,0.67500000,80832.43000000,0.67400000,44932.73000000,0.67300000,43955.68000000,0.67200000,106777.69000000,0.67100000,31699.87000000,0.67000000,56020.26000000,0.66900000,93550.77000000,0.66800000,30993.33000000,0.67800000,23566.72000000,0.67900000,77654.44000000,0.68000000,63338.84000000,0.68100000,129562.84000000,0.68200000,69026.95000000,0.68300000,60915.45000000,0.68400000,19152.08000000,0.68500000,29262.32000000,0.68600000,50218.27000000,0.68700000,54781.53000000,,,,,,,,,,,,,,,,,,,,,,,,,,,,,,,,,,,,,,,,,0.000023,
0,7,54,0.67900000,0.6761,-0.4271,1774137134000,0.67700000,52452.91000000,0.67600000,56679.51000000,0.67500000,80832.43000000,0.67400000,44932.73000000,0.67300000,43955.68000000,0.67200000,106777.69000000,0.67100000,31699.87000000,0.67000000,56026.79000000,0.66900000,93550.77000000,0.66800000,30993.33000000,0.67800000,18515.30000000,0.67900000,79724.31000000,0.68000000,62433.52000000,0.68100000,119799.00000000,0.68200000,69026.95000000,0.68300000,60905.15000000,0.68400000,19152.08000000,0.68500000,29262.32000000,0.68600000,50218.27000000,0.68700000,58466.12000000,,,,,,,,,,,,,,,,,,,,,,,,,,,,,,,,,,,,,,,,,0.000023,
0,7,54,0.67900000,0.6744,-0.6775,1774137135000,0.67800000,9414.36000000,0.67700000,67993.06000000,0.67600000,51821.44000000,0.67500000,84582.87000000,0.67400000,44887.97000000,0.67300000,39195.09000000,0.67200000,108277.69000000,0.67100000,31699.87000000,0.67000000,51598.75000000,0.66900000,93552.07000000,0.67900000,75691.35000000,0.68000000,66407.11000000,0.68100000,120577.56000000,0.68200000,69026.95000000,0.68300000,60915.45000000,0.68400000,19152.08000000,0.68500000,29262.32000000,0.68600000,50218.27000000,0.68700000,58466.12000000,0.68800000,30666.36000000,,,,,,,,,,,,,,,,,,,,,,,,,,,,,,,,,,,,,,,,,0.000023,
0,7,54,0.67900000,0.6747,-0.6333,1774137136000,0.67700000,53827.01000000,0.67600000,59806.80000000,0.67500000,84490.43000000,0.67400000,45497.50000000,0.67300000,44896.48000000,0.67200000,107482.94000000,0.67100000,57904.20000000,0.67000000,81781.66000000,0.66900000,123885.85000000,0.66800000,31764.15000000,0.67800000,24036.55000000,0.67900000,78854.10000000,0.68000000,62433.52000000,0.68100000,116340.00000000,0.68200000,69026.95000000,0.68300000,60905.15000000,0.68400000,19312.10000000,0.68500000,29262.32000000,0.68600000,50218.27000000,0.68700000,54781.53000000,,,,,,,,,,,,,,,,,,,,,,,,,,,,,,,,,,,,,,,,,0.000023,
0,7,54,0.67900000,0.6749,-0.6038,1774137137000,0.67700000,53923.53000000,0.67600000,59806.80000000,0.67500000,84490.43000000,0.67400000,45655.48000000,0.67300000,44896.48000000,0.67200000,107482.94000000,0.67100000,57904.20000000,0.67000000,81788.19000000,0.66900000,123885.85000000,0.66800000,31764.15000000,0.67800000,18023.68000000,0.67900000,79504.53000000,0.68000000,62433.52000000,0.68100000,116340.00000000,0.68200000,69224.49000000,0.68300000,58605.33000000,0.68400000,19212.10000000,0.68500000,29262.32000000,0.68600000,50218.27000000,0.68700000,54781.53000000,,,,,,,,,,,,,,,,,,,,,,,,,,,,,,,,,,,,,,,,,0.000023,
0,7,54,0.67900000,0.6749,-0.6038,1774137138000,0.67700000,43529.32000000,0.67600000,59806.80000000,0.67500000,84490.43000000,0.67400000,51291.30000000,0.67300000,44896.48000000,0.67200000,112352.87000000,0.67100000,57904.20000000,0.67000000,81788.19000000,0.66900000,123885.85000000,0.66800000,24369.06000000,0.67800000,23861.77000000,0.67900000,76373.53000000,0.68000000,62433.52000000,0.68100000,112218.18000000,0.68200000,65192.39000000,0.68300000,58616.84000000,0.68400000,17780.67000000,0.68500000,29262.32000000,0.68600000,50218.27000000,0.68700000,53897.23000000,,,,,,,,,,,,,,,,,,,,,,,,,,,,,,,,,,,,,,,,,0.000023,
0,7,54,0.67900000,0.6753,-0.5449,1774137139000,0.67700000,42330.49000000,0.67600000,60748.38000000,0.67500000,80362.39000000,0.67400000,55077.91000000,0.67300000,50653.87000000,0.67200000,117645.77000000,0.67100000,57711.22000000,0.67000000,77553.70000000,0.66900000,65263.89000000,0.66800000,28059.09000000,0.67800000,24735.63000000,0.67900000,80832.55000000,0.68000000,76238.68000000,0.68100000,112511.60000000,0.68200000,61082.46000000,0.68300000,57663.90000000,0.68400000,17780.67000000,0.68500000,56153.01000000,0.68600000,50218.27000000,0.68700000,54782.83000000,,,,,,,,,,,,,,,,,,,,,,,,,,,,,,,,,,,,,,,,,0.000023,
0,7,54,0.67900000,0.6758,-0.4713,1774137140000,0.67600000,51992.55000000,0.67500000,87775.86000000,0.67400000,52600.70000000,0.67300000,51233.16000000,0.67200000,116404.70000000,0.67100000,39722.22000000,0.67000000,68336.85000000,0.66900000,65263.89000000,0.66800000,37470.57000000,0.66700000,28587.99000000,0.67700000,15663.38000000,0.67800000,63971.11000000,0.67900000,103817.88000000,0.68000000,71740.07000000,0.68100000,88287.29000000,0.68200000,60638.85000000,0.68300000,16805.14000000,0.68400000,17822.02000000,0.68500000,65371.80000000,0.68600000,50218.27000000,,,,,,,,,,,,,,,,,,,,,,,,,,,,,,,,,,,,,,,,,0.000023,
0,7,54,0.67900000,0.6759,-0.4566,1774137141000,0.67500000,62685.65000000,0.67400000,60187.69000000,0.67300000,63375.91000000,0.67200000,116405.20000000,0.67100000,49799.94000000,0.67000000,74318.38000000,0.66900000,65457.73000000,0.66800000,37470.57000000,0.66700000,34155.73000000,0.66600000,86577.40000000,0.67600000,14531.55000000,0.67700000,63407.41000000,0.67800000,63197.27000000,0.67900000,94241.08000000,0.68000000,59329.63000000,0.68100000,74293.48000000,0.68200000,19399.10000000,0.68300000,17695.40000000,0.68400000,44951.58000000,0.68500000,60763.72000000,,,,,,,,,,,,,,,,,,,,,,,,,,,,,,,,,,,,,,,,,0.000023,
0,7,54,0.67900000,0.6755,-0.5155,1774137142000,0.67500000,27717.29000000,0.67400000,60944.62000000,0.67300000,60967.91000000,0.67200000,56682.01000000,0.67100000,50816.47000000,0.67000000,121733.00000000,0.66900000,60835.85000000,0.66800000,37470.57000000,0.66700000,29104.21000000,0.66600000,90278.36000000,0.67600000,24854.99000000,0.67700000,67813.79000000,0.67800000,84033.78000000,0.67900000,96064.68000000,0.68000000,59346.01000000,0.68100000,73474.35000000,0.68200000,18330.14000000,0.68300000,43729.76000000,0.68400000,44969.98000000,0.68500000,55981.46000000,,,,,,,,,,,,,,,,,,,,,,,,,,,,,,,,,,,,,,,,,0.000023,
0,7,54,0.67900000,0.6747,-0.6333,1774137143000,0.67500000,31272.66000000,0.67400000,60520.88000000,0.67300000,61729.75000000,0.67200000,61123.16000000,0.67100000,46401.46000000,0.67000000,115475.04000000,0.66900000,60835.85000000,0.66800000,38575.45000000,0.66700000,29111.00000000,0.66600000,86428.76000000,0.67600000,27594.49000000,0.67700000,71012.35000000,0.67800000,81671.78000000,0.67900000,96367.27000000,0.68000000,59466.14000000,0.68100000,74249.86000000,0.68200000,36113.51000000,0.68300000,50810.94000000,0.68400000,44969.98000000,0.68500000,55240.70000000,,,,,,,,,,,,,,,,,,,,,,,,,,,,,,,,,,,,,,,,,0.000023,
0,7,54,0.67200000,0.67,-0.2976,1774137148000,0.67600000,31894.59000000,0.67500000,55578.38000000,0.67400000,64484.19000000,0.67300000,62666.58000000,0.67200000,57616.17000000,0.67100000,45134.39000000,0.67000000,105923.14000000,0.66900000,61029.69000000,0.66800000,63496.72000000,0.66700000,24521.81000000,0.67700000,16368.29000000,0.67800000,68071.58000000,0.67900000,66116.44000000,0.68000000,77588.62000000,0.68100000,72733.37000000,0.68200000,42066.90000000,0.68300000,67023.11000000,0.68400000,52469.98000000,0.68500000,58247.00000000,0.68600000,45736.14000000,,,,,,,,,,,,,,,,,,,,,,,,,,,,,,,,,,,,,,,,,0.000023,
0,7,54,0.67200000,0.6693,-0.4018,1774137149000,0.67600000,31904.89000000,0.67500000,55910.93000000,0.67400000,64484.19000000,0.67300000,58997.58000000,0.67200000,57652.68000000,0.67100000,34706.35000000,0.67000000,105923.14000000,0.66900000,67029.69000000,0.66800000,63496.72000000,0.66700000,24635.15000000,0.67700000,16664.69000000,0.67800000,70831.15000000,0.67900000,74493.52000000,0.68000000,77588.62000000,0.68100000,72733.37000000,0.68200000,42066.90000000,0.68300000,67023.11000000,0.68400000,52469.98000000,0.68500000,58253.54000000,0.68600000,45736.14000000,,,,,,,,,,,,,,,,,,,,,,,,,,,,,,,,,,,,,,,,,0.000023,
0,7,54,0.67200000,0.6703,-0.253,1774137150000,0.67600000,40423.81000000,0.67500000,55910.93000000,0.67400000,64222.70000000,0.67300000,58997.58000000,0.67200000,57652.68000000,0.67100000,29307.21000000,0.67000000,106216.98000000,0.66900000,66835.85000000,0.66800000,63496.72000000,0.66700000,28330.64000000,0.67700000,7782.84000000,0.67800000,74083.77000000,0.67900000,74493.52000000,0.68000000,77588.62000000,0.68100000,72962.43000000,0.68200000,42077.20000000,0.68300000,69030.12000000,0.68400000,52469.98000000,0.68500000,54563.51000000,0.68600000,45736.14000000,,,,,,,,,,,,,,,,,,,,,,,,,,,,,,,,,,,,,,,,,0.000023,
0,7,54,0.67200000,0.6683,-0.5506,1774137151000,0.67700000,11751.62000000,0.67600000,50865.34000000,0.67500000,55243.18000000,0.67400000,64215.14000000,0.67300000,59039.32000000,0.67200000,57851.56000000,0.67100000,29307.21000000,0.67000000,106216.98000000,0.66900000,66835.85000000,0.66800000,63496.72000000,0.67800000,70264.48000000,0.67900000,84020.05000000,0.68000000,94896.42000000,0.68100000,72962.43000000,0.68200000,47188.13000000,0.68300000,69030.12000000,0.68400000,52469.98000000,0.68500000,58259.00000000,0.68600000,45736.14000000,0.68700000,10235.65000000,,,,,,,,,,,,,,,,,,,,,,,,,,,,,,,,,,,,,,,,,0.000023,
0,7,54,0.67200000,0.6639,-1.2054,1774137152000,0.67700000,11751.62000000,0.67600000,55705.76000000,0.67500000,50118.75000000,0.67400000,64215.14000000,0.67300000,59031.18000000,0.67200000,57851.56000000,0.67100000,29307.21000000,0.67000000,106216.98000000,0.66900000,66835.85000000,0.66800000,63496.72000000,0.67800000,75841.87000000,0.67900000,75532.18000000,0.68000000,94883.83000000,0.68100000,72962.43000000,0.68200000,47188.13000000,0.68300000,69030.12000000,0.68400000,52469.98000000,0.68500000,58259.00000000,0.68600000,45736.14000000,0.68700000,10235.65000000,,,,,,,,,,,,,,,,,,,,,,,,,,,,,,,,,,,,,,,,,0.000023,
0,7,54,0.67200000,0.6613,-1.5923,1774137153000,0.67600000,41733.63000000,0.67500000,55594.81000000,0.67400000,70015.60000000,0.67300000,59031.18000000,0.67200000,53410.41000000,0.67100000,39528.15000000,0.67000000,106216.98000000,0.66900000,66835.85000000,0.66800000,63496.72000000,0.66700000,28330.64000000,0.67700000,18851.41000000,0.67800000,72165.71000000,0.67900000,87973.27000000,0.68000000,99297.71000000,0.68100000,73076.35000000,0.68200000,42188.50000000,0.68300000,69017.01000000,0.68400000,52469.98000000,0.68500000,54556.97000000,0.68600000,45736.14000000,,,,,,,,,,,,,,,,,,,,,,,,,,,,,,,,,,,,,,,,,0.000023,
0,7,54,0.67100000,0.6616,-1.4009,1774137154000,0.67600000,7.94000000,0.67500000,50800.48000000,0.67400000,71194.89000000,0.67300000,62677.48000000,0.67200000,53574.12000000,0.67100000,44472.52000000,0.67000000,106023.14000000,0.66900000,67029.40000000,0.66800000,64383.63000000,0.66700000,29146.01000000,0.67700000,54355.63000000,0.67800000,69687.55000000,0.67900000,92531.84000000,0.68000000,91191.77000000,0.68100000,73076.35000000,0.68200000,42200.01000000,0.68300000,49297.83000000,0.68400000,52469.98000000,0.68500000,50128.93000000,0.68600000,45736.14000000,,,,,,,,,,,,,,,,,,,,,,,,,,,,,,,,,,,,,,,,,0.000023,
0,7,54,0.67100000,0.6645,-0.9687,1774137155000,0.67500000,37899.08000000,0.67400000,63859.28000000,0.67300000,66275.24000000,0.67200000,53409.48000000,0.67100000,49640.61000000,0.67000000,111675.52000000,0.66900000,71463.98000000,0.66800000,65294.67000000,0.66700000,29146.01000000,0.66600000,90124.25000000,0.67600000,31766.81000000,0.67700000,64585.87000000,0.67800000,64565.63000000,0.67900000,93197.10000000,0.68000000,71012.94000000,0.68100000,68270.61000000,0.68200000,37538.92000000,0.68300000,49297.83000000,0.68400000,48817.68000000,0.68500000,50128.93000000,,,,,,,,,,,,,,,,,,,,,,,,,,,,,,,,,,,,,,,,,0.000023,
0,7,54,0.67000000,0.668,-0.2985,1774137156000,0.67300000,23067.60000000,0.67200000,60532.15000000,0.67100000,46996.36000000,0.67000000,60931.94000000,0.66900000,53736.28000000,0.66800000,36573.42000000,0.66700000,93539.49000000,0.66600000,91055.13000000,0.66500000,87995.76000000,0.66400000,34817.57000000,0.67400000,45856.60000000,0.67500000,76152.73000000,0.67600000,42582.99000000,0.67700000,62491.06000000,0.67800000,62117.90000000,0.67900000,69137.06000000,0.68000000,35017.22000000,0.68100000,52595.72000000,0.68200000,42583.17000000,0.68300000,49400.95000000,,,,,,,,,,,,,,,,,,,,,,,,,,,,,,,,,,,,,,,,,0.000023,
0,7,54,0.66900000,0.6678,-0.1794,1774137157000,0.67200000,56769.34000000,0.67100000,53864.45000000,0.67000000,60549.63000000,0.66900000,52937.12000000,0.66800000,45634.89000000,0.66700000,98274.19000000,0.66600000,90861.58000000,0.66500000,87995.76000000,0.66400000,35705.90000000,0.66300000,63623.27000000,0.67300000,918.28000000,0.67400000,58347.63000000,0.67500000,68499.97000000,0.67600000,50479.41000000,0.67700000,54799.79000000,0.67800000,60713.14000000,0.67900000,69506.16000000,0.68000000,61847.19000000,0.68100000,61769.97000000,0.68200000,41083.17000000,,,,,,,,,,,,,,,,,,,,,,,,,,,,,,,,,,,,,,,,,,
0,7,54,0.66800000,0.6669,-0.1647,1774137158000,0.67200000,22838.87000000,0.67100000,57846.26000000,0.67000000,58657.67000000,0.66900000,64200.45000000,0.66800000,53666.55000000,0.66700000,98950.37000000,0.66600000,68323.62000000,0.66500000,79006.41000000,0.66400000,35705.90000000,0.66300000,72680.13000000,0.67300000,54124.53000000,0.67400000,59942.99000000,0.67500000,88924.47000000,0.67600000,42819.04000000,0.67700000,53789.25000000,0.67800000,38578.56000000,0.67900000,91436.23000000,0.68000000,40563.47000000,0.68100000,49952.65000000,0.68200000,41145.35000000,,,,,,,,,,,,,,,,,,,,,,,,,,,,,,,,,,,,,,,,,0.000023,
0,7,54,0.66500000,0.6663,0.1955,1774137159000,0.66900000,9460.88000000,0.66800000,25474.50000000,0.66700000,25777.61000000,0.66600000,64903.96000000,0.66500000,51097.07000000,0.66400000,32702.92000000,0.66300000,21627.04000000,0.66200000,67505.33000000,0.66100000,88227.87000000,0.66000000,98886.19000000,0.67000000,27658.02000000,0.67100000,43937.37000000,0.67200000,58044.71000000,0.67300000,53447.71000000,0.67400000,56692.95000000,0.67500000,70178.44000000,0.67600000,55279.20000000,0.67700000,66237.43000000,0.67800000,61066.51000000,0.67900000,73295.36000000,,,,,,,,,,,,,,,,,,,,,,,,,,,,,,,,,,,,,,,,,,
0,7,54,0.65900000,0.6665,1.1381,1774137159807,0.67000000,17534.81000000,0.66900000,33145.24000000,0.66800000,33865.81000000,0.66700000,27900.52000000,0.66600000,61506.82000000,0.66500000,41897.00000000,0.66400000,22576.21000000,0.66300000,21627.04000000,0.66200000,67505.33000000,0.66100000,115757.90000000,0.67100000,36305.69000000,0.67200000,49319.21000000,0.67300000,55623.48000000,0.67400000,56692.95000000,0.67500000,70387.56000000,0.67600000,61975.18000000,0.67700000,66237.43000000,0.67800000,61066.51000000,0.67900000,73295.36000000,0.68000000,29034.44000000,,,,,,,,,,,,,,,,,,,,,,,,,,,,,,,,,,,,,,,,,0.000023,
0,7,54,0.65900000,0.6669,1.1988,1774137160108,0.67100000,21894.46000000,0.67000000,36385.34000000,0.66900000,39925.00000000,0.66800000,33668.18000000,0.66700000,23174.69000000,0.66600000,59660.94000000,0.66500000,37051.02000000,0.66400000,21030.53000000,0.66300000,49095.32000000,0.66200000,63787.86000000,0.67200000,36386.73000000,0.67300000,57828.33000000,0.67400000,59793.14000000,0.67500000,70387.56000000,0.67600000,41107.08000000,0.67700000,74565.79000000,0.67800000,61066.51000000,0.67900000,73295.36000000,0.68000000,29034.44000000,0.68100000,30358.75000000,,,,,,,,,,,,,,,,,,,,,,,,,,,,,,,,,,,,,,,,,0.000023,
0,7,54,0.65800000,0.6667,1.3222,1774137160408,0.67100000,25646.44000000,0.67000000,40871.12000000,0.66900000,36809.41000000,0.66800000,34129.09000000,0.66700000,27177.19000000,0.66600000,55810.10000000,0.66500000,32590.06000000,0.66400000,44115.26000000,0.66300000,40900.24000000,0.66200000,59326.90000000,0.67200000,19349.88000000,0.67300000,43738.80000000,0.67400000,62679.77000000,0.67500000,65946.41000000,0.67600000,41107.08000000,0.67700000,44468.82000000,0.67800000,61066.51000000,0.67900000,73295.36000000,0.68000000,29034.44000000,0.68100000,29574.39000000,,,,,,,,,,,,,,,,,,,,,,,,,,,,,,,,,,,,,,,,,0.000023,
0,7,54,0.65900000,0.6661,1.0774,1774137160709,0.67200000,21869.64000000,0.67100000,43232.81000000,0.67000000,42041.17000000,0.66900000,41928.68000000,0.66800000,43667.01000000,0.66700000,23339.60000000,0.66600000,54092.26000000,0.66500000,35143.36000000,0.66400000,44115.26000000,0.66300000,41818.15000000,0.67300000,39524.20000000,0.67400000,73068.02000000,0.67500000,68750.93000000,0.67600000,41476.68000000,0.67700000,44479.12000000,0.67800000,69240.36000000,0.67900000,73295.36000000,0.68000000,29046.03000000,0.68100000,30241.18000000,0.68200000,62312.64000000,,,,,,,,,,,,,,,,,,,,,,,,,,,,,,,,,,,,,,,,,0.000023,
0,7,54,0.66100000,0.6654,0.6657,1774137161010,0.67200000,22439.00000000,0.67100000,51889.89000000,0.67000000,37739.37000000,0.66900000,38762.31000000,0.66800000,39971.01000000,0.66700000,25584.53000000,0.66600000,54253.11000000,0.66500000,62695.67000000,0.66400000,40397.79000000,0.66300000,50852.52000000,0.67300000,24001.07000000,0.67400000,74911.35000000,0.67500000,92891.41000000,0.67600000,41476.68000000,0.67700000,44479.12000000,0.67800000,43646.02000000,0.67900000,64194.31000000,0.68000000,29046.03000000,0.68100000,38608.76000000,0.68200000,62312.64000000,,,,,,,,,,,,,,,,,,,,,,,,,,,,,,,,,,,,,,,,,0.000023,
0,7,54,0.66100000,0.6654,0.6657,1774137161310,0.67200000,22439.00000000,0.67100000,40961.59000000,0.67000000,48027.67000000,0.66900000,38762.31000000,0.66800000,40718.20000000,0.66700000,25779.23000000,0.66600000,54253.11000000,0.66500000,62500.97000000,0.66400000,40397.79000000,0.66300000,50852.52000000,0.67300000,31521.83000000,0.67400000,74643.90000000,0.67500000,89196.85000000,0.67600000,44911.60000000,0.67700000,44708.18000000,0.67800000,43646.02000000,0.67900000,64194.31000000,0.68000000,29046.03000000,0.68100000,38608.76000000,0.68200000,62312.64000000,,,,,,,,,,,,,,,,,,,,,,,,,,,,,,,,,,,,,,,,,0.000023,
0,7,54,0.66200000,0.6646,0.3927,1774137161611,0.67300000,14985.71000000,0.67200000,33160.75000000,0.67100000,41385.80000000,0.67000000,44135.06000000,0.66900000,34730.86000000,0.66800000,40295.09000000,0.66700000,28234.14000000,0.66600000,52482.84000000,0.66500000,62500.97000000,0.66400000,40518.06000000,0.67400000,70692.43000000,0.67500000,89743.53000000,0.67600000,61425.69000000,0.67700000,44708.18000000,0.67800000,43656.32000000,0.67900000,65415.96000000,0.68000000,29046.03000000,0.68100000,39411.46000000,0.68200000,62312.64000000,0.68300000,63424.41000000,,,,,,,,,,,,,,,,,,,,,,,,,,,,,,,,,,,,,,,,,0.000021,
0,7,54,0.66200000,0.6653,0.4985,1774137161912,0.67300000,5831.72000000,0.67200000,35651.16000000,0.67100000,45701.63000000,0.67000000,43704.50000000,0.66900000,38382.81000000,0.66800000,36679.01000000,0.66700000,31227.38000000,0.66600000,54731.13000000,0.66500000,63416.12000000,0.66400000,40518.06000000,0.67400000,68077.92000000,0.67500000,90418.26000000,0.67600000,61425.69000000,0.67700000,44708.18000000,0.67800000,43656.32000000,0.67900000,65415.96000000,0.68000000,29070.14000000,0.68100000,39411.46000000,0.68200000,62312.64000000,0.68300000,63424.41000000,,,,,,,,,,,,,,,,,,,,,,,,,,,,,,,,,,,,,,,,,0.000021,
0,7,54,0.66400000,0.6656,0.241,1774137162212,0.67200000,15488.89000000,0.67100000,40537.90000000,0.67000000,48934.24000000,0.66900000,38382.81000000,0.66800000,36679.01000000,0.66700000,38556.65000000,0.66600000,57460.67000000,0.66500000,59698.65000000,0.66400000,40518.06000000,0.66300000,50454.61000000,0.67300000,35732.01000000,0.67400000,87194.93000000,0.67500000,84812.61000000,0.67600000,105357.34000000,0.67700000,44708.18000000,0.67800000,42198.52000000,0.67900000,63408.95000000,0.68000000,29070.14000000,0.68100000,38608.76000000,0.68200000,62312.64000000,,,,,,,,,,,,,,,,,,,,,,,,,,,,,,,,,,,,,,,,,0.000023,
0,7,54,0.66300000,0.6648,0.2715,1774137162513,0.67100000,27438.27000000,0.67000000,52243.42000000,0.66900000,34730.86000000,0.66800000,40277.71000000,0.66700000,38372.25000000,0.66600000,63478.28000000,0.66500000,59698.65000000,0.66400000,40518.06000000,0.66300000,49934.61000000,0.66200000,59326.90000000,0.67200000,6561.39000000,0.67300000,45883.17000000,0.67400000,77343.44000000,0.67500000,81461.12000000,0.67600000,104869.44000000,0.67700000,44738.28000000,0.67800000,37490.85000000,0.67900000,63408.95000000,0.68000000,29070.14000000,0.68100000,38608.76000000,,,,,,,,,,,,,,,,,,,,,,,,,,,,,,,,,,,,,,,,,0.000023,
0,7,54,0.66400000,0.6654,0.2108,1774137162813,0.67100000,27389.29000000,0.67000000,52250.98000000,0.66900000,34042.89000000,0.66800000,38883.13000000,0.66700000,42737.40000000,0.66600000,60675.26000000,0.66500000,59698.65000000,0.66400000,40518.06000000,0.66300000,49934.61000000,0.66200000,59326.90000000,0.67200000,11205.57000000,0.67300000,55212.41000000,0.67400000,91321.04000000,0.67500000,77701.66000000,0.67600000,104869.44000000,0.67700000,44738.28000000,0.67800000,37490.85000000,0.67900000,63408.95000000,0.68000000,29070.14000000,0.68100000,38608.76000000,,,,,,,,,,,,,,,,,,,,,,,,,,,,,,,,,,,,,,,,,0.000023,
0,7,54,0.66500000,0.6663,0.1955,1774137163114,0.67100000,17213.32000000,0.67000000,39371.30000000,0.66900000,37636.12000000,0.66800000,46453.34000000,0.66700000,34905.40000000,0.66600000,60305.66000000,0.66500000,65349.30000000,0.66400000,45355.66000000,0.66300000,49934.61000000,0.66200000,59326.90000000,0.67200000,13413.26000000,0.67300000,46804.79000000,0.67400000,87052.73000000,0.67500000,81991.15000000,0.67600000,101239.82000000,0.67700000,44727.98000000,0.67800000,35483.84000000,0.67900000,63408.95000000,0.68000000,28283.58000000,0.68100000,38608.76000000,,,,,,,,,,,,,,,,,,,,,,,,,,,,,,,,,,,,,,,,,0.000023,
0,7,54,0.66500000,0.6665,0.2256,1774137163415,0.67100000,9759.21000000,0.67000000,33690.35000000,0.66900000,39270.52000000,0.66800000,46453.34000000,0.66700000,34905.40000000,0.66600000,64427.34000000,0.66500000,65349.30000000,0.66400000,45355.66000000,0.66300000,54402.21000000,0.66200000,63794.50000000,0.67200000,27979.54000000,0.67300000,45157.24000000,0.67400000,83426.23000000,0.67500000,81991.15000000,0.67600000,101239.82000000,0.67700000,44727.98000000,0.67800000,37490.85000000,0.67900000,63408.95000000,0.68000000,59820.76000000,0.68100000,38608.76000000,,,,,,,,,,,,,,,,,,,,,,,,,,,,,,,,,,,,,,,,,0.000023,
0,7,54,0.66500000,0.667,0.3008,1774137163716,0.67100000,13624.95000000,0.67000000,30423.91000000,0.66900000,34252.61000000,0.66800000,41857.21000000,0.66700000,36252.21000000,0.66600000,64975.88000000,0.66500000,72900.90000000,0.66400000,45355.66000000,0.66300000,54302.21000000,0.66200000,63794.50000000,0.67200000,38107.58000000,0.67300000,49641.52000000,0.67400000,75230.55000000,0.67500000,77752.78000000,0.67600000,97059.51000000,0.67700000,38395.12000000,0.67800000,35483.84000000,0.67900000,63408.95000000,0.68000000,59820.76000000,0.68100000,38608.76000000,,,,,,,,,,,,,,,,,,,,,,,,,,,,,,,,,,,,,,,,,0.000023,
0,7,54,0.66500000,0.6673,0.3459,1774137164016,0.67100000,5723.26000000,0.67000000,29800.91000000,0.66900000,39939.70000000,0.66800000,37950.51000000,0.66700000,34855.54000000,0.66600000,66333.72000000,0.66500000,73095.60000000,0.66400000,45355.66000000,0.66300000,54302.21000000,0.66200000,63794.50000000,0.67200000,46919.59000000,0.67300000,49119.35000000,0.67400000,75979.87000000,0.67500000,77830.61000000,0.67600000,97059.51000000,0.67700000,43151.88000000,0.67800000,35483.84000000,0.67900000,63331.12000000,0.68000000,59742.93000000,0.68100000,38608.76000000,,,,,,,,,,,,,,,,,,,,,,,,,,,,,,,,,,,,,,,,,0.000023,
0,7,54,0.66600000,0.6668,0.1201,1774137164316,0.67100000,4493.26000000,0.67000000,29800.91000000,0.66900000,39939.70000000,0.66800000,43751.96000000,0.66700000,34855.54000000,0.66600000,66333.72000000,0.66500000,73095.60000000,0.66400000,45355.66000000,0.66300000,54302.21000000,0.66200000,63794.50000000,0.67200000,50828.19000000,0.67300000,52470.80000000,0.67400000,85124.49000000,0.67500000,77830.61000000,0.67600000,97059.51000000,0.67700000,43151.88000000,0.67800000,35483.84000000,0.67900000,63331.12000000,0.68000000,59742.93000000,0.68100000,68344.68000000,,,,,,,,,,,,,,,,,,,,,,,,,,,,,,,,,,,,,,,,,0.000023,
0,7,54,0.66600000,0.6667,0.1051,1774137164617,0.67000000,23901.45000000,0.66900000,39939.70000000,0.66800000,49480.66000000,0.66700000,35063.30000000,0.66600000,68364.94000000,0.66500000,43227.70000000,0.66400000,45474.93000000,0.66300000,54421.66000000,0.66200000,63794.50000000,0.66100000,79002.62000000,0.67100000,23912.33000000,0.67200000,48677.12000000,0.67300000,45211.55000000,0.67400000,80366.10000000,0.67500000,74379.44000000,0.67600000,97059.51000000,0.67700000,38406.73000000,0.67800000,64551.18000000,0.67900000,63331.12000000,0.68000000,59742.93000000,,,,,,,,,,,,,,,,,,,,,,,,,,,,,,,,,,,,,,,,,0.000023,
0,7,54,0.66700000,0.667,0.0,1774137164918,0.67100000,13103.32000000,0.67000000,29038.25000000,0.66900000,39872.25000000,0.66800000,44209.66000000,0.66700000,40856.20000000,0.66600000,76493.10000000,0.66500000,42937.96000000,0.66400000,45474.93000000,0.66300000,54421.66000000,0.66200000,63794.50000000,0.67200000,41446.75000000,0.67300000,54131.39000000,0.67400000,80378.34000000,0.67500000,74301.61000000,0.67600000,97059.51000000,0.67700000,43134.68000000,0.67800000,64551.18000000,0.67900000,63331.12000000,0.68000000,59742.93000000,0.68100000,68344.68000000,,,,,,,,,,,,,,,,,,,,,,,,,,,,,,,,,,,,,,,,,0.000023,
0,7,54,0.66700000,0.6673,0.045,1774137165219,0.67100000,13103.32000000,0.67000000,29038.25000000,0.66900000,39872.25000000,0.66800000,44209.66000000,0.66700000,41435.49000000,0.66600000,82286.00000000,0.66500000,42937.96000000,0.66400000,45474.93000000,0.66300000,54421.66000000,0.66200000,63794.50000000,0.67200000,40777.75000000,0.67300000,56916.69000000,0.67400000,80378.34000000,0.67500000,74301.61000000,0.67600000,97059.51000000,0.67700000,43134.68000000,0.67800000,64551.18000000,0.67900000,69331.12000000,0.68000000,59742.93000000,0.68100000,68344.68000000,,,,,,,,,,,,,,,,,,,,,,,,,,,,,,,,,,,,,,,,,0.000023,
0,7,54,0.66700000,0.667,0.0,1774137165519,0.67100000,11736.62000000,0.67000000,29838.25000000,0.66900000,39072.25000000,0.66800000,48275.97000000,0.66700000,41435.49000000,0.66600000,82286.00000000,0.66500000,42937.96000000,0.66400000,45474.93000000,0.66300000,54421.66000000,0.66200000,63794.50000000,0.67200000,40777.75000000,0.67300000,56916.69000000,0.67400000,80592.13000000,0.67500000,74317.14000000,0.67600000,97059.51000000,0.67700000,43123.07000000,0.67800000,64551.18000000,0.67900000,69331.12000000,0.68000000,59742.93000000,0.68100000,68344.68000000,,,,,,,,,,,,,,,,,,,,,,,,,,,,,,,,,,,,,,,,,0.000023,
0,7,54,0.66600000,0.6667,0.1051,1774137165819,0.67100000,24839.10000000,0.67000000,40368.11000000,0.66900000,32493.81000000,0.66800000,44531.87000000,0.66700000,42461.39000000,0.66600000,77594.95000000,0.66500000,37287.31000000,0.66400000,45474.93000000,0.66300000,54421.66000000,0.66200000,63794.50000000,0.67200000,8972.56000000,0.67300000,55912.93000000,0.67400000,70891.72000000,0.67500000,77823.94000000,0.67600000,97059.51000000,0.67700000,48246.22000000,0.67800000,66558.19000000,0.67900000,69381.46000000,0.68000000,59742.93000000,0.68100000,68336.56000000,,,,,,,,,,,,,,,,,,,,,,,,,,,,,,,,,,,,,,,,,0.000023,
0,7,54,0.66400000,0.6672,0.4819,1774137166120,0.67100000,24639.10000000,0.67000000,40968.11000000,0.66900000,32493.81000000,0.66800000,48220.83000000,0.66700000,38869.65000000,0.66600000,77594.95000000,0.66500000,37287.31000000,0.66400000,45474.93000000,0.66300000,54421.66000000,0.66200000,63794.50000000,0.67200000,9337.76000000,0.67300000,56414.83000000,0.67400000,70336.96000000,0.67500000,77669.12000000,0.67600000,97059.51000000,0.67700000,48246.22000000,0.67800000,66558.19000000,0.67900000,69381.46000000,0.68000000,59742.93000000,0.68100000,68336.56000000,,,,,,,,,,,,,,,,,,,,,,,,,,,,,,,,,,,,,,,,,0.000023,
0,7,54,0.66400000,0.667,0.4518,1774137166420,0.67100000,23724.36000000,0.67000000,41065.37000000,0.66900000,31597.17000000,0.66800000,48220.83000000,0.66700000,38869.65000000,0.66600000,77594.95000000,0.66500000,37287.31000000,0.66400000,45474.93000000,0.66300000,54421.66000000,0.66200000,63794.50000000,0.67200000,1504.32000000,0.67300000,50941.02000000,0.67400000,66772.71000000,0.67500000,77812.81000000,0.67600000,97059.51000000,0.67700000,48246.22000000,0.67800000,66558.19000000,0.67900000,63381.46000000,0.68000000,65742.93000000,0.68100000,68336.56000000,,,,,,,,,,,,,,,,,,,,,,,,,,,,,,,,,,,,,,,,,0.000023,
0,7,54,0.66300000,0.6673,0.6486,1774137166720,0.67100000,22779.51000000,0.67000000,42455.62000000,0.66900000,31170.97000000,0.66800000,48800.12000000,0.66700000,35321.88000000,0.66600000,77586.74000000,0.66500000,37287.31000000,0.66400000,45474.93000000,0.66300000,54421.66000000,0.66200000,63794.50000000,0.67200000,16142.32000000,0.67300000,54851.52000000,0.67400000,65647.41000000,0.67500000,77812.81000000,0.67600000,97059.51000000,0.67700000,48246.22000000,0.67800000,66558.19000000,0.67900000,63381.46000000,0.68000000,65742.93000000,0.68100000,68336.56000000,,,,,,,,,,,,,,,,,,,,,,,,,,,,,,,,,,,,,,,,,0.000023,
0,7,54,0.66400000,0.6677,0.5572,1774137167020,0.67100000,11107.03000000,0.67000000,28667.31000000,0.66900000,44507.80000000,0.66800000,45111.16000000,0.66700000,44754.71000000,0.66600000,76497.71000000,0.66500000,42937.96000000,0.66400000,45474.93000000,0.66300000,54421.66000000,0.66200000,63794.50000000,0.67200000,34218.19000000,0.67300000,55146.78000000,0.67400000,59482.77000000,0.67500000,78578.48000000,0.67600000,97115.51000000,0.67700000,43134.68000000,0.67800000,64551.18000000,0.67900000,63381.46000000,0.68000000,65742.93000000,0.68100000,68336.56000000,,,,,,,,,,,,,,,,,,,,,,,,,,,,,,,,,,,,,,,,,0.000023,
0,7,54,0.66200000,0.6671,0.7704,1774137167322,0.67100000,11107.03000000,0.67000000,29867.31000000,0.66900000,43307.80000000,0.66800000,45111.16000000,0.66700000,44754.71000000,0.66600000,76497.71000000,0.66500000,42937.96000000,0.66400000,45474.93000000,0.66300000,54421.66000000,0.66200000,63794.50000000,0.67200000,42071.94000000,0.67300000,60034.64000000,0.67400000,84303.30000000,0.67500000,78089.68000000,0.67600000,97115.51000000,0.67700000,43134.68000000,0.67800000,64551.18000000,0.67900000,63381.46000000,0.68000000,65742.93000000,0.68100000,68336.56000000,,,,,,,,,,,,,,,,,,,,,,,,,,,,,,,,,,,,,,,,,0.000023,
0,7,54,0.66300000,0.6671,0.6184,1774137167623,0.67100000,51.74000000,0.67000000,28787.50000000,0.66900000,44507.80000000,0.66800000,45111.16000000,0.66700000,44754.71000000,0.66600000,76497.71000000,0.66500000,42937.96000000,0.66400000,45474.93000000,0.66300000,54421.66000000,0.66200000,63794.50000000,0.67200000,41090.02000000,0.67300000,60371.42000000,0.67400000,84376.66000000,0.67500000,78089.68000000,0.67600000,97123.71000000,0.67700000,43134.68000000,0.67800000,64551.18000000,0.67900000,63381.46000000,0.68000000,65742.93000000,0.68100000,68336.56000000,,,,,,,,,,,,,,,,,,,,,,,,,,,,,,,,,,,,,,,,,0.000023,
0,7,54,0.66500000,0.6671,0.3158,1774137167923,0.67000000,24083.35000000,0.66900000,40290.37000000,0.66800000,44500.66000000,0.66700000,44597.53000000,0.66600000,76508.14000000,0.66500000,42937.96000000,0.66400000,45474.93000000,0.66300000,54421.66000000,0.66200000,63794.50000000,0.66100000,113492.04000000,0.67100000,9081.28000000,0.67200000,48303.25000000,0.67300000,52538.40000000,0.67400000,80492.40000000,0.67500000,74591.66000000,0.67600000,97123.71000000,0.67700000,38406.73000000,0.67800000,64551.18000000,0.67900000,63381.46000000,0.68000000,65742.93000000,,,,,,,,,,,,,,,,,,,,,,,,,,,,,,,,,,,,,,,,,0.000023,
0,7,54,0.66500000,0.6671,0.3158,1774137168224,0.67000000,15865.88000000,0.66900000,32094.75000000,0.66800000,56080.91000000,0.66700000,44597.53000000,0.66600000,76508.14000000,0.66500000,48120.84000000,0.66400000,47402.58000000,0.66300000,45387.29000000,0.66200000,63794.50000000,0.66100000,113492.04000000,0.67100000,24468.31000000,0.67200000,50357.76000000,0.67300000,43256.97000000,0.67400000,84786.08000000,0.67500000,74591.66000000,0.67600000,92333.10000000,0.67700000,36399.72000000,0.67800000,64651.18000000,0.67900000,72561.53000000,0.68000000,65742.93000000,,,,,,,,,,,,,,,,,,,,,,,,,,,,,,,,,,,,,,,,,0.000023,
0,7,54,0.66600000,0.6669,0.1351,1774137168525,0.66900000,29888.80000000,0.66800000,53002.11000000,0.66700000,34458.71000000,0.66600000,68559.14000000,0.66500000,47936.57000000,0.66400000,64011.41000000,0.66300000,45387.29000000,0.66200000,63794.50000000,0.66100000,122773.32000000,0.66000000,71530.31000000,0.67000000,14156.30000000,0.67100000,35784.58000000,0.67200000,51651.31000000,0.67300000,39856.46000000,0.67400000,84786.08000000,0.67500000,74591.66000000,0.67600000,92344.71000000,0.67700000,36170.66000000,0.67800000,64651.18000000,0.67900000,72561.53000000,,,,,,,,,,,,,,,,,,,,,,,,,,,,,,,,,,,,,,,,,0.000023,
0,7,54,0.66800000,0.6671,-0.1347,1774137168825,0.66800000,28685.65000000,0.66700000,39356.40000000,0.66600000,67129.43000000,0.66500000,49708.04000000,0.66400000,40518.12000000,0.66300000,57330.39000000,0.66200000,63794.50000000,0.66100000,122773.32000000,0.66000000,71530.31000000,0.65900000,22439.73000000,0.66900000,12720.86000000,0.67000000,35154.90000000,0.67100000,36783.11000000,0.67200000,40496.02000000,0.67300000,42650.01000000,0.67400000,72208.97000000,0.67500000,61222.21000000,0.67600000,42065.54000000,0.67700000,35503.21000000,0.67800000,64651.18000000,,,,,,,,,,,,,,,,,,,,,,,,,,,,,,,,,,,,,,,,,0.000023,
0,7,54,0.66800000,0.6671,-0.1347,1774137169126,0.66800000,11896.45000000,0.66700000,38050.33000000,0.66600000,70487.34000000,0.66500000,53507.61000000,0.66400000,33557.14000000,0.66300000,57785.46000000,0.66200000,69445.15000000,0.66100000,122773.32000000,0.66000000,71010.31000000,0.65900000,27634.18000000,0.66900000,22723.30000000,0.67000000,54986.74000000,0.67100000,34622.83000000,0.67200000,83051.12000000,0.67300000,40228.60000000,0.67400000,55651.37000000,0.67500000,56466.52000000,0.67600000,37885.23000000,0.67700000,63253.07000000,0.67800000,64651.18000000,,,,,,,,,,,,,,,,,,,,,,,,,,,,,,,,,,,,,,,,,0.000023,
0,7,54,0.66900000,0.6669,-0.3139,1774137169427,0.66800000,1427.32000000,0.66700000,28401.80000000,0.66600000,73017.04000000,0.66500000,50034.81000000,0.66400000,36539.06000000,0.66300000,29531.42000000,0.66200000,69445.15000000,0.66100000,113611.85000000,0.66000000,71010.31000000,0.65900000,35874.28000000,0.66900000,30977.87000000,0.67000000,55287.01000000,0.67100000,37911.48000000,0.67200000,83048.04000000,0.67300000,41259.34000000,0.67400000,55651.37000000,0.67500000,54459.51000000,0.67600000,37242.55000000,0.67700000,72255.77000000,0.67800000,64651.18000000,,,,,,,,,,,,,,,,,,,,,,,,,,,,,,,,,,,,,,,,,0.000023,
0,7,54,0.67000000,0.6666,-0.5075,1774137169727,0.66800000,11909.17000000,0.66700000,23829.09000000,0.66600000,77163.28000000,0.66500000,52893.88000000,0.66400000,40144.14000000,0.66300000,30408.08000000,0.66200000,69445.15000000,0.66100000,113611.85000000,0.66000000,71010.31000000,0.65900000,35874.28000000,0.66900000,36384.42000000,0.67000000,54398.06000000,0.67100000,34165.98000000,0.67200000,83593.82000000,0.67300000,41271.45000000,0.67400000,56022.07000000,0.67500000,54345.59000000,0.67600000,65035.73000000,0.67700000,72255.77000000,0.67800000,64651.18000000,,,,,,,,,,,,,,,,,,,,,,,,,,,,,,,,,,,,,,,,,0.000023,
0,7,54,0.67000000,0.6667,-0.4925,1774137170027,0.66800000,5021.41000000,0.66700000,28748.71000000,0.66600000,78068.64000000,0.66500000,54296.62000000,0.66400000,40024.87000000,0.66300000,30288.63000000,0.66200000,74564.32000000,0.66100000,117471.37000000,0.66000000,71010.31000000,0.65900000,35874.28000000,0.66900000,43276.50000000,0.67000000,43221.12000000,0.67100000,34151.50000000,0.67200000,80712.28000000,0.67300000,41932.47000000,0.67400000,54065.22000000,0.67500000,54345.59000000,0.67600000,65035.73000000,0.67700000,72255.77000000,0.67800000,64651.18000000,,,,,,,,,,,,,,,,,,,,,,,,,,,,,,,,,,,,,,,,,0.000023,
0,7,54,0.66900000,0.6672,-0.2691,1774137170328,0.66600000,47841.71000000,0.66500000,40878.59000000,0.66400000,38470.01000000,0.66300000,31979.71000000,0.66200000,53101.38000000,0.66100000,79417.87000000,0.66000000,77576.70000000,0.65900000,39613.99000000,0.65800000,68402.77000000,0.65700000,118475.67000000,0.66700000,20472.10000000,0.66800000,15555.01000000,0.66900000,47601.33000000,0.67000000,45103.16000000,0.67100000,38471.52000000,0.67200000,28240.77000000,0.67300000,34226.63000000,0.67400000,52246.18000000,0.67500000,81410.29000000,0.67600000,65000.45000000,,,,,,,,,,,,,,,,,,,,,,,,,,,,,,,,,,,,,,,,,0.000023,
0,7,54,0.66900000,0.6673,-0.2541,1774137170629,0.66400000,18897.23000000,0.66300000,38477.68000000,0.66200000,63568.44000000,0.66100000,49089.58000000,0.66000000,87586.29000000,0.65900000,38435.08000000,0.65800000,68402.77000000,0.65700000,65163.21000000,0.65600000,73886.89000000,0.65500000,72087.21000000,0.66500000,5793.03000000,0.66600000,15860.56000000,0.66700000,44371.74000000,0.66800000,35722.57000000,0.66900000,31190.91000000,0.67000000,36803.50000000,0.67100000,23175.19000000,0.67200000,24838.88000000,0.67300000,26174.28000000,0.67400000,67084.27000000,,,,,,,,,,,,,,,,,,,,,,,,,,,,,,,,,,,,,,,,,0.000023,
0,7,54,0.66900000,0.6673,-0.2541,1774137170929,0.66200000,24993.97000000,0.66100000,48315.50000000,0.66000000,97677.20000000,0.65900000,51295.58000000,0.65800000,43432.65000000,0.65700000,32800.64000000,0.65600000,69265.71000000,0.65500000,76574.86000000,0.65400000,29513.86000000,0.65300000,84241.89000000,0.66300000,11755.64000000,0.66400000,29413.95000000,0.66500000,31995.07000000,0.66600000,21495.93000000,0.66700000,37662.61000000,0.66800000,26332.85000000,0.66900000,26501.60000000,0.67000000,21614.41000000,0.67100000,48211.92000000,0.67200000,58125.59000000,,,,,,,,,,,,,,,,,,,,,,,,,,,,,,,,,,,,,,,,,0.000023,
0,7,54,0.67000000,0.6668,-0.4776,1774137171229,0.66100000,801.68000000,0.66000000,9412.76000000,0.65900000,26352.01000000,0.65800000,45525.74000000,0.65700000,45834.01000000,0.65600000,51418.43000000,0.65500000,92303.71000000,0.65400000,36314.24000000,0.65300000,49206.56000000,0.65200000,61967.48000000,0.66200000,25583.39000000,0.66300000,25223.13000000,0.66400000,34499.33000000,0.66500000,36649.61000000,0.66600000,18660.83000000,0.66700000,24974.63000000,0.66800000,17210.11000000,0.66900000,19759.34000000,0.67000000,49201.69000000,0.67100000,44061.89000000,,,,,,,,,,,,,,,,,,,,,,,,,,,,,,,,,,,,,,,,,0.000023,
0,7,54,0.67000000,0.6668,-0.4776,1774137171530,0.65900000,77.00000000,0.65800000,12531.86000000,0.65700000,42273.06000000,0.65600000,52121.94000000,0.65500000,63005.92000000,0.65400000,41722.60000000,0.65300000,38495.29000000,0.65200000,62567.68000000,0.65100000,63044.97000000,0.65000000,112431.49000000,0.66000000,9564.69000000,0.66100000,32338.06000000,0.66200000,27325.31000000,0.66300000,26156.75000000,0.66400000,31911.77000000,0.66500000,20652.43000000,0.66600000,11441.27000000,0.66700000,57249.55000000,0.66800000,44012.37000000,0.66900000,47265.00000000,,,,,,,,,,,,,,,,,,,,,,,,,,,,,,,,,,,,,,,,,0.000023,
0,7,54,0.66900000,0.6668,-0.3288,1774137171831,0.65700000,16139.69000000,0.65600000,31774.43000000,0.65500000,63053.29000000,0.65400000,48586.15000000,0.65300000,39213.93000000,0.65200000,30370.27000000,0.65100000,63166.62000000,0.65000000,112431.49000000,0.64900000,120909.65000000,0.64800000,33295.30000000,0.65900000,2308.10000000,0.66000000,21635.81000000,0.66100000,30049.07000000,0.66200000,18131.67000000,0.66300000,25327.29000000,0.66400000,21327.43000000,0.66500000,20240.65000000,0.66600000,45415.88000000,0.66700000,57261.16000000,0.66800000,53192.46000000,,,,,,,,,,,,,,,,,,,,,,,,,,,,,,,,,,,,,,,,,0.000023,
0,7,54,0.66900000,0.6668,-0.3288,1774137172132,0.65900000,1245.17000000,0.65800000,15411.96000000,0.65700000,21587.74000000,0.65600000,30294.30000000,0.65500000,63814.30000000,0.65400000,50295.67000000,0.65300000,45592.24000000,0.65200000,34138.16000000,0.65100000,33236.90000000,0.65000000,107118.90000000,0.66000000,22298.18000000,0.66100000,39822.85000000,0.66200000,18239.32000000,0.66300000,12970.43000000,0.66400000,21101.82000000,0.66500000,54612.19000000,0.66600000,54754.42000000,0.66700000,57261.16000000,0.66800000,40244.48000000,0.66900000,9586.91000000,,,,,,,,,,,,,,,,,,,,,,,,,,,,,,,,,,,,,,,,,0.000023,
0,7,54,0.67000000,0.667,-0.4478,1774137172433,0.66000000,10269.39000000,0.65900000,21027.78000000,0.65800000,22640.74000000,0.65700000,15423.32000000,0.65600000,31651.31000000,0.65500000,59736.28000000,0.65400000,37300.02000000,0.65300000,41776.11000000,0.65200000,64102.50000000,0.65100000,63610.68000000,0.66100000,20812.79000000,0.66200000,27519.59000000,0.66300000,24973.47000000,0.66400000,25648.50000000,0.66500000,20379.75000000,0.66600000,45948.85000000,0.66700000,57261.16000000,0.66800000,53224.59000000,0.66900000,11593.92000000,0.67000000,12136.55000000,,,,,,,,,,,,,,,,,,,,,,,,,,,,,,,,,,,,,,,,,0.000023,
0,7,54,0.67000000,0.6672,-0.4179,1774137172734,0.66100000,8278.50000000,0.66000000,23396.07000000,0.65900000,23256.90000000,0.65800000,20612.56000000,0.65700000,15855.93000000,0.65600000,35090.16000000,0.65500000,49608.57000000,0.65400000,37300.02000000,0.65300000,72113.92000000,0.65200000,64102.50000000,0.66200000,14971.96000000,0.66300000,20362.91000000,0.66400000,29495.60000000,0.66500000,20238.04000000,0.66600000,11182.66000000,0.66700000,57266.67000000,0.66800000,53230.10000000,0.66900000,11593.92000000,0.67000000,11363.96000000,0.67100000,32515.69000000,,,,,,,,,,,,,,,,,,,,,,,,,,,,,,,,,,,,,,,,,0.000023,
0,7,54,0.67000000,0.6673,-0.403,1774137173034,0.66200000,15291.73000000,0.66100000,24118.74000000,0.66000000,25759.88000000,0.65900000,18821.99000000,0.65800000,16731.77000000,0.65700000,15382.12000000,0.65600000,20997.19000000,0.65500000,79968.88000000,0.65400000,67535.20000000,0.65300000,71990.56000000,0.66300000,756.96000000,0.66400000,19900.38000000,0.66500000,23125.85000000,0.66600000,61642.17000000,0.66700000,27926.32000000,0.66800000,15880.39000000,0.66900000,15367.32000000,0.67000000,24529.86000000,0.67100000,32898.89000000,0.67200000,34596.40000000,,,,,,,,,,,,,,,,,,,,,,,,,,,,,,,,,,,,,,,,,0.000023,
0,7,54,0.66900000,0.6674,-0.2392,1774137173335,0.66300000,2997.08000000,0.66200000,7375.11000000,0.66100000,21593.61000000,0.66000000,28156.65000000,0.65900000,18695.62000000,0.65800000,20682.95000000,0.65700000,15382.12000000,0.65600000,21097.19000000,0.65500000,79968.88000000,0.65400000,67535.20000000,0.66400000,24561.20000000,0.66500000,24568.29000000,0.66600000,66055.17000000,0.66700000,27926.32000000,0.66800000,16998.58000000,0.66900000,15367.32000000,0.67000000,58508.75000000,0.67100000,32898.89000000,0.67200000,34596.40000000,0.67300000,36084.37000000,,,,,,,,,,,,,,,,,,,,,,,,,,,,,,,,,,,,,,,,,0.000023,
0,7,54,0.66900000,0.6676,-0.2093,1774137173635,0.66400000,10841.77000000,0.66300000,21757.58000000,0.66200000,16139.05000000,0.66100000,21841.87000000,0.66000000,26285.56000000,0.65900000,17572.35000000,0.65800000,19472.52000000,0.65700000,15412.50000000,0.65600000,51086.16000000,0.65500000,79968.88000000,0.66500000,15876.28000000,0.66600000,14878.91000000,0.66700000,27669.57000000,0.66800000,16803.30000000,0.66900000,15367.32000000,0.67000000,14777.97000000,0.67100000,36683.90000000,0.67200000,34608.20000000,0.67300000,36084.37000000,0.67400000,27526.85000000,,,,,,,,,,,,,,,,,,,,,,,,,,,,,,,,,,,,,,,,,0.000023,
0,7,54,0.66800000,0.6676,-0.0599,1774137173935,0.66400000,13247.29000000,0.66300000,30628.00000000,0.66200000,17107.93000000,0.66100000,19549.12000000,0.66000000,23016.67000000,0.65900000,21842.10000000,0.65800000,15927.09000000,0.65700000,45315.41000000,0.65600000,50986.16000000,0.65500000,89664.58000000,0.66500000,1877.94000000,0.66600000,15487.55000000,0.66700000,38609.47000000,0.66800000,16175.41000000,0.66900000,19036.08000000,0.67000000,16134.05000000,0.67100000,36871.24000000,0.67200000,47527.51000000,0.67300000,36096.17000000,0.67400000,27526.85000000,,,,,,,,,,,,,,,,,,,,,,,,,,,,,,,,,,,,,,,,,0.000023,
0,7,54,0.66800000,0.6678,-0.0299,1774137174236,0.66500000,8801.59000000,0.66400000,23225.56000000,0.66300000,30335.15000000,0.66200000,16576.37000000,0.66100000,17780.48000000,0.66000000,22549.54000000,0.65900000,17004.77000000,0.65800000,15927.09000000,0.65700000,45315.41000000,0.65600000,50986.16000000,0.66600000,9860.24000000,0.66700000,35056.50000000,0.66800000,16182.97000000,0.66900000,18840.80000000,0.67000000,16134.05000000,0.67100000,13003.44000000,0.67200000,38393.21000000,0.67300000,36096.17000000,0.67400000,27526.85000000,0.67500000,30608.26000000,,,,,,,,,,,,,,,,,,,,,,,,,,,,,,,,,,,,,,,,,0.000023,
0,7,54,0.66800000,0.668,0.0,1774137174537,0.66600000,3930.33000000,0.66500000,23118.61000000,0.66400000,31252.90000000,0.66300000,21197.97000000,0.66200000,14004.90000000,0.66100000,18772.51000000,0.66000000,18812.03000000,0.65900000,26358.09000000,0.65800000,46115.09000000,0.65700000,45315.41000000,0.66700000,24040.75000000,0.66800000,35645.20000000,0.66900000,42110.90000000,0.67000000,15934.91000000,0.67100000,12632.04000000,0.67200000,14744.50000000,0.67300000,39881.58000000,0.67400000,40423.89000000,0.67500000,30608.26000000,0.67600000,50310.95000000,,,,,,,,,,,,,,,,,,,,,,,,,,,,,,,,,,,,,,,,,0.000023,
0,7,54,0.66800000,0.6684,0.0599,1774137174837,0.66300000,9182.92000000,0.66200000,13380.43000000,0.66100000,17349.56000000,0.66000000,19105.24000000,0.65900000,16964.57000000,0.65800000,46941.37000000,0.65700000,50250.40000000,0.65600000,61332.20000000,0.65500000,62066.63000000,0.65400000,38723.81000000,0.66400000,4047.87000000,0.66500000,4751.43000000,0.66600000,12822.88000000,0.66700000,29494.70000000,0.66800000,20023.16000000,0.66900000,14570.08000000,0.67000000,16145.85000000,0.67100000,12643.84000000,0.67200000,14014.74000000,0.67300000,36096.57000000,,,,,,,,,,,,,,,,,,,,,,,,,,,,,,,,,,,,,,,,,0.000023,
0,7,54,0.66800000,0.668,0.0,1774137175138,0.66200000,7651.67000000,0.66100000,10862.21000000,0.66000000,13582.26000000,0.65900000,11713.17000000,0.65800000,16995.41000000,0.65700000,50250.40000000,0.65600000,61132.20000000,0.65500000,61693.54000000,0.65400000,38723.81000000,0.65300000,73059.30000000,0.66300000,1351.50000000,0.66400000,5222.68000000,0.66500000,20965.80000000,0.66600000,25684.13000000,0.66700000,25511.27000000,0.66800000,19508.86000000,0.66900000,14002.30000000,0.67000000,16134.05000000,0.67100000,46149.28000000,0.67200000,51745.42000000,,,,,,,,,,,,,,,,,,,,,,,,,,,,,,,,,,,,,,,,,0.000023,
0,7,54,0.66800000,0.668,0.0,1774137175438,0.66100000,15989.59000000,0.66000000,15011.56000000,0.65900000,14285.93000000,0.65800000,18393.02000000,0.65700000,15275.99000000,0.65600000,58954.51000000,0.65500000,58059.57000000,0.65400000,41109.33000000,0.65300000,72911.50000000,0.65200000,56213.82000000,0.66300000,4436.48000000,0.66400000,8390.28000000,0.66500000,20483.59000000,0.66600000,23133.77000000,0.66700000,25736.82000000,0.66800000,15291.08000000,0.66900000,12983.32000000,0.67000000,49325.25000000,0.67100000,42364.27000000,0.67200000,48381.15000000,,,,,,,,,,,,,,,,,,,,,,,,,,,,,,,,,,,,,,,,,0.000023,
0,7,54,0.66800000,0.6681,0.015,1774137175739,0.66300000,7576.79000000,0.66200000,53173.12000000,0.66100000,23403.81000000,0.66000000,24514.90000000,0.65900000,20838.20000000,0.65800000,17793.02000000,0.65700000,15307.13000000,0.65600000,22683.67000000,0.65500000,91061.28000000,0.65400000,83245.51000000,0.66500000,18922.16000000,0.66600000,22095.86000000,0.66700000,25102.85000000,0.66800000,15091.94000000,0.66900000,46702.72000000,0.67000000,49285.01000000,0.67100000,46120.84000000,0.67200000,50396.06000000,0.67300000,11660.28000000,0.67400000,25560.65000000,,,,,,,,,,,,,,,,,,,,,,,,,,,,,,,,,,,,,,,,,0.000023,
0,7,54,0.66800000,0.6685,0.0749,1774137176040,0.66400000,6806.30000000,0.66300000,14739.96000000,0.66200000,19716.89000000,0.66100000,20419.39000000,0.66000000,18505.74000000,0.65900000,16348.50000000,0.65800000,17291.29000000,0.65700000,15307.13000000,0.65600000,57691.15000000,0.65500000,91061.28000000,0.66500000,11956.66000000,0.66600000,26670.01000000,0.66700000,32644.74000000,0.66800000,15091.94000000,0.66900000,13337.22000000,0.67000000,49285.01000000,0.67100000,46120.84000000,0.67200000,50396.06000000,0.67300000,11660.28000000,0.67400000,25559.44000000,,,,,,,,,,,,,,,,,,,,,,,,,,,,,,,,,,,,,,,,,0.000023,
0,7,54,0.66800000,0.6685,0.0749,1774137176340,0.66600000,5080.42000000,0.66500000,12197.05000000,0.66400000,33352.35000000,0.66300000,11793.61000000,0.66200000,13779.85000000,0.66100000,20188.65000000,0.66000000,18267.51000000,0.65900000,16909.61000000,0.65800000,52036.75000000,0.65700000,50245.66000000,0.66700000,26865.18000000,0.66800000,17969.53000000,0.66900000,46573.62000000,0.67000000,16365.96000000,0.67100000,12840.81000000,0.67200000,54511.23000000,0.67300000,11660.28000000,0.67400000,24762.92000000,0.67500000,64659.96000000,0.67600000,59881.67000000,,,,,,,,,,,,,,,,,,,,,,,,,,,,,,,,,,,,,,,,,0.000023,
0,7,54,0.66800000,0.6685,0.0749,1774137176641,0.66700000,3844.62000000,0.66600000,17730.06000000,0.66500000,21375.57000000,0.66400000,27337.86000000,0.66300000,50575.27000000,0.66200000,9325.35000000,0.66100000,19823.82000000,0.66000000,53316.16000000,0.65900000,52074.65000000,0.65800000,52164.84000000,0.66800000,9417.39000000,0.66900000,15186.64000000,0.67000000,32183.12000000,0.67100000,25097.76000000,0.67200000,20986.07000000,0.67300000,15604.79000000,0.67400000,25568.79000000,0.67500000,64671.76000000,0.67600000,59894.17000000,0.67700000,60311.89000000,,,,,,,,,,,,,,,,,,,,,,,,,,,,,,,,,,,,,,,,,0.000023,
0,7,54,0.66800000,0.6685,0.0749,1774137176942,0.66800000,13234.28000000,0.66700000,20339.64000000,0.66600000,16242.74000000,0.66500000,19181.60000000,0.66400000,28036.95000000,0.66300000,13017.45000000,0.66200000,9425.35000000,0.66100000,54611.17000000,0.66000000,60920.61000000,0.65900000,52074.65000000,0.66900000,6055.72000000,0.67000000,15768.08000000,0.67100000,15165.42000000,0.67200000,28086.56000000,0.67300000,15242.82000000,0.67400000,31392.21000000,0.67500000,68428.33000000,0.67600000,59894.17000000,0.67700000,60323.69000000,0.67800000,64909.86000000,,,,,,,,,,,,,,,,,,,,,,,,,,,,,,,,,,,,,,,,,0.000023,
0,7,54,0.66800000,0.6686,0.0898,1774137177243,0.66900000,13563.32000000,0.66800000,19607.86000000,0.66700000,21058.90000000,0.66600000,13388.73000000,0.66500000,15603.62000000,0.66400000,27836.95000000,0.66300000,13017.45000000,0.66200000,44277.07000000,0.66100000,54611.17000000,0.66000000,60920.61000000,0.67000000,20029.29000000,0.67100000,12328.13000000,0.67200000,39005.09000000,0.67300000,18934.78000000,0.67400000,31400.58000000,0.67500000,35165.15000000,0.67600000,63650.74000000,0.67700000,60323.69000000,0.67800000,64909.86000000,0.67900000,28269.90000000,,,,,,,,,,,,,,,,,,,,,,,,,,,,,,,,,,,,,,,,,0.000023,
0,7,54,0.66800000,0.6688,0.1198,1774137177543,0.66900000,10562.67000000,0.66800000,50757.50000000,0.66700000,18673.86000000,0.66600000,14749.11000000,0.66500000,13578.68000000,0.66400000,27842.73000000,0.66300000,13017.45000000,0.66200000,44277.07000000,0.66100000,54627.03000000,0.66000000,62932.96000000,0.67000000,8076.85000000,0.67100000,16077.29000000,0.67200000,23859.01000000,0.67300000,34219.93000000,0.67400000,35410.68000000,0.67500000,35038.41000000,0.67600000,64023.24000000,0.67700000,64080.26000000,0.67800000,68678.23000000,0.67900000,28269.90000000,,,,,,,,,,,,,,,,,,,,,,,,,,,,,,,,,,,,,,,,,0.000023,
0,7,54,0.66800000,0.6688,0.1198,1774137177844,0.66800000,42803.08000000,0.66700000,25659.52000000,0.66600000,18239.01000000,0.66500000,13978.68000000,0.66400000,27950.29000000,0.66300000,14422.55000000,0.66200000,44277.07000000,0.66100000,55556.68000000,0.66000000,64432.96000000,0.65900000,45483.24000000,0.66900000,4907.68000000,0.67000000,24432.03000000,0.67100000,16920.96000000,0.67200000,32055.53000000,0.67300000,23762.60000000,0.67400000,31519.88000000,0.67500000,35027.98000000,0.67600000,64023.24000000,0.67700000,64080.26000000,0.67800000,62655.78000000,,,,,,,,,,,,,,,,,,,,,,,,,,,,,,,,,,,,,,,,,0.000023,
0,7,54,0.66700000,0.6688,0.2699,1774137178145,0.66800000,29952.02000000,0.66700000,19961.30000000,0.66600000,22047.81000000,0.66500000,13978.68000000,0.66400000,27950.29000000,0.66300000,14464.78000000,0.66200000,44277.07000000,0.66100000,55556.68000000,0.66000000,64382.07000000,0.65900000,46985.50000000,0.66900000,14.99000000,0.67000000,19965.61000000,0.67100000,24122.19000000,0.67200000,33651.70000000,0.67300000,15789.50000000,0.67400000,31028.08000000,0.67500000,35039.63000000,0.67600000,63650.74000000,0.67700000,64080.26000000,0.67800000,62655.78000000,,,,,,,,,,,,,,,,,,,,,,,,,,,,,,,,,,,,,,,,,0.000023,
0,7,54,0.66700000,0.6688,0.2699,1774137178445,0.66800000,12074.12000000,0.66700000,15991.97000000,0.66600000,21417.70000000,0.66500000,19759.26000000,0.66400000,10767.29000000,0.66300000,14312.79000000,0.66200000,9793.34000000,0.66100000,68973.62000000,0.66000000,81289.82000000,0.65900000,64326.34000000,0.66900000,5470.43000000,0.67000000,16714.58000000,0.67100000,16769.72000000,0.67200000,30469.39000000,0.67300000,11335.86000000,0.67400000,31005.22000000,0.67500000,35039.63000000,0.67600000,63650.74000000,0.67700000,64057.81000000,0.67800000,62655.78000000,,,,,,,,,,,,,,,,,,,,,,,,,,,,,,,,,,,,,,,,,0.000023,
0,7,54,0.66700000,0.6688,0.2699,1774137178746,0.66900000,12474.36000000,0.66800000,26408.93000000,0.66700000,16892.00000000,0.66600000,17777.06000000,0.66500000,13778.40000000,0.66400000,10275.09000000,0.66300000,14298.81000000,0.66200000,9420.44000000,0.66100000,68973.62000000,0.66000000,81289.82000000,0.67000000,28191.46000000,0.67100000,18336.00000000,0.67200000,33320.01000000,0.67300000,27825.02000000,0.67400000,31388.55000000,0.67500000,35027.98000000,0.67600000,63650.74000000,0.67700000,64057.81000000,0.67800000,62733.61000000,0.67900000,62507.12000000,,,,,,,,,,,,,,,,,,,,,,,,,,,,,,,,,,,,,,,,,0.000023,
0,7,54,0.66700000,0.6688,0.2699,1774137179046,0.66800000,14233.73000000,0.66700000,20045.38000000,0.66600000,18356.35000000,0.66500000,13578.40000000,0.66400000,16640.89000000,0.66300000,22881.81000000,0.66200000,9420.44000000,0.66100000,68973.62000000,0.66000000,68975.20000000,0.65900000,63953.94000000,0.66900000,5769.78000000,0.67000000,33336.46000000,0.67100000,26501.08000000,0.67200000,42565.17000000,0.67300000,31893.18000000,0.67400000,31388.55000000,0.67500000,35039.63000000,0.67600000,63650.74000000,0.67700000,64057.81000000,0.67800000,62733.61000000,,,,,,,,,,,,,,,,,,,,,,,,,,,,,,,,,,,,,,,,,0.000023,
0,7,54,0.66600000,0.6688,0.4204,1774137179347,0.66800000,10370.62000000,0.66700000,23984.18000000,0.66600000,18364.65000000,0.66500000,19950.59000000,0.66400000,22433.79000000,0.66300000,22881.81000000,0.66200000,12575.87000000,0.66100000,70803.84000000,0.66000000,72807.70000000,0.65900000,70227.82000000,0.66900000,9297.96000000,0.67000000,37012.91000000,0.67100000,34466.95000000,0.67200000,40057.27000000,0.67300000,19257.64000000,0.67400000,31388.55000000,0.67500000,35039.63000000,0.67600000,63650.74000000,0.67700000,64057.81000000,0.67800000,62733.61000000,,,,,,,,,,,,,,,,,,,,,,,,,,,,,,,,,,,,,,,,,0.000023,
0,7,54,0.66700000,0.6689,0.2849,1774137179648,0.66800000,12204.80000000,0.66700000,23653.23000000,0.66600000,18361.43000000,0.66500000,20468.22000000,0.66400000,22485.31000000,0.66300000,22881.81000000,0.66200000,9480.25000000,0.66100000,68579.41000000,0.66000000,73260.70000000,0.65900000,70047.05000000,0.66900000,12693.16000000,0.67000000,37012.91000000,0.67100000,45781.68000000,0.67200000,41548.58000000,0.67300000,18773.64000000,0.67400000,31388.55000000,0.67500000,35039.63000000,0.67600000,63650.74000000,0.67700000,64057.81000000,0.67800000,62733.61000000,,,,,,,,,,,,,,,,,,,,,,,,,,,,,,,,,,,,,,,,,0.000023,
0,7,54,0.66700000,0.669,0.2999,1774137179949,0.66800000,15578.23000000,0.66700000,19135.14000000,0.66600000,18361.43000000,0.66500000,20468.22000000,0.66400000,22501.26000000,0.66300000,22881.81000000,0.66200000,9480.25000000,0.66100000,72573.86000000,0.66000000,82082.54000000,0.65900000,66973.89000000,0.66900000,12270.38000000,0.67000000,39200.97000000,0.67100000,48951.84000000,0.67200000,51653.27000000,0.67300000,18773.64000000,0.67400000,31388.55000000,0.67500000,35039.63000000,0.67600000,63650.74000000,0.67700000,64057.81000000,0.67800000,62733.61000000,,,,,,,,,,,,,,,,,,,,,,,,,,,,,,,,,,,,,,,,,0.000023,
0,7,54,0.66700000,0.669,0.2999,1774137180250,0.66800000,21132.59000000,0.66700000,19135.14000000,0.66600000,18372.32000000,0.66500000,20668.22000000,0.66400000,22301.26000000,0.66300000,22881.81000000,0.66200000,9480.25000000,0.66100000,72573.86000000,0.66000000,81348.42000000,0.65900000,67124.11000000,0.66900000,392.34000000,0.67000000,40469.87000000,0.67100000,45223.38000000,0.67200000,56369.12000000,0.67300000,14705.48000000,0.67400000,31388.55000000,0.67500000,35039.63000000,0.67600000,63650.74000000,0.67700000,64057.81000000,0.67800000,62733.61000000,,,,,,,,,,,,,,,,,,,,,,,,,,,,,,,,,,,,,,,,,0.000023,
0,7,54,0.66700000,0.6691,0.3148,1774137180550,0.66900000,12459.22000000,0.66800000,26314.10000000,0.66700000,18935.76000000,0.66600000,15413.88000000,0.66500000,20668.22000000,0.66400000,22416.47000000,0.66300000,22881.81000000,0.66200000,16123.10000000,0.66100000,74735.08000000,0.66000000,81348.42000000,0.67000000,33544.66000000,0.67100000,41729.86000000,0.67200000,55462.69000000,0.67300000,14509.03000000,0.67400000,31388.55000000,0.67500000,34129.98000000,0.67600000,63650.74000000,0.67700000,64057.81000000,0.67800000,62733.61000000,0.67900000,62507.12000000,,,,,,,,,,,,,,,,,,,,,,,,,,,,,,,,,,,,,,,,,0.000023,
0,7,54,0.66700000,0.6692,0.3298,1774137180851,0.66800000,15733.38000000,0.66700000,26063.89000000,0.66600000,15413.88000000,0.66500000,20476.52000000,0.66400000,22616.47000000,0.66300000,22881.81000000,0.66200000,16123.10000000,0.66100000,76232.81000000,0.66000000,77760.70000000,0.65900000,67124.11000000,0.66900000,16680.17000000,0.67000000,41107.76000000,0.67100000,48677.15000000,0.67200000,55462.69000000,0.67300000,14509.03000000,0.67400000,31388.55000000,0.67500000,34141.63000000,0.67600000,63650.74000000,0.67700000,64057.81000000,0.67800000,62733.61000000,,,,,,,,,,,,,,,,,,,,,,,,,,,,,,,,,,,,,,,,,0.000023,
0,7,54,0.66700000,0.6695,0.3748,1774137181151,0.66800000,5819.76000000,0.66700000,22397.89000000,0.66600000,22414.49000000,0.66500000,20476.52000000,0.66400000,22243.57000000,0.66300000,22892.24000000,0.66200000,16496.20000000,0.66100000,76232.81000000,0.66000000,81494.82000000,0.65900000,66973.89000000,0.66900000,16910.39000000,0.67000000,53854.18000000,0.67100000,36861.22000000,0.67200000,55647.63000000,0.67300000,14705.19000000,0.67400000,31378.12000000,0.67500000,33086.63000000,0.67600000,63650.74000000,0.67700000,64057.81000000,0.67800000,62733.61000000,,,,,,,,,,,,,,,,,,,,,,,,,,,,,,,,,,,,,,,,,0.000023,
0,7,54,0.66700000,0.6696,0.3898,1774137181452,0.66800000,5819.76000000,0.66700000,22372.30000000,0.66600000,22414.49000000,0.66500000,20476.52000000,0.66400000,22034.27000000,0.66300000,22892.24000000,0.66200000,16496.20000000,0.66100000,76232.81000000,0.66000000,81494.82000000,0.65900000,66973.89000000,0.66900000,14567.44000000,0.67000000,57422.38000000,0.67100000,43272.56000000,0.67200000,51757.53000000,0.67300000,14705.19000000,0.67400000,31378.12000000,0.67500000,33086.63000000,0.67600000,63650.74000000,0.67700000,64057.81000000,0.67800000,62733.61000000,,,,,,,,,,,,,,,,,,,,,,,,,,,,,,,,,,,,,,,,,0.000023,
0,7,54,0.66700000,0.6696,0.3898,1774137181753,0.66700000,15476.74000000,0.66600000,26049.55000000,0.66500000,19776.48000000,0.66400000,21834.27000000,0.66300000,22895.79000000,0.66200000,13370.93000000,0.66100000,79559.26000000,0.66000000,81494.82000000,0.65900000,66453.89000000,0.65800000,39537.89000000,0.66800000,4523.65000000,0.66900000,21792.48000000,0.67000000,53023.52000000,0.67100000,47867.32000000,0.67200000,48315.53000000,0.67300000,14705.19000000,0.67400000,31389.77000000,0.67500000,61524.29000000,0.67600000,63650.74000000,0.67700000,64057.81000000,,,,,,,,,,,,,,,,,,,,,,,,,,,,,,,,,,,,,,,,,0.000024,
0,7,54,0.66700000,0.6698,0.4198,1774137182054,0.66700000,2699.64000000,0.66600000,25863.90000000,0.66500000,22312.73000000,0.66400000,23279.69000000,0.66300000,22069.98000000,0.66200000,13370.93000000,0.66100000,79298.93000000,0.66000000,81442.32000000,0.65900000,70199.20000000,0.65800000,39590.54000000,0.66800000,10024.84000000,0.66900000,25992.70000000,0.67000000,51919.54000000,0.67100000,51730.40000000,0.67200000,47823.23000000,0.67300000,14694.76000000,0.67400000,31389.77000000,0.67500000,61524.29000000,0.67600000,63650.74000000,0.67700000,64057.81000000,,,,,,,,,,,,,,,,,,,,,,,,,,,,,,,,,,,,,,,,,0.000024,
0,7,54,0.66800000,0.6704,0.3593,1774137182354,0.66700000,9507.35000000,0.66600000,21974.30000000,0.66500000,26994.92000000,0.66400000,23505.70000000,0.66300000,14260.08000000,0.66200000,13370.93000000,0.66100000,87941.93000000,0.66000000,81442.32000000,0.65900000,66453.89000000,0.65800000,39190.54000000,0.66800000,8270.27000000,0.66900000,30338.77000000,0.67000000,56228.93000000,0.67100000,51051.99000000,0.67200000,37233.35000000,0.67300000,14694.76000000,0.67400000,31381.57000000,0.67500000,61524.29000000,0.67600000,63650.74000000,0.67700000,64057.81000000,,,,,,,,,,,,,,,,,,,,,,,,,,,,,,,,,,,,,,,,,0.000024,
0,7,54,0.66800000,0.6707,0.4042,1774137182654,0.66700000,13523.25000000,0.66600000,18034.00000000,0.66500000,27006.98000000,0.66400000,23305.70000000,0.66300000,14460.08000000,0.66200000,13370.93000000,0.66100000,87941.93000000,0.66000000,81442.32000000,0.65900000,66453.89000000,0.65800000,38887.13000000,0.66800000,8289.82000000,0.66900000,26761.17000000,0.67000000,59676.47000000,0.67100000,51082.09000000,0.67200000,37233.35000000,0.67300000,14694.76000000,0.67400000,31381.57000000,0.67500000,61524.29000000,0.67600000,63650.74000000,0.67700000,64057.81000000,,,,,,,,,,,,,,,,,,,,,,,,,,,,,,,,,,,,,,,,,0.000024,
0,7,54,0.66800000,0.6708,0.4192,1774137182955,0.66700000,4819.53000000,0.66600000,21397.79000000,0.66500000,26994.92000000,0.66400000,17512.80000000,0.66300000,15039.37000000,0.66200000,15842.41000000,0.66100000,91148.56000000,0.66000000,78322.32000000,0.65900000,70199.20000000,0.65800000,41745.76000000,0.66800000,12799.78000000,0.66900000,34502.64000000,0.67000000,59576.83000000,0.67100000,51082.09000000,0.67200000,37233.35000000,0.67300000,14694.76000000,0.67400000,31381.57000000,0.67500000,61524.29000000,0.67600000,63650.74000000,0.67700000,64057.81000000,,,,,,,,,,,,,,,,,,,,,,,,,,,,,,,,,,,,,,,,,0.000024,
0,7,54,0.66800000,0.6713,0.494,1774137183255,0.66700000,4744.63000000,0.66600000,21397.79000000,0.66500000,26994.92000000,0.66400000,17512.80000000,0.66300000,15039.37000000,0.66200000,15842.41000000,0.66100000,93477.52000000,0.66000000,75919.31000000,0.65900000,70199.20000000,0.65800000,41867.64000000,0.66800000,13928.21000000,0.66900000,34502.64000000,0.67000000,59645.86000000,0.67100000,51138.09000000,0.67200000,37233.35000000,0.67300000,14694.76000000,0.67400000,31381.57000000,0.67500000,61524.29000000,0.67600000,63650.74000000,0.67700000,64057.81000000,,,,,,,,,,,,,,,,,,,,,,,,,,,,,,,,,,,,,,,,,0.000024,
0,7,54,0.66800000,0.6717,0.5539,1774137183556,0.66700000,8686.13000000,0.66600000,23249.69000000,0.66500000,26994.92000000,0.66400000,17712.80000000,0.66300000,14839.37000000,0.66200000,10049.51000000,0.66100000,93477.52000000,0.66000000,72919.31000000,0.65900000,70199.20000000,0.65800000,44876.72000000,0.66800000,10832.06000000,0.66900000,23539.61000000,0.67000000,66767.74000000,0.67100000,51285.42000000,0.67200000,37233.35000000,0.67300000,14694.76000000,0.67400000,31381.57000000,0.67500000,61524.29000000,0.67600000,63650.74000000,0.67700000,64057.81000000,,,,,,,,,,,,,,,,,,,,,,,,,,,,,,,,,,,,,,,,,0.000024,
0,7,54,0.66800000,0.6717,0.5539,1774137183856,0.66700000,16180.14000000,0.66600000,20541.56000000,0.66500000,23879.38000000,0.66400000,17512.80000000,0.66300000,15047.67000000,0.66200000,10049.51000000,0.66100000,90151.07000000,0.66000000,76250.81000000,0.65900000,66453.89000000,0.65800000,44876.72000000,0.66800000,7328.80000000,0.66900000,23764.04000000,0.67000000,57698.27000000,0.67100000,51188.47000000,0.67200000,37233.35000000,0.67300000,14705.19000000,0.67400000,31405.92000000,0.67500000,61524.29000000,0.67600000,63650.74000000,0.67700000,64057.81000000,,,,,,,,,,,,,,,,,,,,,,,,,,,,,,,,,,,,,,,,,0.000024,
0,7,54,0.66800000,0.6719,0.5838,1774137184157,0.66700000,15693.64000000,0.66600000,20541.56000000,0.66500000,24780.98000000,0.66400000,17712.80000000,0.66300000,18454.08000000,0.66200000,10049.51000000,0.66100000,87989.85000000,0.66000000,78415.31000000,0.65900000,66453.89000000,0.65800000,53892.73000000,0.66800000,7393.65000000,0.66900000,22053.11000000,0.67000000,54716.60000000,0.67100000,50107.44000000,0.67200000,40839.76000000,0.67300000,14705.19000000,0.67400000,31405.92000000,0.67500000,61512.64000000,0.67600000,63638.94000000,0.67700000,73062.02000000,,,,,,,,,,,,,,,,,,,,,,,,,,,,,,,,,,,,,,,,,0.000024,
0,7,54,0.66800000,0.6719,0.5838,1774137184458,0.66700000,3463.78000000,0.66600000,21399.69000000,0.66500000,27868.46000000,0.66400000,17512.80000000,0.66300000,18654.08000000,0.66200000,10049.51000000,0.66100000,87989.85000000,0.66000000,78445.31000000,0.65900000,70199.20000000,0.65800000,53892.73000000,0.66800000,12934.82000000,0.66900000,29291.43000000,0.67000000,46218.14000000,0.67100000,48909.04000000,0.67200000,40839.76000000,0.67300000,14694.76000000,0.67400000,31405.92000000,0.67500000,61512.64000000,0.67600000,63638.94000000,0.67700000,73062.02000000,,,,,,,,,,,,,,,,,,,,,,,,,,,,,,,,,,,,,,,,,0.000024,
0,7,54,0.66900000,0.6722,0.4783,1774137184759,0.66600000,16485.16000000,0.66500000,30487.20000000,0.66400000,18431.03000000,0.66300000,18054.08000000,0.66200000,10659.94000000,0.66100000,87989.85000000,0.66000000,78445.31000000,0.65900000,70199.20000000,0.65800000,53892.73000000,0.65700000,70594.82000000,0.66700000,1923.58000000,0.66800000,21230.08000000,0.66900000,36467.92000000,0.67000000,33799.94000000,0.67100000,48909.04000000,0.67200000,34103.30000000,0.67300000,14694.76000000,0.67400000,31405.92000000,0.67500000,61512.64000000,0.67600000,63638.94000000,,,,,,,,,,,,,,,,,,,,,,,,,,,,,,,,,,,,,,,,,0.000024,
0,7,54,0.66800000,0.6725,0.6737,1774137185060,0.66600000,16560.17000000,0.66500000,30087.20000000,0.66400000,18431.03000000,0.66300000,18488.39000000,0.66200000,10659.94000000,0.66100000,87989.85000000,0.66000000,78445.31000000,0.65900000,67518.48000000,0.65800000,53892.73000000,0.65700000,73587.58000000,0.66700000,1916.65000000,0.66800000,20855.76000000,0.66900000,36467.92000000,0.67000000,34697.78000000,0.67100000,48007.44000000,0.67200000,30740.08000000,0.67300000,14694.76000000,0.67400000,31405.92000000,0.67500000,61512.64000000,0.67600000,63638.94000000,,,,,,,,,,,,,,,,,,,,,,,,,,,,,,,,,,,,,,,,,0.000024,
0,7,54,0.66800000,0.6729,0.7335,1774137185360,0.66600000,14331.72000000,0.66500000,29915.56000000,0.66400000,18370.89000000,0.66300000,14481.98000000,0.66200000,14531.32000000,0.66100000,87989.85000000,0.66000000,78445.31000000,0.65900000,67518.48000000,0.65800000,53621.91000000,0.65700000,73587.58000000,0.66700000,11351.62000000,0.66800000,24269.85000000,0.66900000,37133.72000000,0.67000000,34697.78000000,0.67100000,38355.66000000,0.67200000,30729.65000000,0.67300000,14694.76000000,0.67400000,31033.02000000,0.67500000,61512.64000000,0.67600000,69638.94000000,,,,,,,,,,,,,,,,,,,,,,,,,,,,,,,,,,,,,,,,,0.000024,
0,7,54,0.66800000,0.672,0.5988,1774137185661,0.66600000,14343.51000000,0.66500000,24122.66000000,0.66400000,16967.90000000,0.66300000,15887.08000000,0.66200000,14471.51000000,0.66100000,84308.41000000,0.66000000,82337.81000000,0.65900000,67624.21000000,0.65800000,53621.91000000,0.65700000,73587.58000000,0.66700000,12570.93000000,0.66800000,23669.85000000,0.66900000,36481.17000000,0.67000000,34697.78000000,0.67100000,41465.78000000,0.67200000,27319.99000000,0.67300000,14694.76000000,0.67400000,31033.02000000,0.67500000,61512.64000000,0.67600000,69638.94000000,,,,,,,,,,,,,,,,,,,,,,,,,,,,,,,,,,,,,,,,,0.000024,
0,7,54,0.66800000,0.6719,0.5838,1774137185962,0.66500000,18153.46000000,0.66400000,23592.11000000,0.66300000,15687.08000000,0.66200000,13959.53000000,0.66100000,78432.20000000,0.66000000,80378.71000000,0.65900000,74964.33000000,0.65800000,48356.83000000,0.65700000,74423.74000000,0.65600000,16392.41000000,0.66600000,7914.13000000,0.66700000,19145.11000000,0.66800000,33146.67000000,0.66900000,35125.25000000,0.67000000,35517.26000000,0.67100000,41318.45000000,0.67200000,27319.99000000,0.67300000,14465.70000000,0.67400000,31033.02000000,0.67500000,61512.64000000,,,,,,,,,,,,,,,,,,,,,,,,,,,,,,,,,,,,,,,,,0.000024,
0,7,54,0.66800000,0.6719,0.5838,1774137186263,0.66500000,13715.46000000,0.66400000,28033.41000000,0.66300000,16567.84000000,0.66200000,10307.21000000,0.66100000,81851.06000000,0.66000000,77243.96000000,0.65900000,78300.87000000,0.65800000,48286.11000000,0.65700000,74127.48000000,0.65600000,25614.06000000,0.66600000,7474.54000000,0.66700000,22829.57000000,0.66800000,32018.74000000,0.66900000,36040.32000000,0.67000000,33848.42000000,0.67100000,26802.21000000,0.67200000,27319.99000000,0.67300000,14465.70000000,0.67400000,31033.02000000,0.67500000,70699.90000000,,,,,,,,,,,,,,,,,,,,,,,,,,,,,,,,,,,,,,,,,0.000024,
0,7,54,0.66800000,0.6716,0.5389,1774137186563,0.66600000,6114.45000000,0.66500000,20225.33000000,0.66400000,28033.41000000,0.66300000,16567.84000000,0.66200000,10907.21000000,0.66100000,81251.06000000,0.66000000,77243.96000000,0.65900000,78255.23000000,0.65800000,48286.11000000,0.65700000,74127.48000000,0.66700000,14026.37000000,0.66800000,28596.11000000,0.66900000,42904.70000000,0.67000000,33509.20000000,0.67100000,26802.21000000,0.67200000,27819.99000000,0.67300000,14465.70000000,0.67400000,31033.02000000,0.67500000,70699.90000000,0.67600000,69638.94000000,,,,,,,,,,,,,,,,,,,,,,,,,,,,,,,,,,,,,,,,,0.000024,
0,7,54,0.66800000,0.671,0.4491,1774137186864,0.66600000,9875.81000000,0.66500000,24169.43000000,0.66400000,20927.07000000,0.66300000,17176.10000000,0.66200000,10307.21000000,0.66100000,81240.63000000,0.66000000,77213.96000000,0.65900000,76783.00000000,0.65800000,46039.73000000,0.65700000,74127.48000000,0.66700000,12028.65000000,0.66800000,23138.47000000,0.66900000,36146.32000000,0.67000000,34002.20000000,0.67100000,26802.21000000,0.67200000,27819.99000000,0.67300000,14465.70000000,0.67400000,31033.02000000,0.67500000,70699.90000000,0.67600000,69638.94000000,,,,,,,,,,,,,,,,,,,,,,,,,,,,,,,,,,,,,,,,,0.000024,
0,7,54,0.66800000,0.6714,0.509,1774137187165,0.66600000,9875.81000000,0.66500000,24169.43000000,0.66400000,20927.07000000,0.66300000,16576.10000000,0.66200000,10907.21000000,0.66100000,81240.63000000,0.66000000,77213.96000000,0.65900000,76783.00000000,0.65800000,46039.73000000,0.65700000,74127.48000000,0.66700000,14798.78000000,0.66800000,31109.92000000,0.66900000,42050.22000000,0.67000000,34002.20000000,0.67100000,26802.21000000,0.67200000,27819.99000000,0.67300000,14465.70000000,0.67400000,31033.02000000,0.67500000,76699.90000000,0.67600000,63638.94000000,,,,,,,,,,,,,,,,,,,,,,,,,,,,,,,,,,,,,,,,,0.000024,
0,7,54,0.66800000,0.6712,0.479,1774137187466,0.66600000,9875.81000000,0.66500000,24169.43000000,0.66400000,20927.07000000,0.66300000,16576.10000000,0.66200000,10907.21000000,0.66100000,81240.63000000,0.66000000,77213.96000000,0.65900000,76783.00000000,0.65800000,46039.73000000,0.65700000,74127.48000000,0.66700000,14798.78000000,0.66800000,31109.92000000,0.66900000,42050.22000000,0.67000000,34002.20000000,0.67100000,26802.21000000,0.67200000,27819.99000000,0.67300000,14465.70000000,0.67400000,31033.02000000,0.67500000,76699.90000000,0.67600000,63638.94000000,,,,,,,,,,,,,,,,,,,,,,,,,,,,,,,,,,,,,,,,,0.000024,
0,7,54,0.66900000,0.6711,0.3139,1774137187766,0.66600000,9875.81000000,0.66500000,24315.78000000,0.66400000,20927.07000000,0.66300000,16576.10000000,0.66200000,10907.21000000,0.66100000,81240.63000000,0.66000000,77222.36000000,0.65900000,76783.00000000,0.65800000,46039.73000000,0.65700000,73975.54000000,0.66700000,15467.28000000,0.66800000,27983.82000000,0.66900000,42050.22000000,0.67000000,34002.20000000,0.67100000,26723.80000000,0.67200000,27819.99000000,0.67300000,14465.70000000,0.67400000,31033.02000000,0.67500000,76699.90000000,0.67600000,63638.94000000,,,,,,,,,,,,,,,,,,,,,,,,,,,,,,,,,,,,,,,,,0.000024,
0,7,54,0.66800000,0.6711,0.4641,1774137188067,0.66600000,5460.00000000,0.66500000,20397.25000000,0.66400000,21752.01000000,0.66300000,16116.81000000,0.66200000,11280.81000000,0.66100000,81251.06000000,0.66000000,77222.36000000,0.65900000,74285.83000000,0.65800000,52297.25000000,0.65700000,73975.54000000,0.66700000,20235.54000000,0.66800000,32220.12000000,0.66900000,46671.60000000,0.67000000,34002.20000000,0.67100000,26770.73000000,0.67200000,27819.99000000,0.67300000,14528.10000000,0.67400000,31033.02000000,0.67500000,76699.90000000,0.67600000,63633.30000000,,,,,,,,,,,,,,,,,,,,,,,,,,,,,,,,,,,,,,,,,0.000024,
0,7,54,0.66800000,0.6714,0.509,1774137188367,0.66600000,3934.90000000,0.66500000,20397.25000000,0.66400000,18589.17000000,0.66300000,16116.81000000,0.66200000,11280.81000000,0.66100000,81251.06000000,0.66000000,77222.36000000,0.65900000,72785.06000000,0.65800000,53800.30000000,0.65700000,73975.54000000,0.66700000,17681.99000000,0.66800000,24902.12000000,0.66900000,47271.60000000,0.67000000,33338.27000000,0.67100000,26770.73000000,0.67200000,27819.99000000,0.67300000,14528.10000000,0.67400000,31033.02000000,0.67500000,76699.90000000,0.67600000,63633.30000000,,,,,,,,,,,,,,,,,,,,,,,,,,,,,,,,,,,,,,,,,0.000024,
0,7,54,0.66800000,0.6715,0.524,1774137188668,0.66600000,7696.26000000,0.66500000,24836.15000000,0.66400000,14643.47000000,0.66300000,15823.71000000,0.66200000,11080.81000000,0.66100000,81240.63000000,0.66000000,77222.36000000,0.65900000,72785.06000000,0.65800000,50049.37000000,0.65700000,73975.54000000,0.66700000,14088.08000000,0.66800000,20957.32000000,0.66900000,51217.30000000,0.67000000,33338.27000000,0.67100000,26770.73000000,0.67200000,27819.99000000,0.67300000,14528.10000000,0.67400000,31033.02000000,0.67500000,76699.90000000,0.67600000,63633.30000000,,,,,,,,,,,,,,,,,,,,,,,,,,,,,,,,,,,,,,,,,0.000024,
0,7,54,0.66800000,0.6716,0.5389,1774137188969,0.66700000,9909.27000000,0.66600000,22352.87000000,0.66500000,18077.94000000,0.66400000,11213.01000000,0.66300000,15908.64000000,0.66200000,13950.53000000,0.66100000,77617.45000000,0.66000000,77025.61000000,0.65900000,69034.13000000,0.65800000,50049.37000000,0.66800000,12838.87000000,0.66900000,21715.99000000,0.67000000,42096.24000000,0.67100000,28533.16000000,0.67200000,27330.42000000,0.67300000,15401.80000000,0.67400000,31033.02000000,0.67500000,76699.90000000,0.67600000,63633.30000000,0.67700000,64062.82000000,,,,,,,,,,,,,,,,,,,,,,,,,,,,,,,,,,,,,,,,,0.000024,
0,7,54,0.66800000,0.6716,0.5389,1774137189269,0.66700000,15783.42000000,0.66600000,18557.32000000,0.66500000,18077.94000000,0.66400000,11813.01000000,0.66300000,15308.64000000,0.66200000,13950.53000000,0.66100000,77617.45000000,0.66000000,77025.61000000,0.65900000,69034.13000000,0.65800000,50049.37000000,0.66800000,10028.68000000,0.66900000,21715.99000000,0.67000000,54042.99000000,0.67100000,24930.54000000,0.67200000,28039.35000000,0.67300000,15401.80000000,0.67400000,31033.02000000,0.67500000,67512.64000000,0.67600000,63633.30000000,0.67700000,64062.82000000,,,,,,,,,,,,,,,,,,,,,,,,,,,,,,,,,,,,,,,,,0.000024,
0,7,54,0.66800000,0.6715,0.524,1774137189570,0.66700000,18031.37000000,0.66600000,18889.87000000,0.66500000,17950.94000000,0.66400000,12036.44000000,0.66300000,15108.64000000,0.66200000,13576.93000000,0.66100000,77617.45000000,0.66000000,77025.61000000,0.65900000,69042.53000000,0.65800000,50049.37000000,0.66800000,5670.13000000,0.66900000,19045.60000000,0.67000000,49700.58000000,0.67100000,29291.84000000,0.67200000,31712.49000000,0.67300000,15349.83000000,0.67400000,31033.02000000,0.67500000,67512.64000000,0.67600000,63633.30000000,0.67700000,73245.67000000,,,,,,,,,,,,,,,,,,,,,,,,,,,,,,,,,,,,,,,,,0.000024,
0,7,54,0.66800000,0.6715,0.524,1774137189871,0.66800000,6162.90000000,0.66700000,19179.48000000,0.66600000,16719.85000000,0.66500000,17457.74000000,0.66400000,12436.44000000,0.66300000,18378.68000000,0.66200000,9893.53000000,0.66100000,77617.45000000,0.66000000,77025.61000000,0.65900000,69042.53000000,0.66900000,14560.00000000,0.67000000,41992.51000000,0.67100000,37100.26000000,0.67200000,33287.86000000,0.67300000,15349.83000000,0.67400000,31033.02000000,0.67500000,67512.64000000,0.67600000,65551.57000000,0.67700000,73245.67000000,0.67800000,62655.17000000,,,,,,,,,,,,,,,,,,,,,,,,,,,,,,,,,,,,,,,,,0.000024,
0,7,54,0.66800000,0.6715,0.524,1774137190171,0.66800000,6172.03000000,0.66700000,19501.52000000,0.66600000,15746.88000000,0.66500000,18356.94000000,0.66400000,11515.67000000,0.66300000,18378.68000000,0.66200000,9893.53000000,0.66100000,77625.02000000,0.66000000,77025.61000000,0.65900000,69042.53000000,0.66900000,23946.00000000,0.67000000,34228.96000000,0.67100000,44650.61000000,0.67200000,33781.26000000,0.67300000,14849.83000000,0.67400000,31533.02000000,0.67500000,67512.64000000,0.67600000,65551.57000000,0.67700000,73245.67000000,0.67800000,62655.17000000,,,,,,,,,,,,,,,,,,,,,,,,,,,,,,,,,,,,,,,,,0.000024,
0,7,54,0.66800000,0.6717,0.5539,1774137190472,0.66700000,11180.12000000,0.66600000,17194.65000000,0.66500000,18356.94000000,0.66400000,10515.67000000,0.66300000,19378.68000000,0.66200000,9893.53000000,0.66100000,77625.02000000,0.66000000,77025.61000000,0.65900000,69042.53000000,0.65800000,59353.69000000,0.66800000,7849.13000000,0.66900000,32239.55000000,0.67000000,38532.80000000,0.67100000,40703.31000000,0.67200000,33823.07000000,0.67300000,14849.83000000,0.67400000,31533.02000000,0.67500000,67512.64000000,0.67600000,65551.57000000,0.67700000,73245.67000000,,,,,,,,,,,,,,,,,,,,,,,,,,,,,,,,,,,,,,,,,0.000024,
0,7,54,0.66800000,0.6718,0.5689,1774137190773,0.66700000,12925.57000000,0.66600000,16862.10000000,0.66500000,18356.94000000,0.66400000,10915.67000000,0.66300000,18978.68000000,0.66200000,9893.53000000,0.66100000,80951.46000000,0.66000000,77025.61000000,0.65900000,65705.99000000,0.65800000,59362.09000000,0.66800000,7849.13000000,0.66900000,29822.85000000,0.67000000,38532.80000000,0.67100000,40703.31000000,0.67200000,33823.07000000,0.67300000,14849.83000000,0.67400000,31533.02000000,0.67500000,67512.64000000,0.67600000,65551.57000000,0.67700000,73245.67000000,,,,,,,,,,,,,,,,,,,,,,,,,,,,,,,,,,,,,,,,,0.000024,
0,7,54,0.66800000,0.6718,0.5689,1774137191074,0.66700000,12885.76000000,0.66600000,16862.10000000,0.66500000,18356.94000000,0.66400000,11046.44000000,0.66300000,18978.68000000,0.66200000,9893.53000000,0.66100000,80951.46000000,0.66000000,78525.61000000,0.65900000,65705.99000000,0.65800000,57857.54000000,0.66800000,3460.76000000,0.66900000,29822.85000000,0.67000000,41343.16000000,0.67100000,42708.60000000,0.67200000,32050.95000000,0.67300000,14849.83000000,0.67400000,31533.02000000,0.67500000,67512.64000000,0.67600000,65551.57000000,0.67700000,73245.67000000,,,,,,,,,,,,,,,,,,,,,,,,,,,,,,,,,,,,,,,,,0.000024,
0,7,54,0.66800000,0.6721,0.6138,1774137191374,0.66700000,13035.68000000,0.66600000,16711.95000000,0.66500000,18356.94000000,0.66400000,11246.44000000,0.66300000,18778.68000000,0.66200000,9893.53000000,0.66100000,80951.46000000,0.66000000,78525.61000000,0.65900000,65705.99000000,0.65800000,57857.54000000,0.66800000,1239.13000000,0.66900000,30571.80000000,0.67000000,38584.28000000,0.67100000,42708.60000000,0.67200000,32050.95000000,0.67300000,14849.83000000,0.67400000,37533.02000000,0.67500000,61512.64000000,0.67600000,65551.57000000,0.67700000,73245.67000000,,,,,,,,,,,,,,,,,,,,,,,,,,,,,,,,,,,,,,,,,0.000024,
0,7,54,0.66800000,0.6722,0.6287,1774137191674,0.66700000,12885.76000000,0.66600000,16862.10000000,0.66500000,18356.94000000,0.66400000,11046.44000000,0.66300000,18978.68000000,0.66200000,9893.53000000,0.66100000,80951.46000000,0.66000000,78525.61000000,0.65900000,65705.99000000,0.65800000,57857.54000000,0.66800000,3610.00000000,0.66900000,30946.27000000,0.67000000,38584.28000000,0.67100000,42708.60000000,0.67200000,32050.95000000,0.67300000,14849.83000000,0.67400000,37533.02000000,0.67500000,61512.64000000,0.67600000,65551.57000000,0.67700000,73245.67000000,,,,,,,,,,,,,,,,,,,,,,,,,,,,,,,,,,,,,,,,,0.000024,
