spot_source_id,fut_source_id,symbol_id,ask_spot,bid_futures,spread_pct,ts,s_b1,s_b2,s_b3,s_b4,s_b5,s_b6,s_b7,s_b8,s_b9,s_b10,s_bq1,s_bq2,s_bq3,s_bq4,s_bq5,s_bq6,s_bq7,s_bq8,s_bq9,s_bq10,s_a1,s_a2,s_a3,s_a4,s_a5,s_a6,s_a7,s_a8,s_a9,s_a10,s_aq1,s_aq2,s_aq3,s_aq4,s_aq5,s_aq6,s_aq7,s_aq8,s_aq9,s_aq10,f_b1,f_b2,f_b3,f_b4,f_b5,f_b6,f_b7,f_b8,f_b9,f_b10,f_bq1,f_bq2,f_bq3,f_bq4,f_bq5,f_bq6,f_bq7,f_bq8,f_bq9,f_bq10,f_a1,f_a2,f_a3,f_a4,f_a5,f_a6,f_a7,f_a8,f_a9,f_a10,f_aq1,f_aq2,f_aq3,f_aq4,f_aq5,f_aq6,f_aq7,f_aq8,f_aq9,f_aq10,fr_r,fr_ft
0,5,350,0.01315000,0.01313,-0.1521,1774137100000,0.01314000,277.40000000,0.01313000,32505.60000000,0.01312000,188473.60000000,0.01311000,156813.60000000,0.01310000,80757.10000000,0.01309000,339816.90000000,0.01308000,312851.00000000,0.01307000,225044.60000000,0.01306000,76452.50000000,0.01305000,126379.70000000,0.01315000,5820.00000000,0.01316000,43412.80000000,0.01317000,56433.40000000,0.01318000,83895.70000000,0.01319000,165945.30000000,0.01320000,93049.70000000,0.01321000,150697.40000000,0.01322000,116348.50000000,0.01323000,160705.50000000,0.01324000,104982.10000000,,,,,,,,,,,,,,,,,,,,,,,,,,,,,,,,,,,,,,,,,,
0,5,350,0.01316000,0.01312,-0.304,1774137101000,0.01314000,14198.40000000,0.01313000,190282.40000000,0.01312000,188473.60000000,0.01311000,156813.60000000,0.01310000,80757.10000000,0.01309000,287545.60000000,0.01308000,312851.00000000,0.01307000,168309.70000000,0.01306000,111356.70000000,0.01305000,126379.70000000,0.01316000,42962.10000000,0.01317000,203602.70000000,0.01318000,50623.70000000,0.01319000,179218.20000000,0.01320000,93049.70000000,0.01321000,150697.40000000,0.01322000,116348.50000000,0.01323000,173016.10000000,0.01324000,108700.90000000,0.01325000,41261.20000000,0.01313,121,0.01312,986,0.01311,537,0.0131,1076,0.01309,531,0.01308,1063,0.01307,487,0.01306,988,0.01305,1843,0.01304,1652,0.01315,52,0.01316,143,0.01317,520,0.01318,1481,0.01319,551,0.0132,1928,0.01321,484,0.01322,1415,0.01323,487,0.01324,979,,
0,5,350,0.01316000,0.01312,-0.304,1774137102000,0.01314000,14198.40000000,0.01313000,32505.60000000,0.01312000,255282.50000000,0.01311000,156813.60000000,0.01310000,80757.10000000,0.01309000,287545.60000000,0.01308000,312851.00000000,0.01307000,168309.70000000,0.01306000,111356.70000000,0.01305000,126379.70000000,0.01316000,43086.10000000,0.01317000,203602.70000000,0.01318000,50623.70000000,0.01319000,179218.20000000,0.01320000,93049.70000000,0.01321000,150697.40000000,0.01322000,116348.50000000,0.01323000,173016.10000000,0.01324000,108700.90000000,0.01325000,41261.20000000,0.01312,942,0.01311,537,0.0131,1228,0.01309,835,0.01308,1063,0.01307,487,0.01306,988,0.01305,1843,0.01304,1702,0.01303,46,0.01314,10,0.01315,109,0.01316,143,0.01317,570,0.01318,1140,0.01319,551,0.0132,1825,0.01321,484,0.01322,1415,0.01323,487,,
0,5,350,0.01314000,0.01312,-0.1522,1774137104000,0.01313000,8160.40000000,0.01312000,129219.70000000,0.01311000,268068.70000000,0.01310000,143971.90000000,0.01309000,211774.90000000,0.01308000,312851.00000000,0.01307000,158120.20000000,0.01306000,145050.50000000,0.01305000,126379.70000000,0.01304000,441181.30000000,0.01314000,8325.00000000,0.01315000,26296.30000000,0.01316000,42962.10000000,0.01317000,238323.90000000,0.01318000,15923.70000000,0.01319000,179218.20000000,0.01320000,88285.30000000,0.01321000,150797.20000000,0.01322000,116348.50000000,0.01323000,155597.00000000,0.01312,1,0.01311,487,0.0131,1126,0.01309,759,0.01308,984,0.01307,487,0.01306,1068,0.01305,1077,0.01304,2469,0.01303,46,0.01313,8,0.01314,145,0.01315,445,0.01316,1136,0.01317,484,0.01318,1207,0.01319,1259,0.0132,988,0.01321,484,0.01322,1415,,
0,5,350,0.01313000,0.01299,-1.0663,1774137105000,0.01296000,3081.00000000,0.01295000,11149.20000000,0.01294000,89440.50000000,0.01293000,56981.70000000,0.01292000,101889.30000000,0.01291000,197352.70000000,0.01290000,104981.90000000,0.01289000,230859.90000000,0.01288000,8580.50000000,0.01287000,9645.10000000,0.01298000,30935.50000000,0.01299000,56807.40000000,0.01300000,14600051.10000000,0.01301000,8325.00000000,0.01303000,109434.00000000,0.01304000,67972.00000000,0.01305000,45166.60000000,0.01306000,68127.50000000,0.01307000,109434.00000000,0.01308000,68064.00000000,0.0131,16,0.01309,137,0.01308,1060,0.01307,751,0.01306,1382,0.01305,1037,0.01304,1456,0.01303,136,0.01302,1318,0.01301,1216,0.01311,8,0.01312,95,0.01313,490,0.01314,1039,0.01315,602,0.01316,1903,0.01317,484,0.01318,1020,0.01319,501,0.0132,1338,,
0,5,350,0.01300000,0.0129,-0.7692,1774137106000,0.01290000,31879.40000000,0.01289000,27845.20000000,0.01288000,102691.60000000,0.01287000,37836.70000000,0.01286000,35640.10000000,0.01285000,149602.50000000,0.01284000,120534.40000000,0.01283000,150919.00000000,0.01282000,688790.50000000,0.01281000,16767.80000000,0.01291000,67972.00000000,0.01292000,9983.60000000,0.01293000,153114.80000000,0.01294000,116672.70000000,0.01295000,234196.80000000,0.01296000,38720.10000000,0.01297000,229782.40000000,0.01298000,61404.90000000,0.01299000,227439.90000000,0.01300000,14579942.60000000,0.0129,247,0.01289,117,0.01288,399,0.01287,247,0.01286,108,0.01285,92,0.01284,984,0.01283,99,0.01282,984,0.01281,35,0.01292,394,0.01293,68,0.01294,450,0.01295,959,0.01296,1231,0.01297,959,0.01298,513,0.01299,1000,0.013,503,0.01301,924,,
0,5,350,0.01298000,0.01293,-0.3852,1774137107000,0.01293000,64413.70000000,0.01292000,184252.80000000,0.01291000,148092.40000000,0.01290000,154379.50000000,0.01289000,200567.40000000,0.01288000,117238.80000000,0.01287000,197401.50000000,0.01286000,64666.50000000,0.01285000,196692.00000000,0.01284000,84707.60000000,0.01296000,72894.10000000,0.01297000,166272.20000000,0.01298000,70794.30000000,0.01299000,260799.10000000,0.01300000,14579942.60000000,0.01301000,143459.40000000,0.01302000,83907.30000000,0.01303000,125369.30000000,0.01304000,84061.50000000,0.01305000,15935.30000000,0.01294,46,0.01293,546,0.01292,983,0.01291,623,0.0129,1311,0.01289,528,0.01288,1003,0.01287,512,0.01286,1000,0.01285,477,0.01296,2,0.01297,900,0.01298,454,0.01299,1080,0.013,1272,0.01301,924,0.01302,502,0.01303,60,0.01304,2574,0.01305,32,,
0,5,350,0.01293000,0.01293,0.0,1774137108000,0.01292000,43979.20000000,0.01291000,43663.70000000,0.01290000,135016.20000000,0.01289000,95000.70000000,0.01288000,52053.10000000,0.01287000,161478.50000000,0.01286000,166585.00000000,0.01285000,164388.30000000,0.01284000,84707.60000000,0.01283000,202358.50000000,0.01293000,115505.50000000,0.01294000,39212.50000000,0.01295000,154895.90000000,0.01296000,150549.90000000,0.01297000,167387.40000000,0.01298000,120443.90000000,0.01299000,157879.50000000,0.01300000,14580096.80000000,0.01301000,125469.10000000,0.01302000,101843.40000000,0.01293,59,0.01292,349,0.01291,647,0.0129,1025,0.01289,528,0.01288,1003,0.01287,512,0.01286,1000,0.01285,436,0.01284,934,0.01295,892,0.01296,10,0.01297,957,0.01298,1335,0.01299,1098,0.013,503,0.01301,924,0.01302,462,0.01303,60,0.01304,2574,,
0,5,350,0.01293000,0.01295,0.1547,1774137109000,0.01293000,42284.30000000,0.01292000,308784.60000000,0.01291000,175978.80000000,0.01290000,262128.00000000,0.01289000,59173.20000000,0.01288000,120025.10000000,0.01287000,262097.20000000,0.01286000,422284.10000000,0.01285000,196692.00000000,0.01284000,50667.20000000,0.01295000,5820.00000000,0.01296000,128751.90000000,0.01297000,205996.80000000,0.01298000,81275.00000000,0.01299000,230314.20000000,0.01300000,14618915.80000000,0.01301000,125469.10000000,0.01302000,101843.40000000,0.01303000,137679.90000000,0.01304000,87463.00000000,0.01295,2,0.01294,94,0.01293,594,0.01292,1192,0.01291,698,0.0129,999,0.01289,546,0.01288,984,0.01287,503,0.01286,949,0.01297,950,0.01298,1382,0.01299,1094,0.013,505,0.01301,974,0.01302,512,0.01303,146,0.01304,2623,0.01305,100,0.01306,510,,
0,5,350,0.01294000,0.01294,0.0,1774137110000,0.01294000,42557.60000000,0.01293000,96842.80000000,0.01292000,309750.70000000,0.01291000,142656.90000000,0.01290000,279791.20000000,0.01289000,59173.20000000,0.01288000,120025.10000000,0.01287000,227101.60000000,0.01286000,390558.60000000,0.01285000,196692.00000000,0.01296000,108810.80000000,0.01297000,117759.00000000,0.01298000,116243.70000000,0.01299000,230314.20000000,0.01300000,14583974.70000000,0.01301000,125469.10000000,0.01302000,83907.30000000,0.01303000,125369.30000000,0.01304000,87463.00000000,0.01305000,259721.60000000,0.01294,167,0.01293,538,0.01292,1268,0.01291,698,0.0129,999,0.01289,546,0.01288,984,0.01287,503,0.01286,999,0.01285,68,0.01296,10,0.01297,900,0.01298,617,0.01299,1131,0.013,1313,0.01301,974,0.01302,512,0.01303,110,0.01304,2659,0.01305,100,,
0,5,350,0.01295000,0.01293,-0.1544,1774137111000,0.01292000,2610.00000000,0.01291000,54610.70000000,0.01290000,124604.10000000,0.01289000,52879.90000000,0.01288000,63623.90000000,0.01287000,297283.80000000,0.01286000,387721.70000000,0.01285000,266156.60000000,0.01284000,129551.50000000,0.01283000,227694.40000000,0.01294000,54391.80000000,0.01295000,135226.70000000,0.01296000,77162.60000000,0.01297000,236631.00000000,0.01298000,87532.10000000,0.01299000,230314.20000000,0.01300000,98411.80000000,0.01301000,125586.70000000,0.01302000,83907.30000000,0.01303000,141969.00000000,0.01294,64,0.01293,178,0.01292,1306,0.01291,621,0.0129,999,0.01289,546,0.01288,984,0.01287,503,0.01286,999,0.01285,68,0.01296,435,0.01297,124,0.01298,607,0.01299,1135,0.013,1313,0.01301,974,0.01302,512,0.01303,110,0.01304,2623,0.01305,100,,
0,5,350,0.01295000,0.01293,-0.1544,1774137112000,0.01292000,34399.70000000,0.01291000,133614.80000000,0.01290000,177128.10000000,0.01289000,214014.50000000,0.01288000,217252.80000000,0.01287000,233888.20000000,0.01286000,492344.70000000,0.01285000,119155.60000000,0.01284000,46156.20000000,0.01283000,197896.70000000,0.01294000,14145.00000000,0.01295000,76297.00000000,0.01296000,62263.90000000,0.01297000,271315.30000000,0.01298000,97700.70000000,0.01299000,224907.80000000,0.01300000,60519.80000000,0.01301000,161381.70000000,0.01302000,138208.60000000,0.01303000,141969.00000000,0.01293,91,0.01292,138,0.01291,637,0.0129,1309,0.01289,618,0.01288,984,0.01287,550,0.01286,999,0.01285,112,0.01284,1330,0.01295,975,0.01296,485,0.01297,1066,0.01298,607,0.01299,1904,0.013,544,0.01301,974,0.01302,512,0.01303,110,0.01304,2623,,
0,5,350,0.01297000,0.01297,0.0,1774137113000,0.01295000,81706.70000000,0.01294000,173997.60000000,0.01293000,160205.60000000,0.01292000,175503.70000000,0.01291000,180136.00000000,0.01290000,116234.50000000,0.01289000,169331.30000000,0.01288000,144387.30000000,0.01287000,229292.70000000,0.01286000,426070.90000000,0.01297000,67414.00000000,0.01298000,70933.50000000,0.01299000,115474.20000000,0.01300000,102379.10000000,0.01301000,188576.30000000,0.01302000,120504.20000000,0.01303000,177224.70000000,0.01304000,87463.00000000,0.01305000,260091.50000000,0.01306000,84062.80000000,0.01297,6,0.01296,140,0.01295,572,0.01294,1058,0.01293,610,0.01292,999,0.01291,637,0.0129,999,0.01289,524,0.01288,934,0.01298,75,0.01299,199,0.013,544,0.01301,1346,0.01302,1280,0.01303,118,0.01304,2623,0.01305,100,0.01306,497,0.01307,930,,
0,5,350,0.01294000,0.01297,0.2318,1774137114000,0.01295000,2668.60000000,0.01294000,219480.70000000,0.01293000,125954.40000000,0.01292000,86514.40000000,0.01291000,217762.10000000,0.01290000,116709.90000000,0.01289000,168820.50000000,0.01288000,124482.30000000,0.01287000,236398.30000000,0.01286000,372864.70000000,0.01296000,32994.80000000,0.01297000,43514.10000000,0.01298000,76836.90000000,0.01299000,80230.20000000,0.01300000,120763.90000000,0.01301000,188554.80000000,0.01302000,117362.30000000,0.01303000,202470.40000000,0.01304000,83907.30000000,0.01305000,242049.40000000,0.01297,6,0.01296,141,0.01295,605,0.01294,981,0.01293,541,0.01292,974,0.01291,637,0.0129,999,0.01289,524,0.01288,934,0.01299,184,0.013,484,0.01301,1751,0.01302,850,0.01303,1258,0.01304,2617,0.01305,109,0.01306,497,0.01307,930,0.01308,436,,
0,5,350,0.01297000,0.01296,-0.0771,1774137115000,0.01295000,49883.80000000,0.01294000,203191.60000000,0.01293000,192798.80000000,0.01292000,129932.50000000,0.01291000,217762.10000000,0.01290000,116709.90000000,0.01289000,168820.50000000,0.01288000,124482.30000000,0.01287000,221259.40000000,0.01286000,401393.80000000,0.01297000,50636.80000000,0.01298000,164389.70000000,0.01299000,163781.30000000,0.01300000,155705.70000000,0.01301000,153653.80000000,0.01302000,125078.30000000,0.01303000,205791.80000000,0.01304000,116927.10000000,0.01305000,15935.30000000,0.01306000,84062.80000000,0.01296,137,0.01295,602,0.01294,1058,0.01293,765,0.01292,974,0.01291,637,0.0129,999,0.01289,524,0.01288,984,0.01287,500,0.01298,9,0.01299,976,0.013,484,0.01301,924,0.01302,1319,0.01303,118,0.01304,2617,0.01305,109,0.01306,497,0.01307,930,,
0,5,350,0.01297000,0.01296,-0.0771,1774137116000,0.01294000,100084.80000000,0.01293000,125954.40000000,0.01292000,86514.40000000,0.01291000,217762.10000000,0.01290000,151669.80000000,0.01289000,221902.80000000,0.01288000,159439.20000000,0.01287000,221259.40000000,0.01286000,403242.80000000,0.01285000,171702.30000000,0.01296000,31391.10000000,0.01297000,42358.30000000,0.01298000,164389.70000000,0.01299000,200249.30000000,0.01300000,155720.80000000,0.01301000,198820.40000000,0.01302000,125078.30000000,0.01303000,133796.20000000,0.01304000,86208.30000000,0.01305000,15935.30000000,0.01296,7,0.01295,169,0.01294,981,0.01293,919,0.01292,974,0.01291,637,0.0129,999,0.01289,524,0.01288,984,0.01287,500,0.01297,9,0.01298,474,0.01299,1005,0.013,484,0.01301,1692,0.01302,551,0.01303,118,0.01304,2806,0.01305,109,0.01306,497,,
0,5,350,0.01296000,0.01296,0.0,1774137117000,0.01294000,100084.80000000,0.01293000,125954.40000000,0.01292000,142172.20000000,0.01291000,217762.10000000,0.01290000,151669.80000000,0.01289000,221902.80000000,0.01288000,159439.20000000,0.01287000,221259.40000000,0.01286000,403242.80000000,0.01285000,171702.30000000,0.01296000,5929.60000000,0.01297000,80874.30000000,0.01298000,164389.70000000,0.01299000,182744.00000000,0.01300000,155720.80000000,0.01301000,198820.40000000,0.01302000,125078.30000000,0.01303000,177207.90000000,0.01304000,86208.30000000,0.01305000,15935.30000000,0.01296,7,0.01295,169,0.01294,981,0.01293,842,0.01292,974,0.01291,637,0.0129,999,0.01289,524,0.01288,984,0.01287,500,0.01298,542,0.01299,1005,0.013,484,0.01301,1692,0.01302,551,0.01303,118,0.01304,2617,0.01305,109,0.01306,497,0.01307,930,,
0,5,350,0.01279000,0.01282,0.2346,1774137118000,0.01277000,110695.70000000,0.01276000,31365.80000000,0.01275000,51507.00000000,0.01274000,54814.30000000,0.01273000,119841.80000000,0.01272000,55606.90000000,0.01271000,118908.30000000,0.01270000,62841.20000000,0.01269000,109053.60000000,0.01268000,9137.70000000,0.01279000,1005.00000000,0.01280000,57605.40000000,0.01281000,55606.90000000,0.01282000,115801.60000000,0.01283000,41669.20000000,0.01284000,116179.60000000,0.01285000,221671.90000000,0.01286000,131556.80000000,0.01287000,136914.70000000,0.01288000,76453.60000000,0.01281,68,0.0128,82,0.01279,1064,0.01278,517,0.01277,995,0.01276,514,0.01275,994,0.01274,517,0.01273,995,0.01272,41,0.01283,433,0.01284,11,0.01285,1295,0.01286,99,0.01287,982,0.01288,100,0.01289,1626,0.0129,101,0.01291,1428,0.01292,103,,
0,5,350,0.01279000,0.01279,0.0,1774137119000,0.01276000,377954.20000000,0.01275000,12590.60000000,0.01274000,62769.20000000,0.01273000,49046.30000000,0.01272000,91038.50000000,0.01271000,120467.90000000,0.01270000,136642.80000000,0.01269000,464978.00000000,0.01268000,44759.50000000,0.01267000,12861.20000000,0.01277000,30653.70000000,0.01278000,15592.50000000,0.01279000,62061.50000000,0.01280000,120496.40000000,0.01281000,40639.50000000,0.01282000,233491.60000000,0.01283000,41669.20000000,0.01284000,236099.80000000,0.01285000,113974.80000000,0.01286000,272245.50000000,0.01277,2,0.01276,261,0.01275,994,0.01274,84,0.01273,995,0.01272,91,0.01271,544,0.0127,1002,0.01269,545,0.01268,1733,0.0128,386,0.01281,549,0.01282,90,0.01283,1584,0.01284,907,0.01285,2090,0.01286,108,0.01287,982,0.01288,100,0.01289,1428,,
0,5,350,0.01277000,0.01276,-0.0783,1774137120000,0.01275000,218858.80000000,0.01274000,133601.70000000,0.01273000,63087.40000000,0.01272000,177973.70000000,0.01271000,94240.10000000,0.01270000,151361.50000000,0.01269000,424975.10000000,0.01268000,76297.00000000,0.01267000,8325.00000000,0.01266000,157732.70000000,0.01278000,51939.90000000,0.01279000,17793.20000000,0.01280000,202037.20000000,0.01281000,80580.40000000,0.01282000,239282.40000000,0.01283000,53979.80000000,0.01284000,212133.30000000,0.01285000,89949.80000000,0.01286000,283395.90000000,0.01287000,52270.50000000,0.01275,1130,0.01274,350,0.01273,989,0.01272,105,0.01271,606,0.0127,988,0.01269,541,0.01268,991,0.01267,894,0.01266,1378,0.01277,2,0.01278,146,0.01279,153,0.0128,103,0.01281,1573,0.01282,104,0.01283,2361,0.01284,106,0.01285,1690,0.01286,58,0.0000500000000000,1774152000000
0,5,350,0.01278000,0.01278,0.0,1774137121000,0.01275000,1448.70000000,0.01274000,45710.00000000,0.01273000,117442.40000000,0.01272000,55471.80000000,0.01271000,81291.80000000,0.01270000,72709.80000000,0.01269000,405032.90000000,0.01268000,42285.20000000,0.01267000,8325.00000000,0.01266000,103202.80000000,0.01277000,76297.00000000,0.01279000,78056.30000000,0.01280000,123847.80000000,0.01281000,49722.60000000,0.01282000,203822.40000000,0.01283000,53979.80000000,0.01284000,257810.70000000,0.01285000,58765.60000000,0.01286000,235911.30000000,0.01287000,43672.70000000,0.01278,9,0.01277,165,0.01276,729,0.01275,1091,0.01274,742,0.01273,987,0.01272,637,0.01271,108,0.0127,938,0.01269,592,0.01281,545,0.01282,99,0.01283,1564,0.01284,883,0.01285,1505,0.01286,103,0.01287,1017,0.01288,100,0.01289,1370,0.0129,86,0.0000500000000000,1774152000000
0,5,350,0.01277000,0.0128,0.2349,1774137122000,0.01279000,513.50000000,0.01278000,35049.10000000,0.01277000,82497.90000000,0.01276000,56167.20000000,0.01275000,123272.00000000,0.01274000,219744.30000000,0.01273000,117803.20000000,0.01272000,43683.90000000,0.01271000,69294.00000000,0.01270000,101080.50000000,0.01280000,8325.00000000,0.01281000,63231.20000000,0.01282000,109546.20000000,0.01283000,62623.00000000,0.01284000,224600.70000000,0.01285000,104443.00000000,0.01286000,232818.20000000,0.01287000,41236.50000000,0.01288000,111796.40000000,0.01289000,68608.60000000,0.01275,971,0.01274,620,0.01273,944,0.01272,862,0.01271,104,0.0127,988,0.01269,1430,0.01268,986,0.01267,635,0.01266,945,0.01276,2,0.01277,11,0.01278,101,0.01279,152,0.0128,103,0.01281,678,0.01282,101,0.01283,1613,0.01284,881,0.01285,1488,,
0,5,350,0.01278000,0.01274,-0.313,1774137123000,0.01278000,43455.10000000,0.01277000,101563.70000000,0.01276000,156431.90000000,0.01275000,109764.60000000,0.01274000,88214.30000000,0.01273000,109871.00000000,0.01272000,64294.40000000,0.01271000,145435.90000000,0.01270000,100393.60000000,0.01269000,358039.60000000,0.01280000,8325.00000000,0.01281000,76608.90000000,0.01282000,119416.70000000,0.01283000,124584.40000000,0.01284000,189525.80000000,0.01285000,104443.00000000,0.01286000,232818.20000000,0.01287000,74405.10000000,0.01288000,142665.10000000,0.01289000,68774.70000000,0.0128,109,0.01279,1034,0.01278,705,0.01277,1121,0.01276,634,0.01275,1054,0.01274,669,0.01273,981,0.01272,634,0.01271,54,0.01282,24,0.01283,48,0.01284,621,0.01285,1833,0.01286,632,0.01287,981,0.01288,145,0.01289,1420,0.0129,95,0.01291,1406,,
0,5,350,0.01279000,0.01279,0.0,1774137124000,0.01277000,18915.00000000,0.01276000,125281.80000000,0.01275000,175477.80000000,0.01274000,80292.70000000,0.01273000,8325.00000000,0.01272000,101085.40000000,0.01271000,137871.20000000,0.01270000,159133.00000000,0.01269000,304120.00000000,0.01268000,8325.00000000,0.01280000,46575.40000000,0.01281000,54025.90000000,0.01282000,126911.40000000,0.01283000,52435.00000000,0.01284000,233570.10000000,0.01285000,57823.60000000,0.01286000,230744.70000000,0.01287000,42565.80000000,0.01288000,76475.60000000,0.01289000,136276.90000000,0.01275,1023,0.01274,423,0.01273,1478,0.01272,60,0.01271,624,0.0127,979,0.01269,1422,0.01268,983,0.01267,635,0.01266,945,0.01277,40,0.01278,84,0.01279,137,0.0128,82,0.01281,622,0.01282,97,0.01283,1117,0.01284,634,0.01285,1845,0.01286,582,,
0,5,350,0.01280000,0.01281,0.0781,1774137125000,0.01277000,37026.00000000,0.01276000,72580.40000000,0.01275000,124917.70000000,0.01274000,56325.80000000,0.01273000,53122.80000000,0.01272000,141186.70000000,0.01271000,184347.60000000,0.01270000,100393.60000000,0.01269000,358543.90000000,0.01268000,12842.60000000,0.01279000,8325.00000000,0.01280000,83563.40000000,0.01281000,107729.10000000,0.01282000,298010.90000000,0.01283000,95327.70000000,0.01284000,235790.50000000,0.01285000,112322.30000000,0.01286000,265164.10000000,0.01287000,43874.50000000,0.01288000,117193.90000000,0.01279,56,0.01278,85,0.01277,1201,0.01276,907,0.01275,1066,0.01274,689,0.01273,982,0.01272,98,0.01271,624,0.0127,929,0.01281,10,0.01282,574,0.01283,1117,0.01284,634,0.01285,1845,0.01286,632,0.01287,981,0.01288,661,0.01289,1456,0.0129,95,,
0,5,350,0.01280000,0.01279,-0.0781,1774137126000,0.01278000,5820.00000000,0.01277000,139205.00000000,0.01276000,57010.50000000,0.01275000,60152.50000000,0.01274000,108639.20000000,0.01273000,117412.10000000,0.01272000,179517.80000000,0.01271000,167109.80000000,0.01270000,32421.60000000,0.01269000,82813.20000000,0.01279000,8325.00000000,0.01280000,62696.00000000,0.01281000,116025.90000000,0.01282000,74016.30000000,0.01283000,181976.10000000,0.01284000,50652.80000000,0.01285000,119549.10000000,0.01286000,100765.20000000,0.01287000,54193.60000000,0.01288000,244739.30000000,0.0128,2,0.01279,87,0.01278,654,0.01277,1199,0.01276,903,0.01275,1065,0.01274,689,0.01273,982,0.01272,98,0.01271,574,0.01282,35,0.01283,1074,0.01284,584,0.01285,1845,0.01286,632,0.01287,981,0.01288,100,0.01289,1450,0.0129,95,0.01291,1406,,
0,5,350,0.01280000,0.01278,-0.1563,1774137127000,0.01278000,59661.30000000,0.01277000,129535.50000000,0.01276000,11141.90000000,0.01275000,131265.30000000,0.01274000,44154.20000000,0.01273000,91129.80000000,0.01272000,167886.80000000,0.01271000,144856.10000000,0.01270000,86825.00000000,0.01269000,304120.00000000,0.01280000,17266.80000000,0.01281000,116025.90000000,0.01282000,74016.30000000,0.01283000,181976.10000000,0.01284000,37679.90000000,0.01285000,129389.40000000,0.01286000,100771.70000000,0.01287000,87307.30000000,0.01288000,270226.40000000,0.01289000,51571.90000000,0.0128,8,0.01279,79,0.01278,654,0.01277,1201,0.01276,827,0.01275,1065,0.01274,689,0.01273,982,0.01272,98,0.01271,574,0.01281,4,0.01282,35,0.01283,1037,0.01284,665,0.01285,1845,0.01286,632,0.01287,981,0.01288,100,0.01289,1450,0.0129,95,,
0,5,350,0.01279000,0.01276,-0.2346,1774137128000,0.01278000,364.80000000,0.01277000,185993.10000000,0.01276000,57487.80000000,0.01275000,131265.30000000,0.01274000,41217.50000000,0.01273000,91129.80000000,0.01272000,167886.80000000,0.01271000,144856.10000000,0.01270000,86867.20000000,0.01269000,304120.00000000,0.01279000,13416.00000000,0.01280000,18849.50000000,0.01281000,116025.90000000,0.01282000,74016.30000000,0.01283000,260608.00000000,0.01284000,51182.20000000,0.01285000,129389.40000000,0.01286000,100771.70000000,0.01287000,87307.30000000,0.01288000,227534.80000000,0.0128,660,0.01279,1028,0.01278,652,0.01277,1294,0.01276,654,0.01275,1065,0.01274,689,0.01273,982,0.01272,98,0.01271,1360,0.01281,52,0.01282,58,0.01283,137,0.01284,654,0.01285,1065,0.01286,630,0.01287,1758,0.01288,100,0.01289,1450,0.0129,95,,
0,5,350,0.01278000,0.01274,-0.313,1774137129000,0.01280000,7768.80000000,0.01279000,93002.10000000,0.01278000,125130.10000000,0.01277000,52301.30000000,0.01276000,66061.40000000,0.01275000,109735.20000000,0.01274000,28325.00000000,0.01273000,123863.80000000,0.01272000,134994.30000000,0.01271000,199174.80000000,0.01282000,12500.30000000,0.01283000,226229.20000000,0.01284000,65459.60000000,0.01285000,166825.10000000,0.01286000,103501.00000000,0.01287000,57558.00000000,0.01288000,209493.50000000,0.01289000,43749.30000000,0.01290000,168404.40000000,0.01291000,132835.00000000,0.01281,29,0.0128,82,0.01279,1146,0.01278,652,0.01277,1218,0.01276,662,0.01275,1065,0.01274,132,0.01273,1547,0.01272,48,0.01283,15,0.01284,676,0.01285,1015,0.01286,630,0.01287,1758,0.01288,100,0.01289,1450,0.0129,95,0.01291,1406,0.01292,103,,
0,5,350,0.01280000,0.01278,-0.1563,1774137130000,0.01279000,16449.50000000,0.01278000,113703.70000000,0.01277000,117984.10000000,0.01276000,118193.90000000,0.01275000,67023.90000000,0.01274000,178067.90000000,0.01273000,61182.50000000,0.01272000,197690.30000000,0.01271000,115017.60000000,0.01270000,95117.60000000,0.01282000,12364.00000000,0.01283000,226229.20000000,0.01284000,75096.50000000,0.01285000,155504.20000000,0.01286000,100771.70000000,0.01287000,41203.80000000,0.01288000,219601.20000000,0.01289000,52928.60000000,0.01290000,168593.40000000,0.01291000,96585.10000000,0.01279,139,0.01278,124,0.01277,1271,0.01276,659,0.01275,1062,0.01274,128,0.01273,1537,0.01272,94,0.01271,624,0.0127,929,0.0128,50,0.01281,60,0.01282,665,0.01283,1093,0.01284,663,0.01285,1843,0.01286,630,0.01287,981,0.01288,100,0.01289,1450,,
0,5,350,0.01282000,0.01278,-0.312,1774137131000,0.01277000,8634.60000000,0.01276000,158309.10000000,0.01275000,14145.00000000,0.01274000,194481.10000000,0.01273000,107936.40000000,0.01272000,242220.70000000,0.01271000,115017.60000000,0.01270000,95117.60000000,0.01269000,308531.50000000,0.01268000,71021.00000000,0.01279000,60898.90000000,0.01280000,55428.30000000,0.01281000,121761.50000000,0.01282000,66157.30000000,0.01283000,305799.10000000,0.01284000,83986.50000000,0.01285000,122881.50000000,0.01286000,43844.60000000,0.01287000,8325.00000000,0.01288000,190798.70000000,0.01276,10,0.01275,60,0.01274,178,0.01273,653,0.01272,1150,0.01271,655,0.0127,1143,0.01269,668,0.01268,983,0.01267,42,0.01277,988,0.01278,615,0.01279,1680,0.0128,1473,0.01281,1213,0.01282,649,0.01283,1062,0.01284,651,0.01285,1062,0.01286,630,,
0,5,350,0.01282000,0.01276,-0.468,1774137132000,0.01276000,14145.00000000,0.01275000,131628.00000000,0.01274000,496303.20000000,0.01273000,145467.60000000,0.01272000,134994.30000000,0.01271000,95128.00000000,0.01270000,162412.60000000,0.01269000,28325.00000000,0.01268000,71021.00000000,0.01267000,8325.00000000,0.01278000,28044.80000000,0.01279000,60824.60000000,0.01280000,60512.40000000,0.01281000,228373.60000000,0.01282000,106662.90000000,0.01283000,272914.30000000,0.01284000,67397.30000000,0.01285000,108072.50000000,0.01286000,8325.00000000,0.01287000,16149.70000000,0.01274,98,0.01273,88,0.01272,1150,0.01271,729,0.0127,1143,0.01269,668,0.01268,983,0.01267,881,0.01266,1546,0.01265,1872,0.01276,10,0.01277,86,0.01278,748,0.01279,1076,0.0128,652,0.01281,1213,0.01282,1465,0.01283,1062,0.01284,651,0.01285,1062,,
0,5,350,0.01279000,0.01274,-0.3909,1774137133000,0.01274000,69211.60000000,0.01273000,49313.80000000,0.01272000,185498.60000000,0.01271000,54762.80000000,0.01270000,141555.40000000,0.01269000,77575.70000000,0.01268000,219339.70000000,0.01267000,8325.00000000,0.01266000,117926.80000000,0.01265000,285423.10000000,0.01277000,14145.00000000,0.01278000,180614.30000000,0.01279000,65141.60000000,0.01280000,114213.70000000,0.01281000,219300.60000000,0.01282000,113468.50000000,0.01283000,280992.00000000,0.01284000,67649.20000000,0.01285000,135978.20000000,0.01286000,16149.70000000,0.01275,95,0.01274,1149,0.01273,758,0.01272,1150,0.01271,655,0.0127,1143,0.01269,668,0.01268,983,0.01267,92,0.01266,2286,0.01277,60,0.01278,719,0.01279,1032,0.0128,652,0.01281,1213,0.01282,1429,0.01283,1098,0.01284,651,0.01285,1062,0.01286,630,,
0,5,350,0.01280000,0.01269,-0.8594,1774137134000,0.01274000,365.70000000,0.01273000,3652.00000000,0.01272000,154161.10000000,0.01271000,54731.50000000,0.01270000,196718.70000000,0.01269000,74762.80000000,0.01268000,252330.80000000,0.01267000,74731.50000000,0.01266000,117926.80000000,0.01265000,285423.10000000,0.01275000,8325.00000000,0.01276000,59526.80000000,0.01277000,60551.50000000,0.01278000,227039.10000000,0.01279000,151028.10000000,0.01280000,59574.70000000,0.01281000,263588.60000000,0.01282000,58807.70000000,0.01283000,280992.00000000,0.01284000,75473.90000000,0.01278,8,0.01277,690,0.01276,1141,0.01275,764,0.01274,1149,0.01273,684,0.01272,1150,0.01271,655,0.0127,1143,0.01269,1406,0.01279,50,0.0128,10,0.01281,167,0.01282,639,0.01283,1062,0.01284,1465,0.01285,1062,0.01286,630,0.01287,981,0.01288,100,,
0,5,350,0.01279000,0.01266,-1.0164,1774137135000,0.01277000,14270.30000000,0.01276000,106834.50000000,0.01275000,76841.00000000,0.01274000,48755.00000000,0.01273000,113279.70000000,0.01272000,115237.00000000,0.01271000,54693.80000000,0.01270000,141542.40000000,0.01269000,74762.80000000,0.01268000,206316.80000000,0.01279000,51081.60000000,0.01280000,63431.60000000,0.01281000,227697.80000000,0.01282000,61537.00000000,0.01283000,369946.20000000,0.01284000,67593.20000000,0.01285000,183091.30000000,0.01286000,48943.00000000,0.01287000,16149.70000000,0.01288000,173001.70000000,0.01278,136,0.01277,724,0.01276,1149,0.01275,766,0.01274,1149,0.01273,684,0.01272,1150,0.01271,655,0.0127,1930,0.01269,618,0.0128,52,0.01281,1103,0.01282,755,0.01283,1213,0.01284,687,0.01285,1840,0.01286,630,0.01287,981,0.01288,100,0.01289,1411,,
0,5,350,0.01279000,0.01271,-0.6255,1774137136000,0.01277000,98751.40000000,0.01276000,74662.20000000,0.01275000,175916.10000000,0.01274000,60435.90000000,0.01273000,143159.90000000,0.01272000,62307.90000000,0.01271000,74693.80000000,0.01270000,136442.30000000,0.01269000,125277.00000000,0.01268000,172901.90000000,0.01279000,8325.00000000,0.01280000,49521.80000000,0.01281000,156496.80000000,0.01282000,71754.40000000,0.01283000,321454.30000000,0.01284000,67593.20000000,0.01285000,118055.50000000,0.01286000,54318.60000000,0.01287000,41950.30000000,0.01288000,190773.50000000,0.01275,52,0.01274,1075,0.01273,689,0.01272,1226,0.01271,655,0.0127,1143,0.01269,668,0.01268,983,0.01267,881,0.01266,1496,0.01277,43,0.01278,33,0.01279,1370,0.0128,1369,0.01281,1340,0.01282,679,0.01283,1841,0.01284,687,0.01285,1062,0.01286,630,,
0,5,350,0.01276000,0.01273,-0.2351,1774137137000,0.01276000,116705.60000000,0.01275000,14411.60000000,0.01274000,176181.90000000,0.01273000,47548.50000000,0.01272000,157920.50000000,0.01271000,107611.20000000,0.01270000,136442.30000000,0.01269000,72492.80000000,0.01268000,292142.70000000,0.01267000,67203.50000000,0.01278000,14633.70000000,0.01279000,54781.60000000,0.01280000,116016.30000000,0.01281000,156496.80000000,0.01282000,157522.80000000,0.01283000,288538.90000000,0.01284000,67593.20000000,0.01285000,112147.20000000,0.01286000,52676.30000000,0.01287000,16146.60000000,0.01276,8,0.01275,157,0.01274,1158,0.01273,689,0.01272,1226,0.01271,655,0.0127,1143,0.01269,668,0.01268,983,0.01267,831,0.01277,52,0.01278,646,0.01279,1094,0.0128,689,0.01281,1186,0.01282,1459,0.01283,1062,0.01284,687,0.01285,1062,0.01286,630,,
0,5,350,0.01277000,0.01272,-0.3915,1774137138000,0.01275000,14411.60000000,0.01274000,134000.60000000,0.01273000,47897.00000000,0.01272000,186943.10000000,0.01271000,77541.00000000,0.01270000,169412.60000000,0.01269000,72492.80000000,0.01268000,305273.10000000,0.01267000,62674.90000000,0.01266000,170794.20000000,0.01277000,64268.30000000,0.01278000,14510.10000000,0.01279000,219358.50000000,0.01280000,63537.70000000,0.01281000,309535.70000000,0.01282000,61537.00000000,0.01283000,274471.70000000,0.01284000,67684.50000000,0.01285000,113237.10000000,0.01286000,44597.70000000,0.01271,625,0.0127,1115,0.01269,698,0.01268,1057,0.01267,92,0.01266,1546,0.01265,2712,0.01264,1147,0.01263,528,0.01262,921,0.01273,9,0.01274,140,0.01275,91,0.01276,741,0.01277,1184,0.01278,679,0.01279,1144,0.0128,1470,0.01281,1186,0.01282,679,,
0,5,350,0.01280000,0.01273,-0.5469,1774137139000,0.01275000,14960.60000000,0.01274000,139891.90000000,0.01273000,47897.00000000,0.01272000,186943.10000000,0.01271000,74785.10000000,0.01270000,169412.60000000,0.01269000,72492.80000000,0.01268000,272328.80000000,0.01267000,62674.90000000,0.01266000,170794.20000000,0.01277000,64633.40000000,0.01278000,14145.00000000,0.01279000,219358.50000000,0.01280000,63537.70000000,0.01281000,309535.70000000,0.01282000,61537.00000000,0.01283000,274471.70000000,0.01284000,67684.50000000,0.01285000,113237.10000000,0.01286000,9569.40000000,0.01269,31,0.01268,1116,0.01267,720,0.01266,1200,0.01265,2519,0.01264,1150,0.01263,525,0.01262,978,0.01261,95,0.0126,1338,0.0127,8,0.01271,24,0.01272,94,0.01273,1149,0.01274,720,0.01275,1147,0.01276,1474,0.01277,1134,0.01278,679,0.01279,1144,,
0,5,350,0.01279000,0.01273,-0.4691,1774137140000,0.01270000,14145.00000000,0.01269000,52328.50000000,0.01268000,125882.40000000,0.01267000,61365.30000000,0.01266000,654781.50000000,0.01265000,54599.70000000,0.01264000,207484.60000000,0.01263000,54827.90000000,0.01262000,250475.40000000,0.01261000,8325.00000000,0.01272000,66220.00000000,0.01273000,101880.90000000,0.01274000,54294.70000000,0.01275000,300512.50000000,0.01276000,70755.10000000,0.01277000,210785.70000000,0.01278000,77794.30000000,0.01279000,208568.20000000,0.01280000,53284.40000000,0.01281000,211015.90000000,0.01266,68,0.01265,1855,0.01264,1116,0.01263,522,0.01262,978,0.01261,95,0.0126,595,0.01259,83,0.01258,1849,0.01257,538,0.01268,50,0.01269,44,0.0127,714,0.01271,1213,0.01272,1510,0.01273,1149,0.01274,720,0.01275,1147,0.01276,691,0.01277,1134,,
0,5,350,0.01280000,0.01271,-0.7031,1774137141000,0.01270000,120.80000000,0.01269000,18696.80000000,0.01268000,143790.80000000,0.01267000,56981.00000000,0.01266000,200370.90000000,0.01265000,155742.20000000,0.01264000,177596.40000000,0.01263000,54546.70000000,0.01262000,250058.60000000,0.01261000,8325.00000000,0.01271000,101880.90000000,0.01272000,14145.00000000,0.01273000,205091.10000000,0.01274000,80251.60000000,0.01275000,281340.40000000,0.01276000,59707.50000000,0.01277000,210139.40000000,0.01278000,77794.30000000,0.01279000,218047.60000000,0.01280000,56014.00000000,0.01268,60,0.01267,716,0.01266,1147,0.01265,2362,0.01264,1147,0.01263,689,0.01262,975,0.01261,93,0.0126,692,0.01259,827,0.01271,157,0.01272,690,0.01273,1099,0.01274,657,0.01275,1931,0.01276,687,0.01277,1134,0.01278,679,0.01279,1144,0.0128,689,,
0,5,350,0.01280000,0.0127,-0.7813,1774137142000,0.01267000,13143.60000000,0.01266000,69152.70000000,0.01265000,138402.50000000,0.01264000,146400.20000000,0.01263000,107748.20000000,0.01262000,292888.40000000,0.01261000,84786.70000000,0.01260000,161714.40000000,0.01259000,363358.80000000,0.01258000,173007.20000000,0.01268000,59273.40000000,0.01269000,6187.70000000,0.01270000,76136.10000000,0.01271000,243845.60000000,0.01272000,72375.00000000,0.01273000,213281.10000000,0.01274000,56234.50000000,0.01275000,218082.10000000,0.01276000,59707.50000000,0.01277000,210139.40000000,0.01272,40,0.01271,689,0.0127,1145,0.01269,768,0.01268,1147,0.01267,716,0.01266,1147,0.01265,2289,0.01264,1147,0.01263,639,0.01274,35,0.01275,1850,0.01276,659,0.01277,1134,0.01278,679,0.01279,1144,0.0128,689,0.01281,1186,0.01282,679,0.01283,1057,,
0,5,350,0.01280000,0.0127,-0.7813,1774137143000,0.01266000,60839.70000000,0.01265000,76866.20000000,0.01264000,39645.60000000,0.01263000,99157.70000000,0.01262000,156103.10000000,0.01261000,106769.80000000,0.01260000,165238.40000000,0.01259000,85502.20000000,0.01258000,249432.80000000,0.01257000,57041.20000000,0.01268000,72526.40000000,0.01269000,152646.20000000,0.01270000,115646.50000000,0.01271000,205583.20000000,0.01272000,117195.60000000,0.01273000,262757.30000000,0.01274000,56234.50000000,0.01275000,218214.70000000,0.01276000,32316.90000000,0.01277000,164576.90000000,0.01274,8,0.01273,58,0.01272,87,0.01271,810,0.0127,1253,0.01269,690,0.01268,1147,0.01267,716,0.01266,1197,0.01265,2239,0.01275,2,0.01276,82,0.01277,1138,0.01278,1975,0.01279,1926,0.0128,689,0.01281,1186,0.01282,679,0.01283,1057,0.01284,1492,,
0,5,350,0.01268000,0.01266,-0.1577,1774137148000,0.01270000,219988.00000000,0.01269000,113645.70000000,0.01268000,52442.50000000,0.01267000,118627.80000000,0.01266000,203238.70000000,0.01265000,138735.80000000,0.01264000,93970.50000000,0.01263000,138719.80000000,0.01262000,110998.20000000,0.01261000,14367.70000000,0.01272000,20326.20000000,0.01273000,15960.00000000,0.01274000,34558.60000000,0.01275000,120002.10000000,0.01276000,74965.40000000,0.01277000,301051.70000000,0.01278000,61318.40000000,0.01279000,207493.10000000,0.01280000,101893.80000000,0.01281000,248209.60000000,0.01273,733,0.01272,1303,0.01271,722,0.0127,1253,0.01269,845,0.01268,1147,0.01267,680,0.01266,1147,0.01265,3079,0.01264,1097,0.01275,52,0.01276,102,0.01277,1230,0.01278,748,0.01279,1144,0.0128,1470,0.01281,1186,0.01282,676,0.01283,1093,0.01284,651,,
0,5,350,0.01268000,0.01265,-0.2366,1774137149000,0.01272000,8325.00000000,0.01271000,122931.40000000,0.01270000,168689.40000000,0.01269000,118700.20000000,0.01268000,43126.10000000,0.01267000,118627.80000000,0.01266000,150161.40000000,0.01265000,131391.10000000,0.01264000,109762.20000000,0.01263000,94637.00000000,0.01273000,5934.90000000,0.01274000,100778.60000000,0.01275000,14145.00000000,0.01276000,104616.50000000,0.01277000,150504.00000000,0.01278000,92263.90000000,0.01279000,274052.20000000,0.01280000,70419.10000000,0.01281000,216984.70000000,0.01282000,144610.00000000,0.01272,52,0.01271,161,0.0127,1228,0.01269,828,0.01268,1395,0.01267,680,0.01266,1147,0.01265,2289,0.01264,1147,0.01263,1430,0.01274,58,0.01275,127,0.01276,693,0.01277,1230,0.01278,1530,0.01279,1144,0.0128,689,0.01281,1186,0.01282,676,0.01283,1093,,
0,5,350,0.01269000,0.0126,-0.7092,1774137150000,0.01272000,24068.00000000,0.01271000,205720.20000000,0.01270000,221701.40000000,0.01269000,118752.30000000,0.01268000,43126.10000000,0.01267000,171622.50000000,0.01266000,150161.40000000,0.01265000,131391.10000000,0.01264000,114095.00000000,0.01263000,94637.00000000,0.01274000,7385.80000000,0.01275000,35837.00000000,0.01276000,104616.50000000,0.01277000,142453.60000000,0.01278000,142529.30000000,0.01279000,221124.00000000,0.01280000,70419.10000000,0.01281000,216984.70000000,0.01282000,105533.60000000,0.01283000,228430.10000000,0.01272,2,0.01271,88,0.0127,1404,0.01269,828,0.01268,1147,0.01267,680,0.01266,1147,0.01265,2289,0.01264,1147,0.01263,639,0.01274,690,0.01275,1300,0.01276,826,0.01277,2697,0.01278,1052,0.01279,1144,0.0128,689,0.01281,1186,0.01282,676,0.01283,1093,,
0,5,350,0.01268000,0.01262,-0.4732,1774137151000,0.01273000,5820.00000000,0.01272000,152961.40000000,0.01271000,174595.70000000,0.01270000,176708.00000000,0.01269000,170447.30000000,0.01268000,43126.10000000,0.01267000,118627.80000000,0.01266000,170161.40000000,0.01265000,131391.10000000,0.01264000,346773.70000000,0.01274000,1453.20000000,0.01275000,35837.00000000,0.01276000,28179.10000000,0.01277000,106348.80000000,0.01278000,99752.00000000,0.01279000,274118.60000000,0.01280000,70419.10000000,0.01281000,216984.70000000,0.01282000,105533.60000000,0.01283000,228473.20000000,0.0127,8,0.01269,720,0.01268,1225,0.01267,819,0.01266,1301,0.01265,2289,0.01264,1147,0.01263,689,0.01262,975,0.01261,43,0.01272,85,0.01273,1230,0.01274,740,0.01275,1798,0.01276,1533,0.01277,1230,0.01278,748,0.01279,1144,0.0128,689,0.01281,1186,,
0,5,350,0.01268000,0.01265,-0.2366,1774137152000,0.01272000,100386.10000000,0.01271000,123890.80000000,0.01270000,156524.80000000,0.01269000,192624.40000000,0.01268000,74295.00000000,0.01267000,118627.80000000,0.01266000,170161.40000000,0.01265000,131391.10000000,0.01264000,391024.10000000,0.01263000,94637.00000000,0.01274000,9778.20000000,0.01275000,16874.30000000,0.01276000,91409.50000000,0.01277000,216836.50000000,0.01278000,68537.20000000,0.01279000,305275.30000000,0.01280000,70419.10000000,0.01281000,216984.70000000,0.01282000,74343.40000000,0.01283000,228473.20000000,0.0127,98,0.01269,744,0.01268,1343,0.01267,819,0.01266,1183,0.01265,2289,0.01264,1147,0.01263,689,0.01262,975,0.01261,836,0.01272,52,0.01273,1281,0.01274,735,0.01275,1300,0.01276,750,0.01277,2013,0.01278,748,0.01279,1144,0.0128,689,0.01281,1186,,
0,5,350,0.01266000,0.01269,0.237,1774137153000,0.01271000,169453.80000000,0.01270000,141656.60000000,0.01269000,127539.60000000,0.01268000,94548.90000000,0.01267000,150005.90000000,0.01266000,201539.50000000,0.01265000,131391.10000000,0.01264000,114179.70000000,0.01263000,138929.00000000,0.01262000,155265.90000000,0.01273000,14145.00000000,0.01274000,54412.20000000,0.01275000,127362.00000000,0.01276000,107401.00000000,0.01277000,248030.30000000,0.01278000,58319.80000000,0.01279000,274118.60000000,0.01280000,70419.10000000,0.01281000,217193.90000000,0.01282000,30188.20000000,0.01269,104,0.01268,84,0.01267,819,0.01266,1359,0.01265,2289,0.01264,1147,0.01263,689,0.01262,975,0.01261,93,0.0126,1439,0.01271,56,0.01272,154,0.01273,1357,0.01274,1824,0.01275,1300,0.01276,750,0.01277,1230,0.01278,748,0.01279,1144,0.0128,689,,
0,5,350,0.01262000,0.01272,0.7924,1774137154000,0.01270000,107969.60000000,0.01269000,125730.90000000,0.01268000,185586.80000000,0.01267000,609400.10000000,0.01266000,126078.60000000,0.01265000,125740.10000000,0.01264000,66754.80000000,0.01263000,147673.30000000,0.01262000,53417.20000000,0.01261000,73189.80000000,0.01273000,96287.60000000,0.01274000,123294.80000000,0.01275000,229242.90000000,0.01276000,85821.60000000,0.01277000,248093.10000000,0.01278000,111460.80000000,0.01279000,210855.50000000,0.01280000,98686.60000000,0.01281000,270342.80000000,0.01282000,69248.30000000,0.01265,2,0.01264,2,0.01263,127,0.01262,1714,0.01261,268,0.0126,732,0.01259,91,0.01258,1054,0.01257,588,0.01256,1857,0.01266,26,0.01267,72,0.01268,748,0.01269,1428,0.0127,2164,0.01271,1226,0.01272,154,0.01273,1891,0.01274,75,0.01275,1350,,
0,5,350,0.01262000,0.01273,0.8716,1774137155000,0.01269000,5820.00000000,0.01268000,221163.90000000,0.01267000,49589.50000000,0.01266000,186992.20000000,0.01265000,94545.00000000,0.01264000,66754.80000000,0.01263000,202083.00000000,0.01262000,106495.60000000,0.01261000,175070.70000000,0.01260000,408466.10000000,0.01271000,14145.00000000,0.01272000,85053.10000000,0.01273000,117755.60000000,0.01274000,108905.80000000,0.01275000,323725.90000000,0.01276000,75604.20000000,0.01277000,225161.50000000,0.01278000,142668.90000000,0.01279000,252455.30000000,0.01280000,66162.20000000,0.0127,9,0.01269,137,0.01268,752,0.01267,1349,0.01266,802,0.01265,1232,0.01264,751,0.01263,136,0.01262,1636,0.01261,43,0.01272,130,0.01273,41,0.01274,84,0.01275,2084,0.01276,750,0.01277,1230,0.01278,748,0.01279,1144,0.0128,689,0.01281,1186,,
0,5,350,0.01259000,0.01272,1.0326,1774137156199,0.01269000,80365.00000000,0.01268000,38297.60000000,0.01267000,181904.30000000,0.01266000,150856.10000000,0.01265000,139284.10000000,0.01264000,195597.20000000,0.01263000,139449.80000000,0.01262000,104712.70000000,0.01261000,233116.30000000,0.01260000,466429.40000000,0.01271000,39750.50000000,0.01272000,135582.10000000,0.01273000,153416.50000000,0.01274000,57096.30000000,0.01275000,226513.60000000,0.01276000,76361.80000000,0.01277000,221238.70000000,0.01278000,120083.20000000,0.01279000,191080.80000000,0.01280000,12900.60000000,0.01269,75,0.01268,743,0.01267,1221,0.01266,830,0.01265,1406,0.01264,752,0.01263,90,0.01262,1635,0.01261,93,0.0126,1475,0.01271,52,0.01272,102,0.01273,1150,0.01274,744,0.01275,1300,0.01276,750,0.01277,2013,0.01278,748,0.01279,1144,0.0128,689,0.0000500000000000,1774152000000
0,5,350,0.01259000,0.01273,1.112,1774137156500,0.01271000,31294.60000000,0.01270000,42530.80000000,0.01269000,203007.00000000,0.01268000,58922.50000000,0.01267000,221671.50000000,0.01266000,150856.10000000,0.01265000,119357.80000000,0.01264000,142778.40000000,0.01263000,170659.60000000,0.01262000,165674.50000000,0.01272000,14511.30000000,0.01273000,86352.50000000,0.01274000,108625.40000000,0.01275000,257760.30000000,0.01276000,137251.70000000,0.01277000,221238.70000000,0.01278000,59049.80000000,0.01279000,294165.10000000,0.01280000,88924.80000000,0.01281000,204112.70000000,0.01269,1168,0.01268,743,0.01267,1221,0.01266,843,0.01265,1406,0.01264,752,0.01263,90,0.01262,1635,0.01261,93,0.0126,1475,0.01271,52,0.01272,102,0.01273,1231,0.01274,744,0.01275,1300,0.01276,750,0.01277,2013,0.01278,748,0.01279,1144,0.0128,689,0.0000500000000000,1774152000000
0,5,350,0.01258000,0.01272,1.1129,1774137156800,0.01271000,31294.60000000,0.01270000,86919.30000000,0.01269000,216712.00000000,0.01268000,113523.50000000,0.01267000,221557.00000000,0.01266000,150856.10000000,0.01265000,119357.80000000,0.01264000,142778.40000000,0.01263000,170659.60000000,0.01262000,90079.10000000,0.01272000,6186.30000000,0.01273000,48961.90000000,0.01274000,64357.70000000,0.01275000,257760.30000000,0.01276000,137251.70000000,0.01277000,176425.90000000,0.01278000,59049.80000000,0.01279000,294165.10000000,0.01280000,88924.80000000,0.01281000,248323.10000000,0.01269,1170,0.01268,743,0.01267,1396,0.01266,830,0.01265,1232,0.01264,752,0.01263,90,0.01262,1635,0.01261,93,0.0126,1475,0.01271,30,0.01272,102,0.01273,138,0.01274,744,0.01275,1300,0.01276,750,0.01277,2013,0.01278,748,0.01279,1144,0.0128,689,0.0000500000000000,1774152000000
0,5,350,0.01261000,0.01272,0.8723,1774137157100,0.01270000,377.40000000,0.01269000,104548.50000000,0.01268000,234119.00000000,0.01267000,94053.60000000,0.01266000,150289.00000000,0.01265000,200247.60000000,0.01264000,111567.60000000,0.01263000,170659.60000000,0.01262000,134241.40000000,0.01261000,166175.40000000,0.01272000,53643.90000000,0.01273000,243499.50000000,0.01274000,35177.60000000,0.01275000,257760.30000000,0.01276000,41553.90000000,0.01277000,220636.30000000,0.01278000,59049.80000000,0.01279000,294165.10000000,0.01280000,83970.10000000,0.01281000,210687.60000000,0.01267,1190,0.01266,721,0.01265,1407,0.01264,843,0.01263,90,0.01262,1635,0.01261,93,0.0126,732,0.01259,91,0.01258,1799,0.01269,11,0.0127,90,0.01271,113,0.01272,1021,0.01273,1734,0.01274,744,0.01275,2084,0.01276,750,0.01277,1230,0.01278,748,0.0000500000000000,1774152000000
0,5,350,0.01262000,0.01272,0.7924,1774137157401,0.01270000,377.40000000,0.01269000,91561.20000000,0.01268000,141278.70000000,0.01267000,116852.80000000,0.01266000,211202.70000000,0.01265000,138755.40000000,0.01264000,111567.60000000,0.01263000,201883.30000000,0.01262000,134241.40000000,0.01261000,179126.70000000,0.01272000,116010.40000000,0.01273000,243499.50000000,0.01274000,59768.30000000,0.01275000,318674.00000000,0.01276000,85764.30000000,0.01277000,220636.30000000,0.01278000,119963.60000000,0.01279000,264498.90000000,0.01280000,44147.30000000,0.01281000,172901.90000000,0.01267,1190,0.01266,749,0.01265,1407,0.01264,843,0.01263,90,0.01262,1635,0.01261,93,0.0126,732,0.01259,91,0.01258,1799,0.01269,11,0.0127,59,0.01271,113,0.01272,870,0.01273,1278,0.01274,1529,0.01275,1300,0.01276,750,0.01277,1230,0.01278,748,0.0000500000000000,1774152000000
0,5,350,0.01263000,0.01272,0.7126,1774137157702,0.01267000,176976.70000000,0.01266000,146669.40000000,0.01265000,175384.80000000,0.01264000,66754.80000000,0.01263000,125861.00000000,0.01262000,60341.30000000,0.01261000,240057.50000000,0.01260000,405323.30000000,0.01259000,92850.80000000,0.01258000,111189.20000000,0.01269000,88302.70000000,0.01270000,56938.20000000,0.01271000,137899.70000000,0.01272000,182230.40000000,0.01273000,221149.80000000,0.01274000,101209.70000000,0.01275000,226513.60000000,0.01276000,136580.50000000,0.01277000,207649.90000000,0.01278000,22101.70000000,0.01268,9,0.01267,1190,0.01266,749,0.01265,1407,0.01264,843,0.01263,90,0.01262,1635,0.01261,93,0.0126,732,0.01259,41,0.01269,2,0.0127,59,0.01271,113,0.01272,792,0.01273,1278,0.01274,1529,0.01275,1300,0.01276,750,0.01277,1230,0.01278,748,0.0000500000000000,1774152000000
0,5,350,0.01263000,0.01272,0.7126,1774137158003,0.01267000,118394.90000000,0.01266000,146669.40000000,0.01265000,175384.80000000,0.01264000,113538.10000000,0.01263000,169846.70000000,0.01262000,104309.80000000,0.01261000,236917.20000000,0.01260000,405323.30000000,0.01259000,92850.80000000,0.01258000,114337.00000000,0.01269000,14124.20000000,0.01270000,56938.20000000,0.01271000,137899.70000000,0.01272000,182230.40000000,0.01273000,252447.30000000,0.01274000,69985.70000000,0.01275000,226513.60000000,0.01276000,136580.50000000,0.01277000,251618.40000000,0.01278000,22101.70000000,0.01268,50,0.01267,1220,0.01266,749,0.01265,1407,0.01264,830,0.01263,90,0.01262,1635,0.01261,93,0.0126,732,0.01259,41,0.01269,11,0.0127,59,0.01271,113,0.01272,792,0.01273,1278,0.01274,1529,0.01275,1300,0.01276,750,0.01277,1230,0.01278,748,0.0000500000000000,1774152000000
0,5,350,0.01264000,0.01272,0.6329,1774137158304,0.01267000,118394.90000000,0.01266000,146669.40000000,0.01265000,175384.80000000,0.01264000,113538.10000000,0.01263000,169846.70000000,0.01262000,104309.80000000,0.01261000,236917.20000000,0.01260000,405323.30000000,0.01259000,92850.80000000,0.01258000,114337.00000000,0.01269000,14124.20000000,0.01270000,56938.20000000,0.01271000,137899.70000000,0.01272000,182230.40000000,0.01273000,252447.30000000,0.01274000,69985.70000000,0.01275000,226513.60000000,0.01276000,136580.50000000,0.01277000,251618.40000000,0.01278000,22101.70000000,0.01268,2,0.01267,1190,0.01266,827,0.01265,1407,0.01264,752,0.01263,90,0.01262,1635,0.01261,93,0.0126,732,0.01259,41,0.01269,9,0.0127,59,0.01271,113,0.01272,1876,0.01273,1303,0.01274,744,0.01275,2084,0.01276,750,0.01277,1230,0.01278,748,0.0000500000000000,1774152000000
0,5,350,0.01265000,0.01271,0.4743,1774137158605,0.01265000,268856.60000000,0.01264000,46754.80000000,0.01263000,94637.00000000,0.01262000,29117.30000000,0.01261000,131776.00000000,0.01260000,405323.30000000,0.01259000,108513.70000000,0.01258000,118071.40000000,0.01257000,52316.80000000,0.01256000,48589.00000000,0.01267000,57942.30000000,0.01268000,57953.40000000,0.01269000,60035.30000000,0.01270000,93601.10000000,0.01271000,172368.30000000,0.01272000,226929.40000000,0.01273000,160236.30000000,0.01274000,52535.40000000,0.01275000,216866.50000000,0.01276000,89212.70000000,0.01266,11,0.01265,1279,0.01264,170,0.01263,187,0.01262,1635,0.01261,93,0.0126,732,0.01259,91,0.01258,1054,0.01257,538,0.01268,65,0.01269,87,0.0127,848,0.01271,1742,0.01272,1417,0.01273,1228,0.01274,744,0.01275,1300,0.01276,750,0.01277,1230,0.0000500000000000,1774152000000
0,5,350,0.01265000,0.0127,0.3953,1774137158905,0.01265000,5820.00000000,0.01264000,139257.60000000,0.01263000,8417.00000000,0.01262000,156491.20000000,0.01261000,131776.00000000,0.01260000,127558.30000000,0.01259000,122869.20000000,0.01258000,210889.40000000,0.01257000,111237.00000000,0.01256000,170469.90000000,0.01266000,8325.00000000,0.01267000,43845.80000000,0.01268000,88976.70000000,0.01269000,161916.20000000,0.01270000,252324.30000000,0.01271000,172368.30000000,0.01272000,200116.90000000,0.01273000,252690.50000000,0.01274000,52437.90000000,0.01275000,213594.40000000,0.01267,9,0.01266,748,0.01265,1308,0.01264,830,0.01263,187,0.01262,1635,0.01261,93,0.0126,732,0.01259,91,0.01258,1004,0.01268,65,0.01269,61,0.0127,697,0.01271,1308,0.01272,1044,0.01273,1228,0.01274,744,0.01275,1300,0.01276,750,0.01277,1230,0.0000500000000000,1774152000000
0,5,350,0.01266000,0.01271,0.3949,1774137159206,0.01264000,69790.80000000,0.01263000,113691.40000000,0.01262000,53213.40000000,0.01261000,175888.90000000,0.01260000,232832.70000000,0.01259000,122881.30000000,0.01258000,118387.00000000,0.01257000,199292.40000000,0.01256000,170469.90000000,0.01255000,733493.80000000,0.01266000,14145.00000000,0.01267000,8325.00000000,0.01268000,155196.70000000,0.01269000,172133.60000000,0.01270000,256837.20000000,0.01271000,146224.70000000,0.01272000,127732.80000000,0.01273000,252690.50000000,0.01274000,52421.10000000,0.01275000,257690.50000000,0.01266,88,0.01265,1308,0.01264,830,0.01263,187,0.01262,1635,0.01261,93,0.0126,732,0.01259,91,0.01258,1054,0.01257,1333,0.01269,61,0.0127,747,0.01271,1232,0.01272,817,0.01273,1228,0.01274,1529,0.01275,1300,0.01276,750,0.01277,1230,0.01278,748,0.0000500000000000,1774152000000
0,5,350,0.01267000,0.01271,0.3157,1774137159506,0.01265000,5820.00000000,0.01264000,69905.60000000,0.01263000,69595.30000000,0.01262000,119945.80000000,0.01261000,175872.10000000,0.01260000,171137.10000000,0.01259000,122864.50000000,0.01258000,149760.40000000,0.01257000,199292.40000000,0.01256000,170469.90000000,0.01266000,8691.30000000,0.01267000,154115.50000000,0.01268000,102482.90000000,0.01269000,172133.60000000,0.01270000,220174.30000000,0.01271000,146224.70000000,0.01272000,127732.80000000,0.01273000,191584.80000000,0.01274000,73764.80000000,0.01275000,253369.00000000,0.01267,9,0.01266,113,0.01265,1232,0.01264,908,0.01263,187,0.01262,1635,0.01261,93,0.0126,732,0.01259,91,0.01258,1004,0.01268,2,0.01269,111,0.0127,854,0.01271,1535,0.01272,817,0.01273,2013,0.01274,744,0.01275,1300,0.01276,750,0.01277,1230,0.0000500000000000,1774152000000
0,5,350,0.01266000,0.01271,0.3949,1774137159807,0.01265000,8325.00000000,0.01264000,46869.60000000,0.01263000,100969.20000000,0.01262000,119928.40000000,0.01261000,235487.40000000,0.01260000,171137.10000000,0.01259000,124437.10000000,0.01258000,118387.00000000,0.01257000,230666.30000000,0.01256000,167317.10000000,0.01266000,6186.30000000,0.01267000,72160.40000000,0.01268000,179374.70000000,0.01269000,240170.30000000,0.01270000,188873.90000000,0.01271000,146224.70000000,0.01272000,127732.80000000,0.01273000,191584.80000000,0.01274000,115150.90000000,0.01275000,213594.40000000,0.01268,63,0.01267,1190,0.01266,750,0.01265,1456,0.01264,826,0.01263,90,0.01262,1635,0.01261,93,0.0126,732,0.01259,41,0.01269,52,0.0127,137,0.01271,35,0.01272,817,0.01273,1228,0.01274,1529,0.01275,1300,0.01276,750,0.01277,1230,0.01278,748,0.0000500000000000,1774152000000
0,5,350,0.01266000,0.01272,0.4739,1774137160108,0.01265000,14145.00000000,0.01264000,181581.80000000,0.01263000,113579.90000000,0.01262000,119321.90000000,0.01261000,235393.30000000,0.01260000,171542.90000000,0.01259000,124437.10000000,0.01258000,118387.00000000,0.01257000,138127.00000000,0.01256000,131268.90000000,0.01267000,19739.30000000,0.01268000,140897.50000000,0.01269000,208796.50000000,0.01270000,177455.80000000,0.01271000,146224.70000000,0.01272000,127732.80000000,0.01273000,191584.80000000,0.01274000,83683.40000000,0.01275000,226230.50000000,0.01276000,90540.70000000,0.01268,711,0.01267,1190,0.01266,750,0.01265,1378,0.01264,826,0.01263,90,0.01262,1635,0.01261,93,0.0126,732,0.01259,41,0.0127,137,0.01271,35,0.01272,742,0.01273,1228,0.01274,1529,0.01275,1300,0.01276,750,0.01277,1230,0.01278,748,0.01279,1949,0.0000500000000000,1774152000000
0,5,350,0.01265000,0.01272,0.5534,1774137160408,0.01267000,8325.00000000,0.01266000,14145.00000000,0.01265000,151639.30000000,0.01264000,181467.00000000,0.01263000,113579.90000000,0.01262000,119321.90000000,0.01261000,235393.30000000,0.01260000,171542.90000000,0.01259000,124437.10000000,0.01258000,149737.30000000,0.01268000,5820.00000000,0.01269000,51780.40000000,0.01270000,121895.70000000,0.01271000,238729.90000000,0.01272000,127732.80000000,0.01273000,160236.30000000,0.01274000,52309.60000000,0.01275000,257581.00000000,0.01276000,82676.00000000,0.01277000,207776.20000000,0.01268,51,0.01267,1190,0.01266,750,0.01265,1378,0.01264,826,0.01263,90,0.01262,1635,0.01261,93,0.0126,732,0.01259,41,0.01269,9,0.0127,137,0.01271,35,0.01272,742,0.01273,1228,0.01274,1529,0.01275,1300,0.01276,750,0.01277,1230,0.01278,748,0.0000500000000000,1774152000000
0,5,350,0.01266000,0.0127,0.316,1774137160709,0.01269000,14145.00000000,0.01268000,57996.60000000,0.01267000,57996.60000000,0.01266000,126296.00000000,0.01265000,216111.90000000,0.01264000,156826.40000000,0.01263000,113459.70000000,0.01262000,119321.90000000,0.01261000,205492.20000000,0.01260000,158860.00000000,0.01272000,57996.60000000,0.01273000,170453.70000000,0.01274000,55038.90000000,0.01275000,226230.50000000,0.01276000,76111.10000000,0.01277000,223469.50000000,0.01278000,52268.60000000,0.01279000,216753.50000000,0.01280000,12900.60000000,0.01281000,172901.90000000,0.01267,1140,0.01266,752,0.01265,1378,0.01264,826,0.01263,90,0.01262,1635,0.01261,93,0.0126,732,0.01259,91,0.01258,1799,0.01269,61,0.0127,137,0.01271,1225,0.01272,742,0.01273,1228,0.01274,1529,0.01275,1300,0.01276,750,0.01277,1230,0.01278,748,0.0000500000000000,1774152000000
0,5,350,0.01266000,0.0127,0.316,1774137161010,0.01269000,60504.80000000,0.01268000,158069.40000000,0.01267000,155660.50000000,0.01266000,164743.50000000,0.01265000,110574.50000000,0.01264000,156826.40000000,0.01263000,52401.60000000,0.01262000,119321.90000000,0.01261000,174190.50000000,0.01260000,171241.60000000,0.01272000,289529.30000000,0.01273000,85001.90000000,0.01274000,102105.50000000,0.01275000,291689.10000000,0.01276000,58460.70000000,0.01277000,223469.50000000,0.01278000,52268.60000000,0.01279000,247993.20000000,0.01280000,30591.20000000,0.01281000,204141.60000000,0.01264,48,0.01263,168,0.01262,1713,0.01261,170,0.0126,732,0.01259,91,0.01258,1054,0.01257,588,0.01256,1857,0.01255,35,0.01266,11,0.01267,27,0.01268,976,0.01269,1427,0.0127,1941,0.01271,2011,0.01272,792,0.01273,1228,0.01274,744,0.01275,1300,0.0000500000000000,1774152000000
0,5,350,0.01269000,0.01269,0.0,1774137161310,0.01267000,39565.10000000,0.01266000,75082.60000000,0.01265000,110574.50000000,0.01264000,217217.40000000,0.01263000,52067.10000000,0.01262000,150227.10000000,0.01261000,205096.10000000,0.01260000,171241.60000000,0.01259000,394122.60000000,0.01258000,108414.20000000,0.01270000,44816.30000000,0.01271000,220076.00000000,0.01272000,52546.40000000,0.01273000,287500.30000000,0.01274000,115976.90000000,0.01275000,230751.50000000,0.01276000,58460.70000000,0.01277000,219730.50000000,0.01278000,39657.10000000,0.01279000,204141.60000000,0.01264,48,0.01263,168,0.01262,1713,0.01261,170,0.0126,732,0.01259,91,0.01258,1054,0.01257,588,0.01256,1857,0.01255,35,0.01266,11,0.01267,113,0.01268,900,0.01269,1427,0.0127,1352,0.01271,1225,0.01272,792,0.01273,2013,0.01274,744,0.01275,1300,0.0000500000000000,1774152000000
0,5,350,0.01269000,0.01266,-0.2364,1774137161611,0.01268000,15603.90000000,0.01267000,146660.20000000,0.01266000,123635.70000000,0.01265000,214864.40000000,0.01264000,156279.40000000,0.01263000,83331.60000000,0.01262000,150251.90000000,0.01261000,173856.00000000,0.01260000,170829.00000000,0.01259000,349807.40000000,0.01271000,43270.70000000,0.01272000,111589.20000000,0.01273000,256260.20000000,0.01274000,147361.60000000,0.01275000,230751.50000000,0.01276000,58460.70000000,0.01277000,219730.50000000,0.01278000,72979.60000000,0.01279000,206414.00000000,0.01280000,61880.60000000,0.0126,91,0.01259,669,0.01258,1028,0.01257,591,0.01256,1061,0.01255,881,0.01254,1620,0.01253,92,0.01252,1065,0.01251,630,0.01261,11,0.01262,35,0.01263,36,0.01264,92,0.01265,130,0.01266,978,0.01267,1946,0.01268,1255,0.01269,1226,0.0127,898,0.0000500000000000,1774152000000
0,5,350,0.01269000,0.01268,-0.0788,1774137161912,0.01269000,55120.10000000,0.01268000,125197.20000000,0.01267000,146660.20000000,0.01266000,123635.70000000,0.01265000,214864.40000000,0.01264000,156279.40000000,0.01263000,83331.60000000,0.01262000,150251.90000000,0.01261000,130205.90000000,0.01260000,127558.30000000,0.01272000,91108.60000000,0.01273000,227607.20000000,0.01274000,136345.20000000,0.01275000,247752.20000000,0.01276000,61618.10000000,0.01277000,219730.50000000,0.01278000,41739.50000000,0.01279000,206414.00000000,0.01280000,105253.90000000,0.01281000,240469.10000000,0.0126,2,0.01259,79,0.01258,140,0.01257,140,0.01256,1057,0.01255,747,0.01254,1055,0.01253,752,0.01252,1065,0.01251,630,0.01262,61,0.01263,160,0.01264,1053,0.01265,1491,0.01266,752,0.01267,1253,0.01268,1588,0.01269,1226,0.0127,826,0.01271,1225,0.0000500000000000,1774152000000
0,5,350,0.01270000,0.01268,-0.1575,1774137162212,0.01269000,14260.40000000,0.01268000,117080.00000000,0.01267000,148001.80000000,0.01266000,123635.70000000,0.01265000,214864.40000000,0.01264000,156279.40000000,0.01263000,83331.60000000,0.01262000,170251.90000000,0.01261000,173562.10000000,0.01260000,127558.30000000,0.01271000,14145.00000000,0.01272000,91108.60000000,0.01273000,227607.20000000,0.01274000,136328.10000000,0.01275000,291108.40000000,0.01276000,61618.10000000,0.01277000,219730.50000000,0.01278000,41739.50000000,0.01279000,206414.00000000,0.01280000,100871.90000000,0.01256,922,0.01255,8,0.01254,1052,0.01253,995,0.01252,1070,0.01251,684,0.0125,1866,0.01249,84,0.01248,695,0.01247,35,0.01257,11,0.01258,11,0.01259,86,0.0126,238,0.01261,135,0.01262,1053,0.01263,88,0.01264,750,0.01265,1265,0.01266,752,0.0000500000000000,1774152000000
0,5,350,0.01270000,0.01268,-0.1575,1774137162513,0.01269000,14628.40000000,0.01268000,157706.20000000,0.01267000,115522.70000000,0.01266000,123635.70000000,0.01265000,214495.80000000,0.01264000,156279.40000000,0.01263000,83331.60000000,0.01262000,170251.90000000,0.01261000,173562.10000000,0.01260000,127558.30000000,0.01271000,14655.90000000,0.01272000,52371.10000000,0.01273000,208892.40000000,0.01274000,130299.80000000,0.01275000,298654.20000000,0.01276000,61618.10000000,0.01277000,219730.50000000,0.01278000,41739.50000000,0.01279000,238923.00000000,0.01280000,105253.90000000,0.01255,30,0.01254,41,0.01253,1020,0.01252,1504,0.01251,888,0.0125,1812,0.01249,90,0.01248,746,0.01247,85,0.01246,1082,0.01257,11,0.01258,733,0.01259,38,0.0126,830,0.01261,1652,0.01262,750,0.01263,1228,0.01264,750,0.01265,1265,0.01266,1542,0.0000500000000000,1774152000000
0,5,350,0.01270000,0.01269,-0.0787,1774137162813,0.01269000,6303.40000000,0.01268000,48112.90000000,0.01267000,72149.40000000,0.01266000,80365.00000000,0.01265000,214495.80000000,0.01264000,156279.40000000,0.01263000,83331.60000000,0.01262000,170251.90000000,0.01261000,173579.20000000,0.01260000,170931.60000000,0.01270000,8325.00000000,0.01271000,50901.40000000,0.01272000,96633.10000000,0.01273000,251986.00000000,0.01274000,129991.00000000,0.01275000,323634.50000000,0.01276000,61618.10000000,0.01277000,219730.50000000,0.01278000,41739.50000000,0.01279000,238923.00000000,0.01257,9,0.01256,65,0.01255,127,0.01254,1971,0.01253,1254,0.01252,1504,0.01251,125,0.0125,1733,0.01249,890,0.01248,746,0.01259,59,0.0126,703,0.01261,1558,0.01262,830,0.01263,1228,0.01264,1541,0.01265,1265,0.01266,752,0.01267,1253,0.01268,750,0.0000500000000000,1774152000000
0,5,350,0.01270000,0.01271,0.0787,1774137163114,0.01267000,7278.90000000,0.01266000,173872.40000000,0.01265000,153606.20000000,0.01264000,156375.10000000,0.01263000,52067.10000000,0.01262000,138987.40000000,0.01261000,206101.10000000,0.01260000,202900.10000000,0.01259000,383325.00000000,0.01258000,117674.40000000,0.01269000,36962.80000000,0.01270000,106727.20000000,0.01271000,247666.30000000,0.01272000,118332.50000000,0.01273000,280273.00000000,0.01274000,115086.90000000,0.01275000,230167.20000000,0.01276000,61618.10000000,0.01277000,276002.60000000,0.01278000,56319.20000000,0.01259,9,0.01258,684,0.01257,1244,0.01256,828,0.01255,313,0.01254,2036,0.01253,940,0.01252,1502,0.01251,924,0.0125,1683,0.01262,140,0.01263,1576,0.01264,751,0.01265,1272,0.01266,746,0.01267,1253,0.01268,1538,0.01269,1226,0.0127,826,0.01271,1175,0.0000500000000000,1774152000000
0,5,350,0.01271000,0.01271,0.0,1774137163415,0.01267000,15603.90000000,0.01266000,173872.40000000,0.01265000,110205.90000000,0.01264000,156375.10000000,0.01263000,52067.10000000,0.01262000,138987.40000000,0.01261000,206101.10000000,0.01260000,202900.10000000,0.01259000,383325.00000000,0.01258000,117674.40000000,0.01269000,16087.30000000,0.01270000,107615.90000000,0.01271000,247666.30000000,0.01272000,118332.50000000,0.01273000,280273.00000000,0.01274000,115086.90000000,0.01275000,230167.20000000,0.01276000,61618.10000000,0.01277000,276002.60000000,0.01278000,16294.10000000,0.01262,9,0.01261,139,0.0126,749,0.01259,1355,0.01258,1075,0.01257,1523,0.01256,740,0.01255,87,0.01254,1880,0.01253,39,0.01264,30,0.01265,1192,0.01266,749,0.01267,1253,0.01268,750,0.01269,2014,0.0127,826,0.01271,1225,0.01272,792,0.01273,1178,0.0000500000000000,1774152000000
0,5,350,0.01272000,0.01273,0.0786,1774137163716,0.01267000,7278.90000000,0.01266000,173872.40000000,0.01265000,110205.90000000,0.01264000,156375.10000000,0.01263000,52067.10000000,0.01262000,138987.40000000,0.01261000,206101.10000000,0.01260000,222900.10000000,0.01259000,383325.00000000,0.01258000,117674.40000000,0.01269000,59964.40000000,0.01270000,106727.20000000,0.01271000,225619.20000000,0.01272000,118332.50000000,0.01273000,325180.90000000,0.01274000,54101.70000000,0.01275000,230167.20000000,0.01276000,61618.10000000,0.01277000,276002.60000000,0.01278000,16294.10000000,0.01262,604,0.01261,111,0.0126,1241,0.01259,1640,0.01258,684,0.01257,1131,0.01256,740,0.01255,87,0.01254,1880,0.01253,837,0.01264,135,0.01265,130,0.01266,699,0.01267,1253,0.01268,749,0.01269,2014,0.0127,826,0.01271,1225,0.01272,742,0.01273,1228,0.0000500000000000,1774152000000
0,5,350,0.01272000,0.01276,0.3145,1774137164016,0.01266000,99327.40000000,0.01265000,153572.10000000,0.01264000,156375.10000000,0.01263000,52067.10000000,0.01262000,138987.40000000,0.01261000,206094.00000000,0.01260000,223446.40000000,0.01259000,393011.70000000,0.01258000,114885.40000000,0.01257000,13273.90000000,0.01269000,14145.00000000,0.01270000,123698.30000000,0.01271000,225450.20000000,0.01272000,118325.40000000,0.01273000,268230.20000000,0.01274000,115453.80000000,0.01275000,234165.20000000,0.01276000,68882.70000000,0.01277000,248773.70000000,0.01278000,16294.10000000,0.01263,85,0.01262,684,0.01261,1513,0.0126,1298,0.01259,1273,0.01258,684,0.01257,1131,0.01256,740,0.01255,883,0.01254,1830,0.01265,52,0.01266,11,0.01267,1226,0.01268,749,0.01269,1226,0.0127,826,0.01271,2011,0.01272,742,0.01273,1228,0.01274,744,0.0000500000000000,1774152000000
0,5,350,0.01272000,0.01276,0.3145,1774137164316,0.01265000,134456.50000000,0.01264000,112974.80000000,0.01263000,113148.50000000,0.01262000,138987.40000000,0.01261000,206147.70000000,0.01260000,223500.10000000,0.01259000,349807.40000000,0.01258000,117285.90000000,0.01257000,50965.10000000,0.01256000,9388.00000000,0.01267000,14145.00000000,0.01268000,14145.00000000,0.01269000,124111.40000000,0.01270000,126455.30000000,0.01271000,225450.20000000,0.01272000,211821.30000000,0.01273000,235695.30000000,0.01274000,51691.20000000,0.01275000,229644.20000000,0.01276000,101458.30000000,0.01265,9,0.01264,825,0.01263,1277,0.01262,1126,0.01261,1357,0.0126,749,0.01259,1273,0.01258,684,0.01257,1133,0.01256,690,0.01267,50,0.01268,850,0.01269,1757,0.0127,826,0.01271,1225,0.01272,742,0.01273,2013,0.01274,744,0.01275,1300,0.01276,695,0.0000500000000000,1774152000000
0,5,350,0.01274000,0.01274,0.0,1774137164617,0.01265000,484.80000000,0.01264000,140484.30000000,0.01263000,8417.00000000,0.01262000,130265.30000000,0.01261000,226301.80000000,0.01260000,191243.40000000,0.01259000,377968.60000000,0.01258000,141297.70000000,0.01257000,50965.10000000,0.01256000,150836.90000000,0.01266000,5820.00000000,0.01267000,57195.70000000,0.01268000,61076.10000000,0.01269000,225992.30000000,0.01270000,70323.70000000,0.01271000,258077.50000000,0.01272000,120226.90000000,0.01273000,271620.70000000,0.01274000,51691.20000000,0.01275000,218905.30000000,0.01264,712,0.01263,1199,0.01262,791,0.01261,1436,0.0126,749,0.01259,1277,0.01258,684,0.01257,1928,0.01256,740,0.01255,37,0.01266,9,0.01267,33,0.01268,799,0.01269,1528,0.0127,826,0.01271,1225,0.01272,742,0.01273,1228,0.01274,1529,0.01275,1300,0.0000500000000000,1774152000000
0,5,350,0.01273000,0.01274,0.0786,1774137164918,0.01266000,8441.20000000,0.01265000,186215.70000000,0.01264000,610315.50000000,0.01263000,8417.00000000,0.01262000,95337.30000000,0.01261000,191359.80000000,0.01260000,189087.10000000,0.01259000,377968.60000000,0.01258000,149834.30000000,0.01257000,54688.10000000,0.01268000,9519.10000000,0.01269000,165722.20000000,0.01270000,142081.70000000,0.01271000,235667.60000000,0.01272000,152711.60000000,0.01273000,228388.70000000,0.01274000,51691.20000000,0.01275000,222694.10000000,0.01276000,123702.90000000,0.01277000,248991.30000000,0.01265,100,0.01264,762,0.01263,1106,0.01262,819,0.01261,1229,0.0126,749,0.01259,1227,0.01258,684,0.01257,1928,0.01256,690,0.01267,59,0.01268,979,0.01269,1556,0.0127,1966,0.01271,1229,0.01272,742,0.01273,1228,0.01274,1529,0.01275,1300,0.01276,745,0.0000500000000000,1774152000000
0,5,350,0.01272000,0.01274,0.1572,1774137165219,0.01266000,51387.00000000,0.01265000,186215.70000000,0.01264000,610315.50000000,0.01263000,8417.00000000,0.01262000,138283.10000000,0.01261000,234305.60000000,0.01260000,189087.10000000,0.01259000,377968.60000000,0.01258000,106888.50000000,0.01257000,8508.40000000,0.01268000,10033.50000000,0.01269000,122776.40000000,0.01270000,96960.30000000,0.01271000,219360.20000000,0.01272000,109660.90000000,0.01273000,228388.70000000,0.01274000,51691.20000000,0.01275000,224656.70000000,0.01276000,123702.90000000,0.01277000,248991.30000000,0.01265,100,0.01264,762,0.01263,1106,0.01262,819,0.01261,1229,0.0126,749,0.01259,1227,0.01258,684,0.01257,1928,0.01256,690,0.01267,59,0.01268,979,0.01269,1556,0.0127,1966,0.01271,1229,0.01272,742,0.01273,1228,0.01274,1529,0.01275,1300,0.01276,745,0.0000500000000000,1774152000000
0,5,350,0.01273000,0.01275,0.1571,1774137165519,0.01266000,116.20000000,0.01265000,153520.30000000,0.01264000,183445.10000000,0.01263000,71362.80000000,0.01262000,138283.10000000,0.01261000,234305.60000000,0.01260000,190957.20000000,0.01259000,420914.40000000,0.01258000,149834.30000000,0.01257000,8508.40000000,0.01268000,42988.00000000,0.01269000,80365.00000000,0.01270000,119454.70000000,0.01271000,262306.00000000,0.01272000,152606.70000000,0.01273000,228388.70000000,0.01274000,51691.20000000,0.01275000,257247.30000000,0.01276000,123598.00000000,0.01277000,220312.60000000,0.01266,669,0.01265,1223,0.01264,790,0.01263,1134,0.01262,1366,0.01261,1464,0.0126,749,0.01259,1227,0.01258,684,0.01257,1083,0.01267,79,0.01268,277,0.01269,229,0.0127,1324,0.01271,1229,0.01272,742,0.01273,2013,0.01274,744,0.01275,1300,0.01276,745,0.0000500000000000,1774152000000
0,5,350,0.01273000,0.01275,0.1571,1774137165819,0.01267000,8325.00000000,0.01266000,47907.60000000,0.01265000,252318.00000000,0.01264000,150854.50000000,0.01263000,71362.80000000,0.01262000,138283.10000000,0.01261000,234305.60000000,0.01260000,277842.40000000,0.01259000,420914.40000000,0.01258000,106888.50000000,0.01269000,23676.30000000,0.01270000,76508.90000000,0.01271000,210040.80000000,0.01272000,55728.80000000,0.01273000,361901.10000000,0.01274000,51691.20000000,0.01275000,227814.10000000,0.01276000,75428.20000000,0.01277000,223660.80000000,0.01278000,58125.80000000,0.01267,9,0.01266,721,0.01265,1275,0.01264,1258,0.01263,1134,0.01262,740,0.01261,1229,0.0126,749,0.01259,1227,0.01258,634,0.01268,4,0.01269,61,0.0127,1507,0.01271,1470,0.01272,740,0.01273,1228,0.01274,1529,0.01275,1300,0.01276,745,0.01277,1230,0.0000500000000000,1774152000000
0,5,350,0.01274000,0.01274,0.0,1774137166120,0.01266000,66220.00000000,0.01265000,247115.90000000,0.01264000,155893.50000000,0.01263000,132393.80000000,0.01262000,138283.10000000,0.01261000,173124.60000000,0.01260000,310407.10000000,0.01259000,415395.90000000,0.01258000,111320.40000000,0.01257000,8508.40000000,0.01268000,5820.00000000,0.01269000,14659.40000000,0.01270000,47214.70000000,0.01271000,84858.60000000,0.01272000,98935.90000000,0.01273000,361901.10000000,0.01274000,51691.20000000,0.01275000,232354.10000000,0.01276000,82211.50000000,0.01277000,223633.70000000,0.01268,27,0.01267,205,0.01266,1129,0.01265,1459,0.01264,868,0.01263,1134,0.01262,740,0.01261,1229,0.0126,749,0.01259,1177,0.01271,1192,0.01272,662,0.01273,1773,0.01274,1529,0.01275,1270,0.01276,745,0.01277,1230,0.01278,88,0.01279,1808,0.0128,891,0.0000500000000000,1774152000000
0,5,350,0.01274000,0.01273,-0.0785,1774137166420,0.01266000,98800.60000000,0.01265000,214182.50000000,0.01264000,156175.60000000,0.01263000,132393.80000000,0.01262000,138283.10000000,0.01261000,173124.60000000,0.01260000,310407.10000000,0.01259000,377968.60000000,0.01258000,145822.80000000,0.01257000,8508.40000000,0.01268000,5936.10000000,0.01269000,14659.40000000,0.01270000,96720.00000000,0.01271000,151078.60000000,0.01272000,98935.90000000,0.01273000,361901.10000000,0.01274000,51691.20000000,0.01275000,232354.10000000,0.01276000,82211.50000000,0.01277000,223633.70000000,0.01269,28,0.01268,84,0.01267,123,0.01266,1130,0.01265,1225,0.01264,740,0.01263,1134,0.01262,740,0.01261,1229,0.0126,749,0.01271,24,0.01272,10,0.01273,2462,0.01274,719,0.01275,1270,0.01276,1528,0.01277,1230,0.01278,88,0.01279,1808,0.0128,841,0.0000500000000000,1774152000000
0,5,350,0.01274000,0.01274,0.0,1774137166720,0.01266000,66220.00000000,0.01265000,203857.20000000,0.01264000,176209.40000000,0.01263000,132393.80000000,0.01262000,138283.10000000,0.01261000,173124.60000000,0.01260000,310407.10000000,0.01259000,345393.00000000,0.01258000,121658.50000000,0.01257000,8508.40000000,0.01268000,14261.10000000,0.01269000,102885.40000000,0.01270000,197452.70000000,0.01271000,133501.10000000,0.01272000,55728.80000000,0.01273000,361901.10000000,0.01274000,51691.20000000,0.01275000,232354.10000000,0.01276000,82211.50000000,0.01277000,180715.00000000,0.01271,8,0.0127,742,0.01269,1178,0.01268,1060,0.01267,1291,0.01266,740,0.01265,1225,0.01264,740,0.01263,1134,0.01262,740,0.01272,2,0.01273,324,0.01274,9,0.01275,577,0.01276,88,0.01277,2011,0.01278,88,0.01279,1808,0.0128,36,0.01281,1089,0.0000500000000000,1774152000000
0,5,350,0.01274000,0.01274,0.0,1774137167020,0.01265000,42945.90000000,0.01264000,583444.60000000,0.01263000,102116.70000000,0.01262000,95337.30000000,0.01261000,234258.10000000,0.01260000,190957.20000000,0.01259000,67407.40000000,0.01258000,78706.00000000,0.01257000,45766.30000000,0.01256000,9388.00000000,0.01267000,14145.00000000,0.01268000,16237.90000000,0.01269000,127041.60000000,0.01270000,257670.10000000,0.01271000,133501.10000000,0.01272000,55728.80000000,0.01273000,315758.30000000,0.01274000,97834.00000000,0.01275000,232354.10000000,0.01276000,74349.90000000,0.01271,10,0.0127,746,0.01269,1178,0.01268,1269,0.01267,1213,0.01266,740,0.01265,1225,0.01264,740,0.01263,1134,0.01262,1532,0.01273,169,0.01274,110,0.01275,2059,0.01276,1017,0.01277,1888,0.01278,870,0.01279,1808,0.0128,36,0.01281,1089,0.01282,696,0.0000500000000000,1774152000000
0,5,350,0.01274000,0.01274,0.0,1774137167322,0.01264000,38429.80000000,0.01263000,144976.50000000,0.01262000,52259.40000000,0.01261000,234172.00000000,0.01260000,190871.20000000,0.01259000,110267.20000000,0.01258000,117220.00000000,0.01257000,45766.30000000,0.01256000,56782.60000000,0.01255000,450205.60000000,0.01266000,15723.50000000,0.01267000,166782.30000000,0.01268000,181512.70000000,0.01269000,169098.80000000,0.01270000,194300.50000000,0.01271000,136599.60000000,0.01272000,116931.60000000,0.01273000,222098.50000000,0.01274000,97834.00000000,0.01275000,220280.90000000,0.01271,10,0.0127,641,0.01269,1178,0.01268,1269,0.01267,1163,0.01266,740,0.01265,1225,0.01264,740,0.01263,1134,0.01262,1532,0.01273,169,0.01274,161,0.01275,88,0.01276,940,0.01277,1888,0.01278,870,0.01279,1808,0.0128,36,0.01281,1089,0.01282,696,0.0000500000000000,1774152000000
0,5,350,0.01275000,0.01274,-0.0784,1774137167623,0.01263000,92.00000000,0.01262000,33718.90000000,0.01261000,196425.90000000,0.01260000,120537.20000000,0.01259000,110267.20000000,0.01258000,117220.00000000,0.01257000,45766.30000000,0.01256000,56782.60000000,0.01255000,762831.50000000,0.01254000,46097.90000000,0.01265000,123275.60000000,0.01266000,59148.50000000,0.01267000,157560.30000000,0.01268000,169189.20000000,0.01269000,169098.80000000,0.01270000,194300.50000000,0.01271000,187584.70000000,0.01272000,55728.80000000,0.01273000,222994.30000000,0.01274000,54467.80000000,0.01271,10,0.0127,641,0.01269,1178,0.01268,1269,0.01267,1163,0.01266,740,0.01265,1225,0.01264,740,0.01263,1134,0.01262,1532,0.01273,169,0.01274,87,0.01275,113,0.01276,410,0.01277,1888,0.01278,870,0.01279,1832,0.0128,36,0.01281,1089,0.01282,696,0.0000500000000000,1774152000000
0,5,350,0.01275000,0.01274,-0.0784,1774137167923,0.01261000,8325.00000000,0.01260000,122872.30000000,0.01259000,110275.10000000,0.01258000,51376.20000000,0.01257000,45766.30000000,0.01256000,154214.80000000,0.01255000,765986.80000000,0.01254000,51192.70000000,0.01253000,53788.10000000,0.01252000,71589.20000000,0.01262000,6925.50000000,0.01263000,5728.00000000,0.01264000,117488.30000000,0.01265000,123275.60000000,0.01266000,159450.90000000,0.01267000,157560.30000000,0.01268000,169189.20000000,0.01269000,267426.80000000,0.01270000,161707.70000000,0.01271000,120562.20000000,0.01272,52,0.01271,1278,0.0127,641,0.01269,1256,0.01268,698,0.01267,1163,0.01266,740,0.01265,1225,0.01264,740,0.01263,1134,0.01274,128,0.01275,169,0.01276,360,0.01277,2195,0.01278,870,0.01279,1808,0.0128,36,0.01281,1089,0.01282,696,0.01283,1006,0.0000500000000000,1774152000000
0,5,350,0.01274000,0.01274,0.0,1774137168224,0.01260000,53013.30000000,0.01259000,141328.80000000,0.01258000,51832.60000000,0.01257000,51910.70000000,0.01256000,118553.90000000,0.01255000,54882.60000000,0.01254000,117947.30000000,0.01253000,50627.70000000,0.01252000,211795.50000000,0.01251000,46591.30000000,0.01262000,14324.00000000,0.01263000,172942.00000000,0.01264000,174756.00000000,0.01265000,171308.20000000,0.01266000,257517.60000000,0.01267000,160717.70000000,0.01268000,169189.20000000,0.01269000,123310.90000000,0.01270000,144995.20000000,0.01271000,74545.00000000,0.01272,52,0.01271,1200,0.0127,641,0.01269,1256,0.01268,698,0.01267,1163,0.01266,740,0.01265,1225,0.01264,740,0.01263,1134,0.01273,29,0.01274,128,0.01275,857,0.01276,1026,0.01277,1888,0.01278,1194,0.01279,1808,0.0128,36,0.01281,1089,0.01282,696,0.0000500000000000,1774152000000
0,5,350,0.01274000,0.01275,0.0785,1774137168525,0.01259000,39082.40000000,0.01258000,51876.70000000,0.01257000,146058.50000000,0.01256000,52333.90000000,0.01255000,54882.60000000,0.01254000,117947.30000000,0.01253000,50627.70000000,0.01252000,227376.50000000,0.01251000,52127.70000000,0.01250000,356024.70000000,0.01261000,66220.00000000,0.01262000,163781.80000000,0.01263000,128790.20000000,0.01264000,168139.20000000,0.01265000,141503.60000000,0.01266000,224768.30000000,0.01267000,127293.00000000,0.01268000,158971.80000000,0.01269000,117947.30000000,0.01270000,144995.20000000,0.01272,52,0.01271,1200,0.0127,641,0.01269,1334,0.01268,698,0.01267,1163,0.01266,740,0.01265,1225,0.01264,740,0.01263,1134,0.01273,21,0.01274,128,0.01275,865,0.01276,493,0.01277,1888,0.01278,1194,0.01279,1808,0.0128,36,0.01281,1089,0.01282,696,0.0000500000000000,1774152000000
0,5,350,0.01274000,0.01275,0.0785,1774137168825,0.01257000,1423.20000000,0.01256000,9388.00000000,0.01255000,113172.40000000,0.01254000,51727.30000000,0.01253000,50627.70000000,0.01252000,125495.60000000,0.01251000,52127.70000000,0.01250000,356024.70000000,0.01249000,183272.20000000,0.01248000,11530.10000000,0.01261000,109666.40000000,0.01262000,188591.60000000,0.01263000,233658.00000000,0.01264000,187920.80000000,0.01265000,123811.40000000,0.01266000,158936.50000000,0.01267000,127293.00000000,0.01268000,158971.80000000,0.01269000,82434.50000000,0.01270000,118187.40000000,0.01272,712,0.01271,1220,0.0127,641,0.01269,1178,0.01268,698,0.01267,1163,0.01266,740,0.01265,1225,0.01264,740,0.01263,1134,0.01274,128,0.01275,205,0.01276,920,0.01277,1228,0.01278,1194,0.01279,1808,0.0128,36,0.01281,1089,0.01282,696,0.01283,1006,0.0000500000000000,1774152000000
0,5,350,0.01274000,0.01275,0.0785,1774137169126,0.01257000,8681.60000000,0.01256000,50174.10000000,0.01255000,113124.40000000,0.01254000,51727.30000000,0.01253000,116847.70000000,0.01252000,62799.60000000,0.01251000,118347.70000000,0.01250000,352856.70000000,0.01249000,118102.80000000,0.01248000,156764.80000000,0.01259000,101880.90000000,0.01260000,112109.50000000,0.01261000,138868.00000000,0.01262000,193075.50000000,0.01263000,172236.60000000,0.01264000,157166.40000000,0.01265000,123811.40000000,0.01266000,158936.50000000,0.01267000,127200.60000000,0.01268000,133807.30000000,0.01272,662,0.01271,1220,0.0127,641,0.01269,1256,0.01268,698,0.01267,1163,0.01266,740,0.01265,1225,0.01264,740,0.01263,1134,0.01274,128,0.01275,255,0.01276,263,0.01277,1964,0.01278,1194,0.01279,1808,0.0128,36,0.01281,1089,0.01282,696,0.01283,1006,0.0000500000000000,1774152000000
0,5,350,0.01274000,0.01275,0.0785,1774137169427,0.01258000,1470.50000000,0.01257000,12587.70000000,0.01256000,33929.40000000,0.01255000,51678.80000000,0.01254000,51727.30000000,0.01253000,116847.70000000,0.01252000,164680.50000000,0.01251000,118347.70000000,0.01250000,352856.70000000,0.01249000,118102.80000000,0.01259000,43539.90000000,0.01261000,141783.40000000,0.01262000,195751.40000000,0.01263000,145766.50000000,0.01264000,157166.40000000,0.01265000,123811.40000000,0.01266000,158936.50000000,0.01267000,83522.40000000,0.01268000,133807.30000000,0.01269000,82434.50000000,0.01272,662,0.01271,1220,0.0127,641,0.01269,1490,0.01268,698,0.01267,1163,0.01266,740,0.01265,1225,0.01264,740,0.01263,1134,0.01274,128,0.01275,255,0.01276,38,0.01277,1888,0.01278,1194,0.01279,1808,0.0128,36,0.01281,1089,0.01282,696,0.01283,1006,0.0000500000000000,1774152000000
0,5,350,0.01274000,0.01275,0.0785,1774137169727,0.01261000,5515.50000000,0.01260000,65222.50000000,0.01259000,123335.80000000,0.01258000,81610.50000000,0.01257000,178868.10000000,0.01256000,119147.90000000,0.01255000,51864.90000000,0.01254000,52630.40000000,0.01253000,108521.90000000,0.01252000,130774.10000000,0.01262000,12745.50000000,0.01263000,55947.90000000,0.01264000,120453.80000000,0.01265000,80365.00000000,0.01266000,116025.90000000,0.01267000,117775.90000000,0.01268000,159040.20000000,0.01269000,115719.20000000,0.01270000,165162.80000000,0.01271000,117515.80000000,0.01273,1140,0.01272,662,0.01271,1298,0.0127,641,0.01269,1724,0.01268,698,0.01267,1163,0.01266,740,0.01265,1225,0.01264,740,0.01274,128,0.01275,255,0.01276,10,0.01277,1964,0.01278,1194,0.01279,1808,0.0128,36,0.01281,1089,0.01282,696,0.01283,1006,0.0000500000000000,1774152000000
0,5,350,0.01274000,0.01275,0.0785,1774137170027,0.01261000,62894.90000000,0.01260000,103842.60000000,0.01259000,167647.50000000,0.01258000,110471.60000000,0.01257000,160043.80000000,0.01256000,119147.90000000,0.01255000,51864.90000000,0.01254000,51727.30000000,0.01253000,109224.90000000,0.01252000,135285.40000000,0.01263000,44949.90000000,0.01264000,116025.90000000,0.01265000,117560.30000000,0.01266000,192000.20000000,0.01267000,183635.00000000,0.01268000,162197.60000000,0.01269000,115719.20000000,0.01270000,152298.00000000,0.01271000,129946.00000000,0.01272000,59448.90000000,0.01272,662,0.01271,1270,0.0127,641,0.01269,1568,0.01268,698,0.01267,1163,0.01266,740,0.01265,1225,0.01264,740,0.01263,1134,0.01274,128,0.01275,255,0.01276,38,0.01277,2191,0.01278,1194,0.01279,1808,0.0128,36,0.01281,1089,0.01282,696,0.01283,1006,0.0000500000000000,1774152000000
0,5,350,0.01274000,0.01275,0.0785,1774137170328,0.01262000,55095.10000000,0.01261000,123372.00000000,0.01260000,103842.60000000,0.01259000,233666.30000000,0.01258000,109001.10000000,0.01257000,155781.10000000,0.01256000,119147.90000000,0.01255000,51864.90000000,0.01254000,51727.30000000,0.01253000,149157.40000000,0.01264000,101880.90000000,0.01265000,14145.00000000,0.01266000,116025.90000000,0.01267000,84876.30000000,0.01268000,119183.30000000,0.01269000,117779.40000000,0.01270000,152298.00000000,0.01271000,142256.60000000,0.01272000,47429.80000000,0.01273000,219660.30000000,0.01272,662,0.01271,1270,0.0127,641,0.01269,2036,0.01268,698,0.01267,1163,0.01266,740,0.01265,1225,0.01264,740,0.01263,1134,0.01274,128,0.01275,255,0.01276,38,0.01277,1888,0.01278,1194,0.01279,1808,0.0128,36,0.01281,1089,0.01282,696,0.01283,1006,0.0000500000000000,1774152000000
0,5,350,0.01274000,0.01275,0.0785,1774137170629,0.01263000,116845.00000000,0.01262000,96106.50000000,0.01261000,129063.60000000,0.01260000,135010.40000000,0.01259000,157150.60000000,0.01258000,58547.00000000,0.01257000,155781.10000000,0.01256000,119147.90000000,0.01255000,46874.40000000,0.01254000,48787.80000000,0.01265000,42958.70000000,0.01266000,116025.90000000,0.01267000,18656.30000000,0.01268000,162417.70000000,0.01269000,179030.00000000,0.01270000,154071.70000000,0.01271000,124561.10000000,0.01272000,48452.40000000,0.01273000,219609.00000000,0.01274000,53274.00000000,0.01272,662,0.01271,1270,0.0127,641,0.01269,1594,0.01268,698,0.01267,1163,0.01266,740,0.01265,1225,0.01264,740,0.01263,1134,0.01274,128,0.01275,255,0.01276,88,0.01277,1888,0.01278,1194,0.01279,1808,0.0128,36,0.01281,1089,0.01282,696,0.01283,1006,0.0000500000000000,1774152000000
0,5,350,0.01274000,0.01275,0.0785,1774137170929,0.01264000,36805.60000000,0.01263000,75914.80000000,0.01262000,97489.80000000,0.01261000,169766.70000000,0.01260000,215044.90000000,0.01259000,166566.30000000,0.01258000,51339.30000000,0.01257000,146365.40000000,0.01256000,119147.90000000,0.01255000,41935.50000000,0.01266000,101880.90000000,0.01267000,143703.40000000,0.01268000,162417.70000000,0.01269000,122307.20000000,0.01270000,215274.50000000,0.01271000,170703.90000000,0.01272000,48452.40000000,0.01273000,219609.00000000,0.01274000,63545.20000000,0.01275000,211392.70000000,0.01273,8,0.01272,662,0.01271,1294,0.0127,641,0.01269,1750,0.01268,698,0.01267,1163,0.01266,740,0.01265,1225,0.01264,740,0.01274,128,0.01275,255,0.01276,88,0.01277,1888,0.01278,1194,0.01279,1808,0.0128,36,0.01281,1089,0.01282,696,0.01283,1006,0.0000500000000000,1774152000000
0,5,350,0.01274000,0.01275,0.0785,1774137171229,0.01266000,50554.30000000,0.01265000,123479.80000000,0.01264000,159795.90000000,0.01263000,142088.80000000,0.01262000,97372.00000000,0.01261000,230944.60000000,0.01260000,153842.10000000,0.01259000,127195.10000000,0.01258000,41897.60000000,0.01257000,110205.90000000,0.01268000,107700.90000000,0.01269000,79072.80000000,0.01270000,114302.50000000,0.01271000,120771.20000000,0.01272000,113193.40000000,0.01273000,176425.90000000,0.01274000,63545.20000000,0.01275000,214843.80000000,0.01276000,59329.30000000,0.01277000,219540.70000000,0.01273,3,0.01272,656,0.01271,1298,0.0127,797,0.01269,1875,0.01268,698,0.01267,1163,0.01266,740,0.01265,1225,0.01264,740,0.01274,128,0.01275,255,0.01276,88,0.01277,1964,0.01278,1194,0.01279,1808,0.0128,36,0.01281,1089,0.01282,696,0.01283,1006,0.0000500000000000,1774152000000
0,5,350,0.01274000,0.01276,0.157,1774137171530,0.01264000,9787.40000000,0.01263000,120270.30000000,0.01262000,177501.40000000,0.01261000,116207.30000000,0.01260000,163244.00000000,0.01259000,117148.20000000,0.01258000,51253.00000000,0.01257000,157660.30000000,0.01256000,118536.00000000,0.01255000,330124.60000000,0.01266000,6220.50000000,0.01267000,75817.70000000,0.01268000,159071.70000000,0.01269000,124673.10000000,0.01270000,161065.30000000,0.01271000,163886.00000000,0.01272000,54410.40000000,0.01273000,219353.90000000,0.01274000,45787.60000000,0.01275000,176425.90000000,0.01272,656,0.01271,1298,0.0127,875,0.01269,1827,0.01268,698,0.01267,1163,0.01266,740,0.01265,1225,0.01264,740,0.01263,1134,0.01274,128,0.01275,255,0.01276,88,0.01277,1888,0.01278,1194,0.01279,1808,0.0128,36,0.01281,1089,0.01282,696,0.01283,1006,0.0000500000000000,1774152000000
0,5,350,0.01274000,0.01276,0.157,1774137171831,0.01264000,1462.40000000,0.01263000,120270.30000000,0.01262000,177501.40000000,0.01261000,116207.30000000,0.01260000,163244.00000000,0.01259000,117148.20000000,0.01258000,51253.00000000,0.01257000,157660.30000000,0.01256000,118536.00000000,0.01255000,330124.60000000,0.01265000,8325.00000000,0.01266000,26550.50000000,0.01267000,123812.20000000,0.01268000,159071.70000000,0.01269000,157324.40000000,0.01270000,222267.80000000,0.01271000,163886.00000000,0.01272000,54410.40000000,0.01273000,219353.90000000,0.01274000,46161.90000000,0.01272,8,0.01271,1270,0.0127,875,0.01269,1827,0.01268,1010,0.01267,1163,0.01266,740,0.01265,1225,0.01264,740,0.01263,1134,0.01273,2,0.01274,128,0.01275,282,0.01276,88,0.01277,1888,0.01278,1194,0.01279,1842,0.0128,36,0.01281,1089,0.01282,696,0.0000500000000000,1774152000000
0,5,350,0.01274000,0.01276,0.157,1774137172132,0.01264000,58943.70000000,0.01263000,163605.40000000,0.01262000,277488.80000000,0.01261000,159542.40000000,0.01260000,163409.80000000,0.01259000,117148.20000000,0.01258000,51253.00000000,0.01257000,153133.90000000,0.01256000,95608.00000000,0.01255000,291609.20000000,0.01266000,1462.40000000,0.01267000,109151.60000000,0.01268000,116025.90000000,0.01269000,114396.40000000,0.01270000,180032.90000000,0.01271000,120771.20000000,0.01272000,54410.40000000,0.01273000,219353.90000000,0.01274000,43960.30000000,0.01275000,216818.60000000,0.01271,1270,0.0127,719,0.01269,1827,0.01268,1088,0.01267,1163,0.01266,740,0.01265,1225,0.01264,740,0.01263,1134,0.01262,1532,0.01273,52,0.01274,128,0.01275,282,0.01276,88,0.01277,1888,0.01278,1194,0.01279,1842,0.0128,36,0.01281,1089,0.01282,696,0.0000500000000000,1774152000000
0,5,350,0.01273000,0.01276,0.2357,1774137172433,0.01264000,7183.80000000,0.01263000,139746.80000000,0.01262000,234153.70000000,0.01261000,116207.30000000,0.01260000,120074.70000000,0.01259000,117863.10000000,0.01258000,51253.00000000,0.01257000,153133.90000000,0.01256000,138926.10000000,0.01255000,349927.30000000,0.01266000,10424.40000000,0.01267000,152469.70000000,0.01268000,159344.00000000,0.01269000,157714.50000000,0.01270000,223351.00000000,0.01271000,164089.30000000,0.01272000,54410.40000000,0.01273000,219353.90000000,0.01274000,46296.40000000,0.01275000,214523.90000000,0.01272,10,0.01271,1270,0.0127,1031,0.01269,1646,0.01268,698,0.01267,1163,0.01266,740,0.01265,1225,0.01264,740,0.01263,1134,0.01274,78,0.01275,232,0.01276,88,0.01277,2342,0.01278,1194,0.01279,1808,0.0128,36,0.01281,1089,0.01282,696,0.01283,1006,0.0000500000000000,1774152000000
0,5,350,0.01273000,0.01276,0.2357,1774137172734,0.01267000,5820.00000000,0.01266000,52878.50000000,0.01265000,172033.30000000,0.01264000,286475.60000000,0.01263000,178833.50000000,0.01262000,192522.90000000,0.01261000,159525.40000000,0.01260000,153751.30000000,0.01259000,116734.40000000,0.01258000,8325.00000000,0.01269000,8325.00000000,0.01270000,164782.50000000,0.01271000,8408.40000000,0.01272000,148391.40000000,0.01273000,265661.00000000,0.01274000,52143.10000000,0.01275000,219744.00000000,0.01276000,69654.40000000,0.01277000,219744.00000000,0.01278000,59612.20000000,0.01272,733,0.01271,1270,0.0127,797,0.01269,1672,0.01268,698,0.01267,1163,0.01266,740,0.01265,1225,0.01264,1531,0.01263,1134,0.01274,78,0.01275,169,0.01276,124,0.01277,1888,0.01278,1194,0.01279,1808,0.0128,36,0.01281,1089,0.01282,696,0.01283,1006,0.0000500000000000,1774152000000
0,5,350,0.01273000,0.01276,0.2357,1774137173034,0.01267000,49546.90000000,0.01266000,154759.40000000,0.01265000,214111.90000000,0.01264000,161096.50000000,0.01263000,109538.10000000,0.01262000,168533.90000000,0.01261000,123683.10000000,0.01260000,144544.70000000,0.01259000,113378.80000000,0.01258000,8325.00000000,0.01270000,18241.60000000,0.01271000,176509.30000000,0.01272000,51728.50000000,0.01273000,283625.90000000,0.01274000,52015.80000000,0.01275000,219616.70000000,0.01276000,72684.50000000,0.01277000,219616.70000000,0.01278000,59484.90000000,0.01279000,216050.70000000,0.01272,733,0.01271,1376,0.0127,641,0.01269,1880,0.01268,698,0.01267,1163,0.01266,740,0.01265,1225,0.01264,1531,0.01263,1134,0.01274,8,0.01275,169,0.01276,124,0.01277,1888,0.01278,2102,0.01279,1808,0.0128,36,0.01281,1089,0.01282,696,0.01283,1006,0.0000500000000000,1774152000000
0,5,350,0.01273000,0.01276,0.2357,1774137173335,0.01268000,24178.40000000,0.01267000,121075.90000000,0.01266000,52878.50000000,0.01265000,181538.10000000,0.01264000,161096.50000000,0.01263000,109538.10000000,0.01262000,168533.90000000,0.01261000,123683.10000000,0.01260000,144544.70000000,0.01259000,113378.80000000,0.01270000,18241.60000000,0.01271000,176509.30000000,0.01272000,51728.50000000,0.01273000,283625.90000000,0.01274000,52015.80000000,0.01275000,219616.70000000,0.01276000,72684.50000000,0.01277000,219616.70000000,0.01278000,50640.50000000,0.01279000,209564.60000000,0.01272,725,0.01271,1270,0.0127,641,0.01269,1256,0.01268,698,0.01267,1163,0.01266,740,0.01265,1225,0.01264,740,0.01263,1925,0.01274,8,0.01275,169,0.01276,124,0.01277,2487,0.01278,1194,0.01279,1808,0.0128,36,0.01281,1089,0.01282,696,0.01283,1006,0.0000500000000000,1774152000000
0,5,350,0.01273000,0.01276,0.2357,1774137173635,0.01268000,32503.40000000,0.01267000,156900.70000000,0.01266000,91679.20000000,0.01265000,227381.50000000,0.01264000,161096.50000000,0.01263000,109538.10000000,0.01262000,159118.20000000,0.01261000,123683.10000000,0.01260000,144544.70000000,0.01259000,113378.80000000,0.01270000,9916.60000000,0.01271000,176509.30000000,0.01272000,56113.30000000,0.01273000,283625.90000000,0.01274000,52015.80000000,0.01275000,219616.70000000,0.01276000,54673.20000000,0.01277000,219616.70000000,0.01278000,68670.50000000,0.01279000,209564.60000000,0.01272,725,0.01271,1270,0.0127,641,0.01269,1568,0.01268,698,0.01267,1163,0.01266,740,0.01265,1225,0.01264,740,0.01263,1925,0.01274,8,0.01275,169,0.01276,124,0.01277,2260,0.01278,1194,0.01279,1808,0.0128,36,0.01281,1089,0.01282,696,0.01283,1006,0.0000500000000000,1774152000000
0,5,350,0.01272000,0.01276,0.3145,1774137173935,0.01270000,37547.00000000,0.01269000,43251.30000000,0.01268000,119722.10000000,0.01267000,117777.40000000,0.01266000,178965.80000000,0.01265000,199366.30000000,0.01264000,59214.50000000,0.01263000,163510.80000000,0.01262000,151196.60000000,0.01261000,117932.50000000,0.01272000,11706.00000000,0.01273000,158093.10000000,0.01274000,113185.70000000,0.01275000,204451.10000000,0.01276000,54833.60000000,0.01277000,215728.40000000,0.01278000,69764.00000000,0.01279000,213316.30000000,0.01280000,51956.40000000,0.01281000,184222.80000000,0.01271,100,0.0127,723,0.01269,1150,0.01268,748,0.01267,1140,0.01266,776,0.01265,1225,0.01264,740,0.01263,1134,0.01262,740,0.01272,41,0.01273,83,0.01274,834,0.01275,986,0.01276,164,0.01277,3300,0.01278,412,0.01279,1808,0.0128,36,0.01281,1089,0.0000500000000000,1774152000000
0,5,350,0.01272000,0.01276,0.3145,1774137174236,0.01270000,37547.00000000,0.01269000,51576.30000000,0.01268000,186791.80000000,0.01267000,206071.30000000,0.01266000,135578.30000000,0.01265000,199366.30000000,0.01264000,59214.50000000,0.01263000,163510.80000000,0.01262000,151196.60000000,0.01261000,117932.50000000,0.01272000,81566.00000000,0.01273000,153373.20000000,0.01274000,52212.50000000,0.01275000,280846.70000000,0.01276000,54869.90000000,0.01277000,215728.40000000,0.01278000,69764.00000000,0.01279000,213316.30000000,0.01280000,51956.40000000,0.01281000,184222.80000000,0.01269,1150,0.01268,889,0.01267,1167,0.01266,1088,0.01265,1225,0.01264,740,0.01263,1134,0.01262,740,0.01261,1229,0.0126,749,0.01271,8,0.01272,10,0.01273,83,0.01274,755,0.01275,985,0.01276,38,0.01277,2712,0.01278,88,0.01279,1808,0.0128,36,0.0000500000000000,1774152000000
0,5,350,0.01271000,0.01276,0.3934,1774137174537,0.01271000,15599.40000000,0.01270000,45989.50000000,0.01269000,52952.00000000,0.01268000,132433.20000000,0.01267000,164232.00000000,0.01266000,51492.30000000,0.01265000,216391.30000000,0.01264000,57831.20000000,0.01263000,40417.90000000,0.01262000,216583.30000000,0.01273000,40271.60000000,0.01274000,82213.40000000,0.01275000,56275.40000000,0.01276000,48229.90000000,0.01277000,153373.20000000,0.01278000,51734.00000000,0.01279000,216473.70000000,0.01280000,44104.10000000,0.01281000,227390.10000000,0.01282000,38054.90000000,0.01271,1140,0.0127,809,0.01269,1150,0.01268,852,0.01267,1479,0.01266,854,0.01265,1225,0.01264,740,0.01263,1134,0.01262,740,0.01272,2,0.01273,60,0.01274,755,0.01275,683,0.01276,360,0.01277,2671,0.01278,88,0.01279,1848,0.0128,36,0.01281,1089,0.0000500000000000,1774152000000
0,5,350,0.01271000,0.01278,0.5507,1774137174837,0.01271000,48987.80000000,0.01270000,83859.60000000,0.01269000,220050.20000000,0.01268000,131726.50000000,0.01267000,202570.80000000,0.01266000,114360.70000000,0.01265000,153522.90000000,0.01264000,57462.00000000,0.01263000,36574.20000000,0.01262000,173074.30000000,0.01273000,17556.80000000,0.01274000,14645.00000000,0.01275000,158079.50000000,0.01276000,128712.20000000,0.01277000,153638.10000000,0.01278000,51734.00000000,0.01279000,216473.70000000,0.01280000,44104.10000000,0.01281000,221228.60000000,0.01282000,81487.10000000,0.01271,1140,0.0127,801,0.01269,1150,0.01268,852,0.01267,1167,0.01266,776,0.01265,1225,0.01264,740,0.01263,1134,0.01262,740,0.01272,10,0.01273,60,0.01274,755,0.01275,759,0.01276,360,0.01277,2671,0.01278,88,0.01279,1848,0.0128,36,0.01281,1089,0.0000500000000000,1774152000000
0,5,350,0.01271000,0.01277,0.4721,1774137175138,0.01272000,56576.10000000,0.01271000,99060.80000000,0.01270000,182952.30000000,0.01269000,220050.20000000,0.01268000,131726.50000000,0.01267000,202570.80000000,0.01266000,114360.70000000,0.01265000,144628.90000000,0.01264000,57573.80000000,0.01263000,92.00000000,0.01274000,31933.60000000,0.01275000,12766.40000000,0.01276000,71193.40000000,0.01277000,110205.90000000,0.01278000,51845.80000000,0.01279000,213146.70000000,0.01280000,44104.10000000,0.01281000,221228.60000000,0.01282000,81487.10000000,0.01283000,122339.30000000,0.01271,1140,0.0127,801,0.01269,1150,0.01268,1086,0.01267,1167,0.01266,776,0.01265,1225,0.01264,740,0.01263,1134,0.01262,740,0.01272,10,0.01273,60,0.01274,755,0.01275,2129,0.01276,1143,0.01277,1888,0.01278,88,0.01279,1808,0.0128,36,0.01281,1089,0.0000500000000000,1774152000000
0,5,350,0.01271000,0.01278,0.5507,1774137175438,0.01272000,59148.00000000,0.01271000,99060.80000000,0.01270000,224817.50000000,0.01269000,280867.50000000,0.01268000,122310.80000000,0.01267000,202570.80000000,0.01266000,114360.70000000,0.01265000,144628.90000000,0.01264000,122472.80000000,0.01263000,92.00000000,0.01274000,7874.20000000,0.01275000,8325.00000000,0.01276000,114742.00000000,0.01277000,265397.20000000,0.01278000,51845.80000000,0.01279000,213146.70000000,0.01280000,44104.10000000,0.01281000,221228.60000000,0.01282000,81487.10000000,0.01283000,122339.30000000,0.01271,1228,0.0127,801,0.01269,1175,0.01268,1072,0.01267,1167,0.01266,776,0.01265,1225,0.01264,740,0.01263,1134,0.01262,740,0.01272,8,0.01273,60,0.01274,731,0.01275,2306,0.01276,1585,0.01277,1860,0.01278,88,0.01279,1808,0.0128,36,0.01281,1089,0.0000500000000000,1774152000000
0,5,350,0.01271000,0.01276,0.3934,1774137175739,0.01273000,5820.00000000,0.01272000,126668.30000000,0.01271000,200824.20000000,0.01270000,192832.60000000,0.01269000,280867.50000000,0.01268000,120616.40000000,0.01267000,202570.80000000,0.01266000,134360.70000000,0.01265000,152457.60000000,0.01264000,116703.20000000,0.01275000,8325.00000000,0.01276000,41970.50000000,0.01277000,207965.00000000,0.01278000,52063.10000000,0.01279000,280498.80000000,0.01280000,44104.10000000,0.01281000,221228.60000000,0.01282000,81487.10000000,0.01283000,122339.30000000,0.01284000,54644.30000000,0.01271,1228,0.0127,801,0.01269,1175,0.01268,1161,0.01267,1167,0.01266,776,0.01265,1225,0.01264,740,0.01263,1134,0.01262,740,0.01272,8,0.01273,60,0.01274,731,0.01275,1345,0.01276,359,0.01277,2670,0.01278,88,0.01279,1808,0.0128,36,0.01281,1089,0.0000500000000000,1774152000000
0,5,350,0.01271000,0.01276,0.3934,1774137176040,0.01272000,29488.60000000,0.01271000,110572.70000000,0.01270000,160392.40000000,0.01269000,313291.70000000,0.01268000,120454.90000000,0.01267000,202570.80000000,0.01266000,134634.90000000,0.01265000,145888.30000000,0.01264000,119055.20000000,0.01263000,43533.50000000,0.01274000,8325.00000000,0.01275000,55831.00000000,0.01276000,93737.00000000,0.01277000,251381.20000000,0.01278000,52020.00000000,0.01279000,219500.80000000,0.01280000,49128.40000000,0.01281000,221228.60000000,0.01282000,81487.10000000,0.01283000,116687.50000000,0.01272,58,0.01271,1228,0.0127,750,0.01269,1409,0.01268,1150,0.01267,1167,0.01266,776,0.01265,1225,0.01264,740,0.01263,1134,0.01273,2,0.01274,86,0.01275,2142,0.01276,679,0.01277,2643,0.01278,88,0.01279,1808,0.0128,36,0.01281,1089,0.01282,696,0.0000500000000000,1774152000000
