spot_source_id,fut_source_id,symbol_id,ask_spot,bid_futures,spread_pct,ts,s_b1,s_b2,s_b3,s_b4,s_b5,s_b6,s_b7,s_b8,s_b9,s_b10,s_bq1,s_bq2,s_bq3,s_bq4,s_bq5,s_bq6,s_bq7,s_bq8,s_bq9,s_bq10,s_a1,s_a2,s_a3,s_a4,s_a5,s_a6,s_a7,s_a8,s_a9,s_a10,s_aq1,s_aq2,s_aq3,s_aq4,s_aq5,s_aq6,s_aq7,s_aq8,s_aq9,s_aq10,f_b1,f_b2,f_b3,f_b4,f_b5,f_b6,f_b7,f_b8,f_b9,f_b10,f_bq1,f_bq2,f_bq3,f_bq4,f_bq5,f_bq6,f_bq7,f_bq8,f_bq9,f_bq10,f_a1,f_a2,f_a3,f_a4,f_a5,f_a6,f_a7,f_a8,f_a9,f_a10,f_aq1,f_aq2,f_aq3,f_aq4,f_aq5,f_aq6,f_aq7,f_aq8,f_aq9,f_aq10,fr_r,fr_ft
0,5,54,0.68200000,0.6796,-0.3519,1774137100000,0.68000000,68352.95000000,0.67900000,59861.96000000,0.67800000,74336.91000000,0.67700000,52644.93000000,0.67600000,114752.15000000,0.67500000,68461.10000000,0.67400000,40185.10000000,0.67300000,28986.89000000,0.67200000,71332.24000000,0.67100000,49622.45000000,0.68100000,17956.35000000,0.68200000,63071.54000000,0.68300000,106253.00000000,0.68400000,94538.60000000,0.68500000,85000.79000000,0.68600000,23540.25000000,0.68700000,28255.03000000,0.68800000,18419.31000000,0.68900000,56729.17000000,0.69000000,39571.47000000,0.6795,10838,0.6794,5282,0.6793,8046,0.6792,16196,0.6791,28226,0.679,20908,0.6789,20988,0.6788,19242,0.6787,14910,0.6786,27559,0.6796,1825,0.6797,2216,0.6798,9084,0.6799,14175,0.68,13137,0.6801,10252,0.6802,21294,0.6803,17429,0.6804,20439,0.6805,16775,,
0,5,54,0.68100000,0.6795,-0.2203,1774137101000,0.68000000,57419.00000000,0.67900000,56586.82000000,0.67800000,61289.93000000,0.67700000,65802.67000000,0.67600000,114909.11000000,0.67500000,67961.10000000,0.67400000,39992.68000000,0.67300000,29179.31000000,0.67200000,71332.24000000,0.67100000,53296.21000000,0.68100000,35021.34000000,0.68200000,64627.72000000,0.68300000,107138.17000000,0.68400000,95518.16000000,0.68500000,76881.64000000,0.68600000,22598.98000000,0.68700000,28549.44000000,0.68800000,41320.05000000,0.68900000,54895.06000000,0.69000000,39660.67000000,0.6795,10838,0.6794,5282,0.6793,7458,0.6792,15011,0.6791,25188,0.679,20908,0.6789,20988,0.6788,19242,0.6787,14910,0.6786,27559,0.6796,1825,0.6797,2216,0.6798,9084,0.6799,14175,0.68,13137,0.6801,10252,0.6802,19794,0.6803,15929,0.6804,20439,0.6805,16775,,
0,5,54,0.68100000,0.6792,-0.2643,1774137102000,0.68000000,57807.52000000,0.67900000,56075.09000000,0.67800000,61289.93000000,0.67700000,65802.67000000,0.67600000,114909.11000000,0.67500000,67961.10000000,0.67400000,39089.75000000,0.67300000,29179.31000000,0.67200000,72237.86000000,0.67100000,53296.21000000,0.68100000,36865.22000000,0.68200000,73608.49000000,0.68300000,127268.92000000,0.68400000,95518.16000000,0.68500000,72833.47000000,0.68600000,22598.98000000,0.68700000,28549.44000000,0.68800000,41320.05000000,0.68900000,54895.06000000,0.69000000,39660.67000000,0.6794,854,0.6793,799,0.6792,5237,0.6791,19365,0.679,8333,0.6789,17895,0.6788,20550,0.6787,16495,0.6786,24007,0.6785,23568,0.6795,9373,0.6796,19548,0.6797,8446,0.6798,10726,0.6799,13440,0.68,38069,0.6801,10222,0.6802,24324,0.6803,16702,0.6804,18245,,
0,5,54,0.68100000,0.6795,-0.2203,1774137103000,0.68000000,52112.56000000,0.67900000,57188.06000000,0.67800000,64113.66000000,0.67700000,65802.67000000,0.67600000,115088.86000000,0.67500000,67961.10000000,0.67400000,40203.10000000,0.67300000,29179.31000000,0.67200000,72237.86000000,0.67100000,53296.21000000,0.68100000,41320.26000000,0.68200000,69172.39000000,0.68300000,127268.92000000,0.68400000,95518.16000000,0.68500000,72833.47000000,0.68600000,22598.98000000,0.68700000,28549.44000000,0.68800000,41320.05000000,0.68900000,54895.06000000,0.69000000,39660.67000000,0.6795,207,0.6794,1357,0.6793,8320,0.6792,10651,0.6791,12435,0.679,23156,0.6789,19357,0.6788,25640,0.6787,13391,0.6786,22336,0.6796,10261,0.6797,8015,0.6798,16174,0.6799,13565,0.68,27383,0.6801,11780,0.6802,22340,0.6803,17099,0.6804,20463,0.6805,18246,,
0,5,54,0.68100000,0.6793,-0.2496,1774137104000,0.68000000,46985.91000000,0.67900000,53987.82000000,0.67800000,64682.03000000,0.67700000,65802.67000000,0.67600000,114909.11000000,0.67500000,61961.10000000,0.67400000,45089.75000000,0.67300000,29179.31000000,0.67200000,72237.86000000,0.67100000,53296.21000000,0.68100000,60397.91000000,0.68200000,69172.39000000,0.68300000,130634.52000000,0.68400000,91466.25000000,0.68500000,55225.26000000,0.68600000,22598.98000000,0.68700000,28549.44000000,0.68800000,41320.05000000,0.68900000,54895.06000000,0.69000000,39660.67000000,0.6793,78,0.6792,2704,0.6791,4380,0.679,4574,0.6789,16328,0.6788,17647,0.6787,11430,0.6786,25465,0.6785,26018,0.6784,19485,0.6794,8373,0.6795,19123,0.6796,10218,0.6797,13670,0.6798,37404,0.6799,13390,0.68,14230,0.6801,14467,0.6802,22564,0.6803,15957,,
0,5,54,0.68100000,0.6787,-0.3377,1774137105000,0.67900000,50403.43000000,0.67800000,63167.72000000,0.67700000,65441.85000000,0.67600000,114940.09000000,0.67500000,67194.97000000,0.67400000,50273.65000000,0.67300000,30746.41000000,0.67200000,72237.86000000,0.67100000,53296.21000000,0.67000000,69282.10000000,0.68000000,32791.32000000,0.68100000,75105.86000000,0.68200000,62600.97000000,0.68300000,96039.64000000,0.68400000,75529.99000000,0.68500000,49052.42000000,0.68600000,18731.84000000,0.68700000,20925.72000000,0.68800000,41320.05000000,0.68900000,53228.20000000,0.6789,1117,0.6788,7745,0.6787,7816,0.6786,5801,0.6785,19742,0.6784,4847,0.6783,26088,0.6782,18041,0.6781,14548,0.678,28615,0.679,4737,0.6791,10570,0.6792,21079,0.6793,9879,0.6794,24124,0.6795,15694,0.6796,16803,0.6797,17948,0.6798,17733,0.6799,17995,,
0,5,54,0.68000000,0.6784,-0.2353,1774137106000,0.67900000,31075.02000000,0.67800000,56403.37000000,0.67700000,57959.75000000,0.67600000,60133.15000000,0.67500000,67194.97000000,0.67400000,113969.65000000,0.67300000,34262.51000000,0.67200000,72063.76000000,0.67100000,53296.21000000,0.67000000,73328.37000000,0.68000000,64523.30000000,0.68100000,78590.64000000,0.68200000,78732.65000000,0.68300000,96977.95000000,0.68400000,49852.03000000,0.68500000,49063.79000000,0.68600000,18617.92000000,0.68700000,50485.64000000,0.68800000,41330.33000000,0.68900000,53228.20000000,0.6783,445,0.6782,2672,0.6781,4697,0.678,16829,0.6779,9711,0.6778,43945,0.6777,19831,0.6776,18940,0.6775,19357,0.6774,19227,0.6784,3570,0.6785,9314,0.6786,19024,0.6787,7618,0.6788,15041,0.6789,13402,0.679,12996,0.6791,19448,0.6792,23588,0.6793,12160,,
0,5,54,0.68000000,0.679,-0.1471,1774137107000,0.67900000,40589.94000000,0.67800000,58246.24000000,0.67700000,55597.23000000,0.67600000,60273.82000000,0.67500000,72623.65000000,0.67400000,109567.60000000,0.67300000,29853.99000000,0.67200000,72063.76000000,0.67100000,53296.21000000,0.67000000,69649.20000000,0.68000000,39586.32000000,0.68100000,82696.69000000,0.68200000,82765.19000000,0.68300000,99425.10000000,0.68400000,67625.99000000,0.68500000,49052.42000000,0.68600000,18617.92000000,0.68700000,50485.64000000,0.68800000,41330.33000000,0.68900000,53228.20000000,0.6789,1493,0.6788,3313,0.6787,8149,0.6786,10368,0.6785,10713,0.6784,11856,0.6783,9945,0.6782,25547,0.6781,10082,0.678,24979,0.679,4317,0.6791,11981,0.6792,18506,0.6793,8471,0.6794,27249,0.6795,14564,0.6796,15906,0.6797,20602,0.6798,20788,0.6799,18801,,
0,5,54,0.68000000,0.679,-0.1471,1774137108000,0.67900000,46271.33000000,0.67800000,58902.04000000,0.67700000,69168.25000000,0.67600000,46648.92000000,0.67500000,72694.25000000,0.67400000,109558.16000000,0.67300000,30046.97000000,0.67200000,71871.06000000,0.67100000,53296.21000000,0.67000000,69649.20000000,0.68000000,13058.73000000,0.68100000,94404.24000000,0.68200000,69863.89000000,0.68300000,92976.38000000,0.68400000,67746.09000000,0.68500000,48721.86000000,0.68600000,18617.92000000,0.68700000,50727.72000000,0.68800000,41346.19000000,0.68900000,56901.96000000,0.6788,6484,0.6787,3789,0.6786,4744,0.6785,17878,0.6784,15432,0.6783,13127,0.6782,18892,0.6781,19248,0.678,25332,0.6779,18924,0.6789,140,0.679,27,0.6791,5951,0.6792,16855,0.6793,13780,0.6794,9702,0.6795,10991,0.6796,23204,0.6797,13510,0.6798,16415,,
0,5,54,0.68000000,0.679,-0.1471,1774137109000,0.67900000,51076.76000000,0.67800000,54100.62000000,0.67700000,69168.25000000,0.67600000,46648.92000000,0.67500000,72694.25000000,0.67400000,109558.16000000,0.67300000,30046.97000000,0.67200000,71871.06000000,0.67100000,53296.21000000,0.67000000,69649.20000000,0.68000000,14026.43000000,0.68100000,94740.13000000,0.68200000,90357.17000000,0.68300000,92976.38000000,0.68400000,67746.09000000,0.68500000,48732.13000000,0.68600000,18617.92000000,0.68700000,56727.72000000,0.68800000,35346.19000000,0.68900000,56901.96000000,0.679,1242,0.6789,6055,0.6788,10368,0.6787,5532,0.6786,11582,0.6785,15886,0.6784,14218,0.6783,19681,0.6782,26520,0.6781,16830,0.6791,3675,0.6792,11681,0.6793,9601,0.6794,9994,0.6795,9734,0.6796,21010,0.6797,13974,0.6798,14281,0.6799,20742,0.68,18793,,
0,5,54,0.68000000,0.6789,-0.1618,1774137110000,0.67900000,42509.65000000,0.67800000,59455.73000000,0.67700000,69168.25000000,0.67600000,47228.21000000,0.67500000,84280.05000000,0.67400000,109558.16000000,0.67300000,34461.98000000,0.67200000,71871.06000000,0.67100000,53296.21000000,0.67000000,69649.20000000,0.68000000,24430.90000000,0.68100000,95874.64000000,0.68200000,82038.02000000,0.68300000,92976.38000000,0.68400000,67846.09000000,0.68500000,48721.86000000,0.68600000,18959.20000000,0.68700000,56727.72000000,0.68800000,35346.19000000,0.68900000,53228.20000000,0.6789,114,0.6788,985,0.6787,7732,0.6786,11374,0.6785,16081,0.6784,14152,0.6783,19352,0.6782,24421,0.6781,17014,0.678,19027,0.679,6022,0.6791,5055,0.6792,15080,0.6793,12403,0.6794,9573,0.6795,10475,0.6796,20417,0.6797,13822,0.6798,14281,0.6799,20740,,
0,5,54,0.68000000,0.6789,-0.1618,1774137111000,0.67900000,43514.72000000,0.67800000,60460.80000000,0.67700000,70173.32000000,0.67600000,53106.41000000,0.67500000,78487.15000000,0.67400000,109558.16000000,0.67300000,34461.98000000,0.67200000,71871.06000000,0.67100000,53296.21000000,0.67000000,69649.20000000,0.68000000,25093.92000000,0.68100000,102524.11000000,0.68200000,82038.02000000,0.68300000,93054.21000000,0.68400000,67768.26000000,0.68500000,48721.86000000,0.68600000,18959.20000000,0.68700000,56727.72000000,0.68800000,35346.19000000,0.68900000,53228.20000000,0.6789,90,0.6788,26,0.6787,4871,0.6786,13537,0.6785,15502,0.6784,14152,0.6783,19536,0.6782,24421,0.6781,16830,0.678,19027,0.679,7312,0.6791,5055,0.6792,15228,0.6793,12841,0.6794,27644,0.6795,12669,0.6796,20265,0.6797,11628,0.6798,16260,0.6799,20740,,
0,5,54,0.68000000,0.6788,-0.1765,1774137112000,0.67900000,43883.56000000,0.67800000,60460.80000000,0.67700000,70173.32000000,0.67600000,53106.41000000,0.67500000,78487.15000000,0.67400000,109558.16000000,0.67300000,34269.00000000,0.67200000,72064.04000000,0.67100000,53296.21000000,0.67000000,69649.20000000,0.68000000,26710.63000000,0.68100000,104851.03000000,0.68200000,78994.96000000,0.68300000,93054.21000000,0.68400000,67768.26000000,0.68500000,43592.42000000,0.68600000,18959.20000000,0.68700000,56727.72000000,0.68800000,35346.19000000,0.68900000,53228.20000000,0.6788,76,0.6787,17,0.6786,7918,0.6785,15151,0.6784,11584,0.6783,18116,0.6782,24421,0.6781,17014,0.678,21007,0.6779,19184,0.6789,8576,0.679,13306,0.6791,13639,0.6792,13443,0.6793,18653,0.6794,30842,0.6795,11198,0.6796,20265,0.6797,11628,0.6798,18085,,
0,5,54,0.68000000,0.6788,-0.1765,1774137113000,0.67900000,44271.39000000,0.67800000,60460.80000000,0.67700000,70173.32000000,0.67600000,53106.41000000,0.67500000,78487.15000000,0.67400000,109558.16000000,0.67300000,34269.00000000,0.67200000,72064.04000000,0.67100000,53296.21000000,0.67000000,69649.20000000,0.68000000,26162.63000000,0.68100000,104786.11000000,0.68200000,78994.96000000,0.68300000,93054.21000000,0.68400000,67768.26000000,0.68500000,43592.42000000,0.68600000,18959.20000000,0.68700000,56727.72000000,0.68800000,35346.19000000,0.68900000,53228.20000000,0.6788,5732,0.6787,6715,0.6786,8028,0.6785,15007,0.6784,18452,0.6783,18446,0.6782,24276,0.6781,16830,0.678,21007,0.6779,19184,0.6789,57,0.679,4157,0.6791,13075,0.6792,8445,0.6793,12642,0.6794,9759,0.6795,12670,0.6796,20265,0.6797,11628,0.6798,16260,,
0,5,54,0.68000000,0.6791,-0.1324,1774137114000,0.67900000,43624.55000000,0.67800000,60468.23000000,0.67700000,70173.32000000,0.67600000,53205.99000000,0.67500000,78487.15000000,0.67400000,109558.16000000,0.67300000,34269.00000000,0.67200000,72064.04000000,0.67100000,53296.21000000,0.67000000,69649.20000000,0.68000000,26378.08000000,0.68100000,98533.93000000,0.68200000,89464.22000000,0.68300000,93054.21000000,0.68400000,67768.26000000,0.68500000,39543.87000000,0.68600000,18959.20000000,0.68700000,56727.72000000,0.68800000,35389.00000000,0.68900000,53228.20000000,0.6791,72,0.679,136,0.6789,7997,0.6788,13174,0.6787,6007,0.6786,11351,0.6785,12831,0.6784,14151,0.6783,22072,0.6782,24277,0.6792,3865,0.6793,10029,0.6794,14861,0.6795,10144,0.6796,43801,0.6797,11628,0.6798,16985,0.6799,20742,0.68,19531,0.6801,15469,,
0,5,54,0.68000000,0.6789,-0.1618,1774137115000,0.67900000,43550.97000000,0.67800000,60468.23000000,0.67700000,70173.32000000,0.67600000,53205.99000000,0.67500000,78487.15000000,0.67400000,109558.16000000,0.67300000,34269.00000000,0.67200000,72064.04000000,0.67100000,53296.21000000,0.67000000,69649.20000000,0.68000000,26710.63000000,0.68100000,104348.50000000,0.68200000,83056.46000000,0.68300000,93054.21000000,0.68400000,67768.26000000,0.68500000,35495.92000000,0.68600000,18959.20000000,0.68700000,56727.72000000,0.68800000,35389.00000000,0.68900000,53228.20000000,0.6789,33,0.6788,17,0.6787,5378,0.6786,13513,0.6785,12831,0.6784,11584,0.6783,22661,0.6782,26795,0.6781,17014,0.678,21007,0.679,10995,0.6791,3779,0.6792,15044,0.6793,12775,0.6794,22574,0.6795,11323,0.6796,21726,0.6797,13605,0.6798,18810,0.6799,20742,,
0,5,54,0.68000000,0.6789,-0.1618,1774137116000,0.67900000,43477.39000000,0.67800000,60468.23000000,0.67700000,70173.32000000,0.67600000,53250.78000000,0.67500000,78487.15000000,0.67400000,103558.16000000,0.67300000,40269.00000000,0.67200000,72064.04000000,0.67100000,53296.21000000,0.67000000,69649.20000000,0.68000000,26742.63000000,0.68100000,104348.50000000,0.68200000,87117.36000000,0.68300000,93054.21000000,0.68400000,67768.26000000,0.68500000,35495.92000000,0.68600000,18959.20000000,0.68700000,56727.72000000,0.68800000,35389.00000000,0.68900000,53228.20000000,0.6789,49,0.6788,17,0.6787,4417,0.6786,7894,0.6785,12524,0.6784,11584,0.6783,19171,0.6782,24093,0.6781,16831,0.678,24825,0.679,11301,0.6791,6217,0.6792,12252,0.6793,12613,0.6794,25157,0.6795,11717,0.6796,21282,0.6797,15430,0.6798,18810,0.6799,20742,,
0,5,54,0.68000000,0.6789,-0.1618,1774137117000,0.67900000,43477.39000000,0.67800000,60468.23000000,0.67700000,70173.32000000,0.67600000,53250.78000000,0.67500000,78487.15000000,0.67400000,103558.16000000,0.67300000,40269.00000000,0.67200000,72064.04000000,0.67100000,53296.21000000,0.67000000,69649.20000000,0.68000000,26742.63000000,0.68100000,104348.50000000,0.68200000,87117.36000000,0.68300000,92268.85000000,0.68400000,67768.26000000,0.68500000,35507.39000000,0.68600000,18959.20000000,0.68700000,56727.72000000,0.68800000,35389.00000000,0.68900000,53228.20000000,0.6789,1060,0.6788,17,0.6787,3878,0.6786,14925,0.6785,12524,0.6784,11584,0.6783,19323,0.6782,24093,0.6781,16831,0.678,24825,0.679,11311,0.6791,6217,0.6792,12253,0.6793,12613,0.6794,32515,0.6795,12491,0.6796,21282,0.6797,15430,0.6798,18810,0.6799,18506,,
0,5,54,0.68000000,0.6789,-0.1618,1774137118000,0.67900000,43477.39000000,0.67800000,60468.23000000,0.67700000,70173.32000000,0.67600000,53151.20000000,0.67500000,78487.15000000,0.67400000,103558.16000000,0.67300000,40269.00000000,0.67200000,72064.04000000,0.67100000,53296.21000000,0.67000000,69649.20000000,0.68000000,26710.63000000,0.68100000,102870.74000000,0.68200000,87117.36000000,0.68300000,92268.85000000,0.68400000,67768.26000000,0.68500000,35495.92000000,0.68600000,18959.20000000,0.68700000,57227.72000000,0.68800000,35389.00000000,0.68900000,52728.20000000,0.6789,1116,0.6788,17,0.6787,6008,0.6786,14921,0.6785,12691,0.6784,11902,0.6783,20979,0.6782,24093,0.6781,16831,0.678,24825,0.679,6342,0.6791,4027,0.6792,12722,0.6793,12619,0.6794,18846,0.6795,10246,0.6796,21282,0.6797,17676,0.6798,18810,0.6799,18506,,
0,5,54,0.68000000,0.6789,-0.1618,1774137119000,0.67900000,43236.72000000,0.67800000,60468.23000000,0.67700000,66562.00000000,0.67600000,53151.20000000,0.67500000,78487.15000000,0.67400000,103558.16000000,0.67300000,40269.00000000,0.67200000,72064.04000000,0.67100000,53296.21000000,0.67000000,69649.20000000,0.68000000,28694.22000000,0.68100000,102948.57000000,0.68200000,86442.56000000,0.68300000,92771.81000000,0.68400000,67768.26000000,0.68500000,35507.39000000,0.68600000,18959.20000000,0.68700000,57227.72000000,0.68800000,34506.00000000,0.68900000,52728.20000000,0.6789,1117,0.6788,15,0.6787,7213,0.6786,14206,0.6785,15716,0.6784,11902,0.6783,20980,0.6782,20980,0.6781,16831,0.678,24825,0.679,11989,0.6791,11695,0.6792,12559,0.6793,12467,0.6794,24649,0.6795,11718,0.6796,21282,0.6797,17676,0.6798,18810,0.6799,19095,,
0,5,54,0.68000000,0.6787,-0.1912,1774137120000,0.67900000,40148.29000000,0.67800000,60468.23000000,0.67700000,66562.00000000,0.67600000,56826.97000000,0.67500000,78487.15000000,0.67400000,103558.16000000,0.67300000,40269.00000000,0.67200000,72064.04000000,0.67100000,53296.21000000,0.67000000,69649.20000000,0.68000000,29866.22000000,0.68100000,102948.57000000,0.68200000,86442.56000000,0.68300000,92771.81000000,0.68400000,67768.26000000,0.68500000,35507.39000000,0.68600000,18959.20000000,0.68700000,57227.72000000,0.68800000,34506.00000000,0.68900000,52728.20000000,0.6784,4197,0.6783,3225,0.6782,7491,0.6781,14576,0.678,25349,0.6779,20317,0.6778,48989,0.6777,18843,0.6776,36032,0.6775,17473,0.6785,2063,0.6786,1223,0.6787,11263,0.6788,16822,0.6789,12134,0.679,22993,0.6791,15537,0.6792,20927,0.6793,18137,0.6794,14062,-0.0000033687654511,1774152000000
0,5,54,0.68000000,0.678,-0.2941,1774137121000,0.67900000,26525.87000000,0.67800000,54236.49000000,0.67700000,60354.27000000,0.67600000,67276.25000000,0.67500000,78487.15000000,0.67400000,103558.16000000,0.67300000,40269.00000000,0.67200000,72064.04000000,0.67100000,53296.21000000,0.67000000,73328.37000000,0.68000000,52363.59000000,0.68100000,97824.38000000,0.68200000,90504.07000000,0.68300000,84886.32000000,0.68400000,49302.76000000,0.68500000,35525.69000000,0.68600000,18959.20000000,0.68700000,57227.72000000,0.68800000,34487.70000000,0.68900000,52728.20000000,0.678,6652,0.6779,8553,0.6778,47588,0.6777,18763,0.6776,25120,0.6775,16930,0.6774,21395,0.6773,25165,0.6772,14831,0.6771,21504,0.6782,3791,0.6783,7285,0.6784,22034,0.6785,11960,0.6786,13427,0.6787,40836,0.6788,11985,0.6789,13651,0.679,19134,0.6791,14399,,
0,5,54,0.68000000,0.6775,-0.3676,1774137122000,0.67800000,49786.22000000,0.67700000,63760.43000000,0.67600000,66472.35000000,0.67500000,78487.15000000,0.67400000,108499.53000000,0.67300000,46884.20000000,0.67200000,62846.48000000,0.67100000,57711.22000000,0.67000000,82025.22000000,0.66900000,120194.90000000,0.67900000,26567.42000000,0.68000000,69981.94000000,0.68100000,88086.86000000,0.68200000,84540.42000000,0.68300000,73843.89000000,0.68400000,55134.12000000,0.68500000,21453.31000000,0.68600000,18959.20000000,0.68700000,66401.37000000,0.68800000,34487.70000000,0.6775,5751,0.6774,4794,0.6773,9345,0.6772,15327,0.6771,13852,0.677,13393,0.6769,9674,0.6768,24884,0.6767,25643,0.6766,25199,0.6776,2914,0.6777,2124,0.6778,15579,0.6779,12260,0.678,17278,0.6781,18705,0.6782,8996,0.6783,15883,0.6784,23252,0.6785,8169,,
0,5,54,0.68000000,0.6774,-0.3824,1774137123000,0.67800000,32353.67000000,0.67700000,64675.10000000,0.67600000,62728.20000000,0.67500000,82218.82000000,0.67400000,108499.53000000,0.67300000,46884.20000000,0.67200000,62653.50000000,0.67100000,57904.20000000,0.67000000,82025.22000000,0.66900000,120194.90000000,0.67900000,33890.19000000,0.68000000,78044.11000000,0.68100000,111629.49000000,0.68200000,81359.53000000,0.68300000,65809.39000000,0.68400000,54140.44000000,0.68500000,22516.54000000,0.68600000,50218.27000000,0.68700000,64526.10000000,0.68800000,30808.53000000,0.6776,3954,0.6775,6406,0.6774,9115,0.6773,10210,0.6772,11292,0.6771,25063,0.677,19366,0.6769,8589,0.6768,26674,0.6767,25200,0.6777,3269,0.6778,13939,0.6779,11131,0.678,16102,0.6781,17806,0.6782,10470,0.6783,13145,0.6784,21278,0.6785,8169,0.6786,20826,,
0,5,54,0.68000000,0.6775,-0.3676,1774137124000,0.67800000,29223.94000000,0.67700000,66647.25000000,0.67600000,62728.20000000,0.67500000,82218.82000000,0.67400000,108743.35000000,0.67300000,46384.20000000,0.67200000,63153.50000000,0.67100000,57904.20000000,0.67000000,82025.22000000,0.66900000,120194.90000000,0.67900000,36917.23000000,0.68000000,71040.80000000,0.68100000,120857.29000000,0.68200000,81068.20000000,0.68300000,66283.10000000,0.68400000,54243.02000000,0.68500000,22564.14000000,0.68600000,50218.27000000,0.68700000,65428.50000000,0.68800000,30808.53000000,0.6774,1191,0.6773,5943,0.6772,14128,0.6771,12926,0.677,13088,0.6769,8821,0.6768,23626,0.6767,27446,0.6766,26252,0.6765,22824,0.6775,4366,0.6776,3697,0.6777,7599,0.6778,10649,0.6779,17446,0.678,15053,0.6781,19280,0.6782,11190,0.6783,11645,0.6784,18096,,
0,5,54,0.67900000,0.6768,-0.324,1774137125000,0.67800000,29464.57000000,0.67700000,65975.57000000,0.67600000,56273.69000000,0.67500000,91708.82000000,0.67400000,108544.29000000,0.67300000,46384.20000000,0.67200000,63153.50000000,0.67100000,57904.20000000,0.67000000,82025.22000000,0.66900000,120194.90000000,0.67900000,38236.94000000,0.68000000,79195.41000000,0.68100000,130051.29000000,0.68200000,81068.20000000,0.68300000,66283.10000000,0.68400000,54243.02000000,0.68500000,22564.14000000,0.68600000,50218.27000000,0.68700000,64544.20000000,0.68800000,30808.53000000,0.6775,262,0.6774,2177,0.6773,6213,0.6772,14916,0.6771,12463,0.677,10091,0.6769,9143,0.6768,25169,0.6767,27906,0.6766,26252,0.6776,10006,0.6777,5838,0.6778,19752,0.6779,11444,0.678,20036,0.6781,25689,0.6782,10470,0.6783,11645,0.6784,20213,0.6785,6669,,
0,5,54,0.67900000,0.677,-0.2946,1774137126000,0.67800000,30419.24000000,0.67700000,64975.57000000,0.67600000,53239.20000000,0.67500000,92713.89000000,0.67400000,108544.29000000,0.67300000,46384.20000000,0.67200000,63153.50000000,0.67100000,57904.20000000,0.67000000,82025.22000000,0.66900000,123879.49000000,0.67900000,38079.94000000,0.68000000,78595.41000000,0.68100000,130051.29000000,0.68200000,81068.20000000,0.68300000,66283.10000000,0.68400000,54243.02000000,0.68500000,22564.14000000,0.68600000,50218.27000000,0.68700000,64544.20000000,0.68800000,30808.53000000,0.6771,82,0.677,581,0.6769,6793,0.6768,16825,0.6767,21397,0.6766,23303,0.6765,17615,0.6764,13332,0.6763,8916,0.6762,31591,0.6772,6825,0.6773,3647,0.6774,17363,0.6775,19862,0.6776,21593,0.6777,28223,0.6778,15843,0.6779,13195,0.678,16487,0.6781,20785,,
0,5,54,0.67900000,0.6768,-0.324,1774137127000,0.67800000,19233.22000000,0.67700000,63105.58000000,0.67600000,59825.20000000,0.67500000,92713.89000000,0.67400000,108725.65000000,0.67300000,46384.20000000,0.67200000,63153.50000000,0.67100000,57904.20000000,0.67000000,82025.22000000,0.66900000,123879.49000000,0.67900000,61622.08000000,0.68000000,66557.50000000,0.68100000,130051.29000000,0.68200000,81068.20000000,0.68300000,66135.77000000,0.68400000,34722.91000000,0.68500000,22335.08000000,0.68600000,50218.27000000,0.68700000,64544.20000000,0.68800000,30808.53000000,0.677,930,0.6769,2580,0.6768,7265,0.6767,21100,0.6766,9078,0.6765,27254,0.6764,13630,0.6763,7084,0.6762,27922,0.6761,14081,0.6771,7728,0.6772,10808,0.6773,11910,0.6774,11486,0.6775,38396,0.6776,11592,0.6777,18503,0.6778,13767,0.6779,10877,0.678,18841,,
0,5,54,0.67900000,0.6772,-0.2651,1774137128000,0.67700000,61511.35000000,0.67600000,54094.07000000,0.67500000,86131.50000000,0.67400000,44883.31000000,0.67300000,51183.24000000,0.67200000,127908.50000000,0.67100000,57904.20000000,0.67000000,86446.73000000,0.66900000,123879.49000000,0.66800000,32520.36000000,0.67800000,23849.14000000,0.67900000,68729.29000000,0.68000000,71221.68000000,0.68100000,107145.35000000,0.68200000,73176.81000000,0.68300000,60907.00000000,0.68400000,22596.67000000,0.68500000,22335.08000000,0.68600000,50218.27000000,0.68700000,59897.23000000,0.677,114,0.6769,14,0.6768,13498,0.6767,21370,0.6766,11844,0.6765,24141,0.6764,9948,0.6763,7816,0.6762,23383,0.6761,14081,0.6771,7011,0.6772,5300,0.6773,11753,0.6774,11100,0.6775,27514,0.6776,14245,0.6777,11584,0.6778,15936,0.6779,10351,0.678,12882,,
0,5,54,0.67900000,0.677,-0.2946,1774137129000,0.67800000,15870.55000000,0.67700000,60323.73000000,0.67600000,51312.60000000,0.67500000,86132.07000000,0.67400000,45368.75000000,0.67300000,46465.43000000,0.67200000,125602.88000000,0.67100000,57904.20000000,0.67000000,82933.54000000,0.66900000,123879.49000000,0.67900000,73974.92000000,0.68000000,66694.32000000,0.68100000,107941.61000000,0.68200000,69797.95000000,0.68300000,60915.41000000,0.68400000,18639.28000000,0.68500000,23335.08000000,0.68600000,50218.27000000,0.68700000,63581.82000000,0.68800000,30666.36000000,0.6769,20,0.6768,13093,0.6767,21261,0.6766,8371,0.6765,24141,0.6764,10270,0.6763,5110,0.6762,26765,0.6761,14081,0.676,17790,0.6771,5001,0.6772,8404,0.6773,11946,0.6774,7448,0.6775,24523,0.6776,21701,0.6777,11584,0.6778,14461,0.6779,10351,0.678,12882,,
0,5,54,0.67900000,0.6771,-0.2798,1774137130000,0.67800000,11738.52000000,0.67700000,62085.94000000,0.67600000,50827.20000000,0.67500000,86617.77000000,0.67400000,44759.22000000,0.67300000,50050.03000000,0.67200000,100777.69000000,0.67100000,31699.87000000,0.67000000,51598.75000000,0.66900000,93549.47000000,0.67900000,84552.19000000,0.68000000,59531.72000000,0.68100000,107941.61000000,0.68200000,69797.95000000,0.68300000,60915.41000000,0.68400000,18639.28000000,0.68500000,23262.32000000,0.68600000,50218.27000000,0.68700000,63581.82000000,0.68800000,30666.36000000,0.6772,3883,0.6771,6754,0.677,5586,0.6769,8397,0.6768,23992,0.6767,18820,0.6766,16228,0.6765,18255,0.6764,13655,0.6763,5462,0.6773,956,0.6774,5976,0.6775,15263,0.6776,4847,0.6777,12746,0.6778,13742,0.6779,10351,0.678,14933,0.6781,16998,0.6782,10382,,
0,5,54,0.67900000,0.6769,-0.3093,1774137131000,0.67700000,51508.52000000,0.67600000,56029.76000000,0.67500000,86625.33000000,0.67400000,44881.54000000,0.67300000,43955.68000000,0.67200000,111610.78000000,0.67100000,31699.87000000,0.67000000,51598.75000000,0.66900000,93549.47000000,0.66800000,31878.93000000,0.67800000,25341.82000000,0.67900000,78555.56000000,0.68000000,58311.30000000,0.68100000,120299.51000000,0.68200000,69026.95000000,0.68300000,60905.15000000,0.68400000,17834.57000000,0.68500000,23262.32000000,0.68600000,50218.27000000,0.68700000,59897.23000000,0.6772,1249,0.6771,2796,0.677,10419,0.6769,4719,0.6768,20607,0.6767,13891,0.6766,12059,0.6765,17268,0.6764,11157,0.6763,5462,0.6773,6607,0.6774,5019,0.6775,18179,0.6776,6172,0.6777,26651,0.6778,29298,0.6779,14020,0.678,13608,0.6781,16998,0.6782,10972,,
0,5,54,0.67900000,0.6768,-0.324,1774137132000,0.67800000,24298.15000000,0.67700000,66484.58000000,0.67600000,51159.75000000,0.67500000,86617.77000000,0.67400000,44932.73000000,0.67300000,43945.38000000,0.67200000,105377.69000000,0.67100000,31699.87000000,0.67000000,51598.75000000,0.66900000,92666.47000000,0.67900000,72616.13000000,0.68000000,67528.66000000,0.68100000,129423.07000000,0.68200000,69026.95000000,0.68300000,60915.45000000,0.68400000,19152.08000000,0.68500000,23262.32000000,0.68600000,50218.27000000,0.68700000,64466.12000000,0.68800000,30666.36000000,0.677,1211,0.6769,1422,0.6768,10844,0.6767,14498,0.6766,9641,0.6765,17590,0.6764,13928,0.6763,5898,0.6762,23821,0.6761,12800,0.6771,3923,0.6772,8841,0.6773,14110,0.6774,14912,0.6775,18438,0.6776,6929,0.6777,18469,0.6778,12094,0.6779,10351,0.678,13318,,
0,5,54,0.67900000,0.6766,-0.3535,1774137133000,0.67700000,53044.01000000,0.67600000,55055.81000000,0.67500000,80832.43000000,0.67400000,44932.73000000,0.67300000,43955.68000000,0.67200000,106777.69000000,0.67100000,31699.87000000,0.67000000,56020.26000000,0.66900000,93550.77000000,0.66800000,30993.33000000,0.67800000,23566.72000000,0.67900000,77654.44000000,0.68000000,63338.84000000,0.68100000,129562.84000000,0.68200000,69026.95000000,0.68300000,60915.45000000,0.68400000,19152.08000000,0.68500000,29262.32000000,0.68600000,50218.27000000,0.68700000,54781.53000000,0.6769,1184,0.6768,1516,0.6767,14620,0.6766,10555,0.6765,17284,0.6764,12573,0.6763,5898,0.6762,20439,0.6761,12800,0.676,18951,0.677,3100,0.6771,7262,0.6772,18303,0.6773,6656,0.6774,29844,0.6775,38420,0.6776,6404,0.6777,13858,0.6778,12447,0.6779,10351,,
0,5,54,0.67900000,0.6746,-0.648,1774137134000,0.67700000,52452.91000000,0.67600000,56679.51000000,0.67500000,80832.43000000,0.67400000,44932.73000000,0.67300000,43955.68000000,0.67200000,106777.69000000,0.67100000,31699.87000000,0.67000000,56026.79000000,0.66900000,93550.77000000,0.66800000,30993.33000000,0.67800000,18515.30000000,0.67900000,79724.31000000,0.68000000,62433.52000000,0.68100000,119799.00000000,0.68200000,69026.95000000,0.68300000,60905.15000000,0.68400000,19152.08000000,0.68500000,29262.32000000,0.68600000,50218.27000000,0.68700000,58466.12000000,0.6771,270,0.677,1371,0.6769,8220,0.6768,10409,0.6767,13074,0.6766,9761,0.6765,16844,0.6764,15877,0.6763,5898,0.6762,20439,0.6772,7470,0.6773,4783,0.6774,14171,0.6775,18969,0.6776,33193,0.6777,18213,0.6778,12447,0.6779,10955,0.678,12760,0.6781,16886,,
0,5,54,0.67900000,0.6746,-0.648,1774137135000,0.67800000,9414.36000000,0.67700000,67993.06000000,0.67600000,51821.44000000,0.67500000,84582.87000000,0.67400000,44887.97000000,0.67300000,39195.09000000,0.67200000,108277.69000000,0.67100000,31699.87000000,0.67000000,51598.75000000,0.66900000,93552.07000000,0.67900000,75691.35000000,0.68000000,66407.11000000,0.68100000,120577.56000000,0.68200000,69026.95000000,0.68300000,60915.45000000,0.68400000,19152.08000000,0.68500000,29262.32000000,0.68600000,50218.27000000,0.68700000,58466.12000000,0.68800000,30666.36000000,0.6769,2250,0.6768,5586,0.6767,15543,0.6766,9342,0.6765,16134,0.6764,13039,0.6763,6488,0.6762,21409,0.6761,12800,0.676,25474,0.677,1830,0.6771,2619,0.6772,19862,0.6773,12964,0.6774,15691,0.6775,25047,0.6776,12388,0.6777,15819,0.6778,13173,0.6779,11545,,
0,5,54,0.67900000,0.6746,-0.648,1774137136000,0.67700000,53827.01000000,0.67600000,59806.80000000,0.67500000,84490.43000000,0.67400000,45497.50000000,0.67300000,44896.48000000,0.67200000,107482.94000000,0.67100000,57904.20000000,0.67000000,81781.66000000,0.66900000,123885.85000000,0.66800000,31764.15000000,0.67800000,24036.55000000,0.67900000,78854.10000000,0.68000000,62433.52000000,0.68100000,116340.00000000,0.68200000,69026.95000000,0.68300000,60905.15000000,0.68400000,19312.10000000,0.68500000,29262.32000000,0.68600000,50218.27000000,0.68700000,54781.53000000,0.6768,58,0.6767,9328,0.6766,3673,0.6765,15982,0.6764,13039,0.6763,6488,0.6762,28114,0.6761,12800,0.676,19580,0.6759,33490,0.6769,6370,0.677,6353,0.6771,12783,0.6772,15537,0.6773,18806,0.6774,41618,0.6775,25047,0.6776,5960,0.6777,15819,0.6778,13173,,
0,5,54,0.67900000,0.676,-0.4418,1774137137000,0.67700000,53923.53000000,0.67600000,59806.80000000,0.67500000,84490.43000000,0.67400000,45655.48000000,0.67300000,44896.48000000,0.67200000,107482.94000000,0.67100000,57904.20000000,0.67000000,81788.19000000,0.66900000,123885.85000000,0.66800000,31764.15000000,0.67800000,18023.68000000,0.67900000,79504.53000000,0.68000000,62433.52000000,0.68100000,116340.00000000,0.68200000,69224.49000000,0.68300000,58605.33000000,0.68400000,19212.10000000,0.68500000,29262.32000000,0.68600000,50218.27000000,0.68700000,54781.53000000,0.6766,4632,0.6765,5153,0.6764,9568,0.6763,22327,0.6762,8955,0.6761,13841,0.676,19236,0.6759,13832,0.6758,10351,0.6757,17000,0.6767,14,0.6768,350,0.6769,16004,0.677,11979,0.6771,10422,0.6772,12720,0.6773,12242,0.6774,9322,0.6775,24454,0.6776,4600,,
0,5,54,0.67900000,0.6758,-0.4713,1774137138000,0.67700000,43529.32000000,0.67600000,59806.80000000,0.67500000,84490.43000000,0.67400000,51291.30000000,0.67300000,44896.48000000,0.67200000,112352.87000000,0.67100000,57904.20000000,0.67000000,81788.19000000,0.66900000,123885.85000000,0.66800000,24369.06000000,0.67800000,23861.77000000,0.67900000,76373.53000000,0.68000000,62433.52000000,0.68100000,112218.18000000,0.68200000,65192.39000000,0.68300000,58616.84000000,0.68400000,17780.67000000,0.68500000,29262.32000000,0.68600000,50218.27000000,0.68700000,53897.23000000,0.676,211,0.6759,6800,0.6758,4213,0.6757,4960,0.6756,14126,0.6755,14948,0.6754,12528,0.6753,16403,0.6752,25469,0.6751,15228,0.6761,2402,0.6762,10911,0.6763,11412,0.6764,18478,0.6765,21336,0.6766,13864,0.6767,30180,0.6768,4252,0.6769,19726,0.677,13265,,
0,5,54,0.67900000,0.6759,-0.4566,1774137139000,0.67700000,42330.49000000,0.67600000,60748.38000000,0.67500000,80362.39000000,0.67400000,55077.91000000,0.67300000,50653.87000000,0.67200000,117645.77000000,0.67100000,57711.22000000,0.67000000,77553.70000000,0.66900000,65263.89000000,0.66800000,28059.09000000,0.67800000,24735.63000000,0.67900000,80832.55000000,0.68000000,76238.68000000,0.68100000,112511.60000000,0.68200000,61082.46000000,0.68300000,57663.90000000,0.68400000,17780.67000000,0.68500000,56153.01000000,0.68600000,50218.27000000,0.68700000,54782.83000000,0.6746,3768,0.6745,5847,0.6744,6842,0.6743,7028,0.6742,14617,0.6741,9623,0.674,20547,0.6739,19873,0.6738,7218,0.6737,12119,0.6747,1134,0.6748,268,0.6749,12037,0.675,12805,0.6751,8392,0.6752,14841,0.6753,7002,0.6754,16585,0.6755,12739,0.6756,9239,,
0,5,54,0.67900000,0.6762,-0.4124,1774137140000,0.67600000,51992.55000000,0.67500000,87775.86000000,0.67400000,52600.70000000,0.67300000,51233.16000000,0.67200000,116404.70000000,0.67100000,39722.22000000,0.67000000,68336.85000000,0.66900000,65263.89000000,0.66800000,37470.57000000,0.66700000,28587.99000000,0.67700000,15663.38000000,0.67800000,63971.11000000,0.67900000,103817.88000000,0.68000000,71740.07000000,0.68100000,88287.29000000,0.68200000,60638.85000000,0.68300000,16805.14000000,0.68400000,17822.02000000,0.68500000,65371.80000000,0.68600000,50218.27000000,0.6746,4834,0.6745,4207,0.6744,3661,0.6743,8419,0.6742,18221,0.6741,10529,0.674,8019,0.6739,10427,0.6738,18361,0.6737,13702,0.6747,2779,0.6748,2183,0.6749,21272,0.675,10797,0.6751,3588,0.6752,18115,0.6753,3746,0.6754,19156,0.6755,14198,0.6756,10898,,
0,5,54,0.67900000,0.6756,-0.5007,1774137141000,0.67500000,62685.65000000,0.67400000,60187.69000000,0.67300000,63375.91000000,0.67200000,116405.20000000,0.67100000,49799.94000000,0.67000000,74318.38000000,0.66900000,65457.73000000,0.66800000,37470.57000000,0.66700000,34155.73000000,0.66600000,86577.40000000,0.67600000,14531.55000000,0.67700000,63407.41000000,0.67800000,63197.27000000,0.67900000,94241.08000000,0.68000000,59329.63000000,0.68100000,74293.48000000,0.68200000,19399.10000000,0.68300000,17695.40000000,0.68400000,44951.58000000,0.68500000,60763.72000000,0.6745,2483,0.6744,6066,0.6743,7321,0.6742,8660,0.6741,11438,0.674,5164,0.6739,9361,0.6738,21649,0.6737,17567,0.6736,11087,0.6746,1954,0.6747,1240,0.6748,18763,0.6749,11812,0.675,11722,0.6751,3920,0.6752,19372,0.6753,4652,0.6754,17676,0.6755,13405,,
0,5,54,0.67900000,0.6746,-0.648,1774137142000,0.67500000,27717.29000000,0.67400000,60944.62000000,0.67300000,60967.91000000,0.67200000,56682.01000000,0.67100000,50816.47000000,0.67000000,121733.00000000,0.66900000,60835.85000000,0.66800000,37470.57000000,0.66700000,29104.21000000,0.66600000,90278.36000000,0.67600000,24854.99000000,0.67700000,67813.79000000,0.67800000,84033.78000000,0.67900000,96064.68000000,0.68000000,59346.01000000,0.68100000,73474.35000000,0.68200000,18330.14000000,0.68300000,43729.76000000,0.68400000,44969.98000000,0.68500000,55981.46000000,0.6747,3332,0.6746,4165,0.6745,7388,0.6744,7781,0.6743,11558,0.6742,12759,0.6741,18040,0.674,6466,0.6739,9361,0.6738,21649,0.6748,2179,0.6749,4543,0.675,2657,0.6751,5799,0.6752,19538,0.6753,4652,0.6754,17676,0.6755,13405,0.6756,9974,0.6757,4296,,
0,5,54,0.67900000,0.6721,-1.0162,1774137143000,0.67500000,31272.66000000,0.67400000,60520.88000000,0.67300000,61729.75000000,0.67200000,61123.16000000,0.67100000,46401.46000000,0.67000000,115475.04000000,0.66900000,60835.85000000,0.66800000,38575.45000000,0.66700000,29111.00000000,0.66600000,86428.76000000,0.67600000,27594.49000000,0.67700000,71012.35000000,0.67800000,81671.78000000,0.67900000,96367.27000000,0.68000000,59466.14000000,0.68100000,74249.86000000,0.68200000,36113.51000000,0.68300000,50810.94000000,0.68400000,44969.98000000,0.68500000,55240.70000000,0.676,2259,0.6759,433,0.6758,6567,0.6757,5800,0.6756,11725,0.6755,5868,0.6754,11045,0.6753,5738,0.6752,10695,0.6751,18677,0.6761,4522,0.6762,6816,0.6763,8048,0.6764,7273,0.6765,30798,0.6766,12193,0.6767,11032,0.6768,4608,0.6769,16956,0.677,19518,,
0,5,54,0.67200000,0.6705,-0.2232,1774137148000,0.67600000,31894.59000000,0.67500000,55578.38000000,0.67400000,64484.19000000,0.67300000,62666.58000000,0.67200000,57616.17000000,0.67100000,45134.39000000,0.67000000,105923.14000000,0.66900000,61029.69000000,0.66800000,63496.72000000,0.66700000,24521.81000000,0.67700000,16368.29000000,0.67800000,68071.58000000,0.67900000,66116.44000000,0.68000000,77588.62000000,0.68100000,72733.37000000,0.68200000,42066.90000000,0.68300000,67023.11000000,0.68400000,52469.98000000,0.68500000,58247.00000000,0.68600000,45736.14000000,0.6762,1596,0.6761,1104,0.676,4938,0.6759,5515,0.6758,19799,0.6757,9738,0.6756,16936,0.6755,11013,0.6754,14896,0.6753,11661,0.6763,6120,0.6764,8316,0.6765,28340,0.6766,9178,0.6767,13442,0.6768,9080,0.6769,13127,0.677,18840,0.6771,6691,0.6772,16900,,
0,5,54,0.67200000,0.6707,-0.1935,1774137149000,0.67600000,31904.89000000,0.67500000,55910.93000000,0.67400000,64484.19000000,0.67300000,58997.58000000,0.67200000,57652.68000000,0.67100000,34706.35000000,0.67000000,105923.14000000,0.66900000,67029.69000000,0.66800000,63496.72000000,0.66700000,24635.15000000,0.67700000,16664.69000000,0.67800000,70831.15000000,0.67900000,74493.52000000,0.68000000,77588.62000000,0.68100000,72733.37000000,0.68200000,42066.90000000,0.68300000,67023.11000000,0.68400000,52469.98000000,0.68500000,58253.54000000,0.68600000,45736.14000000,0.6756,92,0.6755,1968,0.6754,3554,0.6753,14497,0.6752,9134,0.6751,10800,0.675,14822,0.6749,20065,0.6748,6392,0.6747,10229,0.6757,9192,0.6758,6173,0.6759,16431,0.676,16602,0.6761,16334,0.6762,26512,0.6763,16524,0.6764,13114,0.6765,23384,0.6766,9820,,
0,5,54,0.67200000,0.6682,-0.5655,1774137150000,0.67600000,40423.81000000,0.67500000,55910.93000000,0.67400000,64222.70000000,0.67300000,58997.58000000,0.67200000,57652.68000000,0.67100000,29307.21000000,0.67000000,106216.98000000,0.66900000,66835.85000000,0.66800000,63496.72000000,0.66700000,28330.64000000,0.67700000,7782.84000000,0.67800000,74083.77000000,0.67900000,74493.52000000,0.68000000,77588.62000000,0.68100000,72962.43000000,0.68200000,42077.20000000,0.68300000,69030.12000000,0.68400000,52469.98000000,0.68500000,54563.51000000,0.68600000,45736.14000000,0.6748,2581,0.6747,3317,0.6746,6423,0.6745,7011,0.6744,20640,0.6743,7442,0.6742,21034,0.6741,9922,0.674,5257,0.6739,18894,0.6749,21,0.675,3620,0.6751,10165,0.6752,18558,0.6753,5060,0.6754,11727,0.6755,16623,0.6756,11890,0.6757,13022,0.6758,14794,,
0,5,54,0.67200000,0.666,-0.8929,1774137151000,0.67700000,11751.62000000,0.67600000,50865.34000000,0.67500000,55243.18000000,0.67400000,64215.14000000,0.67300000,59039.32000000,0.67200000,57851.56000000,0.67100000,29307.21000000,0.67000000,106216.98000000,0.66900000,66835.85000000,0.66800000,63496.72000000,0.67800000,70264.48000000,0.67900000,84020.05000000,0.68000000,94896.42000000,0.68100000,72962.43000000,0.68200000,47188.13000000,0.68300000,69030.12000000,0.68400000,52469.98000000,0.68500000,58259.00000000,0.68600000,45736.14000000,0.68700000,10235.65000000,0.6737,1990,0.6736,3375,0.6735,481,0.6734,1063,0.6733,7838,0.6732,1070,0.6731,8372,0.673,1069,0.6729,8240,0.6728,26804,0.6738,5251,0.6739,9595,0.674,11803,0.6741,6562,0.6742,12366,0.6743,11196,0.6744,10222,0.6745,25158,0.6746,14511,0.6747,6021,,
0,5,54,0.67200000,0.6561,-2.3661,1774137152000,0.67700000,11751.62000000,0.67600000,55705.76000000,0.67500000,50118.75000000,0.67400000,64215.14000000,0.67300000,59031.18000000,0.67200000,57851.56000000,0.67100000,29307.21000000,0.67000000,106216.98000000,0.66900000,66835.85000000,0.66800000,63496.72000000,0.67800000,75841.87000000,0.67900000,75532.18000000,0.68000000,94883.83000000,0.68100000,72962.43000000,0.68200000,47188.13000000,0.68300000,69030.12000000,0.68400000,52469.98000000,0.68500000,58259.00000000,0.68600000,45736.14000000,0.68700000,10235.65000000,0.672,1949,0.6719,816,0.6718,4364,0.6717,3974,0.6716,12683,0.6715,2413,0.6714,8557,0.6713,9094,0.6712,19490,0.6711,10454,0.6721,5968,0.6722,9903,0.6723,10706,0.6724,7666,0.6725,13960,0.6726,6480,0.6727,20748,0.6728,8519,0.6729,12967,0.673,14595,,
0,5,54,0.67200000,0.6636,-1.25,1774137153000,0.67600000,41733.63000000,0.67500000,55594.81000000,0.67400000,70015.60000000,0.67300000,59031.18000000,0.67200000,53410.41000000,0.67100000,39528.15000000,0.67000000,106216.98000000,0.66900000,66835.85000000,0.66800000,63496.72000000,0.66700000,28330.64000000,0.67700000,18851.41000000,0.67800000,72165.71000000,0.67900000,87973.27000000,0.68000000,99297.71000000,0.68100000,73076.35000000,0.68200000,42188.50000000,0.68300000,69017.01000000,0.68400000,52469.98000000,0.68500000,54556.97000000,0.68600000,45736.14000000,0.6712,4462,0.6711,2224,0.671,4128,0.6709,3640,0.6708,11425,0.6707,18281,0.6706,8596,0.6705,7188,0.6704,19152,0.6703,6469,0.6713,298,0.6714,1059,0.6715,8214,0.6716,7559,0.6717,10354,0.6718,17640,0.6719,12508,0.672,3566,0.6721,10376,0.6722,13017,,
0,5,54,0.67100000,0.6622,-1.3115,1774137154000,0.67600000,7.94000000,0.67500000,50800.48000000,0.67400000,71194.89000000,0.67300000,62677.48000000,0.67200000,53574.12000000,0.67100000,44472.52000000,0.67000000,106023.14000000,0.66900000,67029.40000000,0.66800000,64383.63000000,0.66700000,29146.01000000,0.67700000,54355.63000000,0.67800000,69687.55000000,0.67900000,92531.84000000,0.68000000,91191.77000000,0.68100000,73076.35000000,0.68200000,42200.01000000,0.68300000,49297.83000000,0.68400000,52469.98000000,0.68500000,50128.93000000,0.68600000,45736.14000000,0.6685,4122,0.6684,4404,0.6683,5633,0.6682,4754,0.6681,11856,0.668,8345,0.6679,6507,0.6678,10927,0.6677,11978,0.6676,4556,0.6687,245,0.6688,168,0.6689,570,0.669,770,0.6691,9312,0.6692,9719,0.6693,19787,0.6694,9664,0.6695,7951,0.6696,7044,,
0,5,54,0.67100000,0.6678,-0.4769,1774137155000,0.67500000,37899.08000000,0.67400000,63859.28000000,0.67300000,66275.24000000,0.67200000,53409.48000000,0.67100000,49640.61000000,0.67000000,111675.52000000,0.66900000,71463.98000000,0.66800000,65294.67000000,0.66700000,29146.01000000,0.66600000,90124.25000000,0.67600000,31766.81000000,0.67700000,64585.87000000,0.67800000,64565.63000000,0.67900000,93197.10000000,0.68000000,71012.94000000,0.68100000,68270.61000000,0.68200000,37538.92000000,0.68300000,49297.83000000,0.68400000,48817.68000000,0.68500000,50128.93000000,0.6717,48,0.6716,259,0.6715,2143,0.6714,3810,0.6713,6228,0.6712,4907,0.6711,11207,0.671,2845,0.6709,6630,0.6708,4637,0.6718,3184,0.6719,8636,0.672,8405,0.6721,12201,0.6722,5988,0.6723,11127,0.6724,22184,0.6725,3564,0.6726,16245,0.6727,11468,,
0,5,54,0.67000000,0.6681,-0.2836,1774137156000,0.67300000,23067.60000000,0.67200000,60532.15000000,0.67100000,46996.36000000,0.67000000,60931.94000000,0.66900000,53736.28000000,0.66800000,36573.42000000,0.66700000,93539.49000000,0.66600000,91055.13000000,0.66500000,87995.76000000,0.66400000,34817.57000000,0.67400000,45856.60000000,0.67500000,76152.73000000,0.67600000,42582.99000000,0.67700000,62491.06000000,0.67800000,62117.90000000,0.67900000,69137.06000000,0.68000000,35017.22000000,0.68100000,52595.72000000,0.68200000,42583.17000000,0.68300000,49400.95000000,0.6722,259,0.6721,1152,0.672,4908,0.6719,5924,0.6718,7885,0.6717,4788,0.6716,2709,0.6715,7727,0.6714,4785,0.6713,5095,0.6723,7555,0.6724,5349,0.6725,5285,0.6726,14800,0.6727,11358,0.6728,12174,0.6729,10519,0.673,16300,0.6731,9641,0.6732,13696,,
0,5,54,0.66900000,0.6678,-0.1794,1774137157000,0.67200000,56769.34000000,0.67100000,53864.45000000,0.67000000,60549.63000000,0.66900000,52937.12000000,0.66800000,45634.89000000,0.66700000,98274.19000000,0.66600000,90861.58000000,0.66500000,87995.76000000,0.66400000,35705.90000000,0.66300000,63623.27000000,0.67300000,918.28000000,0.67400000,58347.63000000,0.67500000,68499.97000000,0.67600000,50479.41000000,0.67700000,54799.79000000,0.67800000,60713.14000000,0.67900000,69506.16000000,0.68000000,61847.19000000,0.68100000,61769.97000000,0.68200000,41083.17000000,0.6712,219,0.6711,15,0.671,5060,0.6709,4452,0.6708,4644,0.6707,8292,0.6706,1811,0.6705,7232,0.6704,3760,0.6703,8439,0.6713,9800,0.6714,6862,0.6715,12114,0.6716,6345,0.6717,10990,0.6718,10039,0.6719,9756,0.672,14945,0.6721,11108,0.6722,10150,,
0,5,54,0.66800000,0.6672,-0.1198,1774137158000,0.67200000,22838.87000000,0.67100000,57846.26000000,0.67000000,58657.67000000,0.66900000,64200.45000000,0.66800000,53666.55000000,0.66700000,98950.37000000,0.66600000,68323.62000000,0.66500000,79006.41000000,0.66400000,35705.90000000,0.66300000,72680.13000000,0.67300000,54124.53000000,0.67400000,59942.99000000,0.67500000,88924.47000000,0.67600000,42819.04000000,0.67700000,53789.25000000,0.67800000,38578.56000000,0.67900000,91436.23000000,0.68000000,40563.47000000,0.68100000,49952.65000000,0.68200000,41145.35000000,0.6705,902,0.6704,14,0.6703,6040,0.6702,3475,0.6701,15357,0.67,3748,0.6699,9669,0.6698,16354,0.6697,8150,0.6696,10316,0.6706,3657,0.6707,436,0.6708,8994,0.6709,6784,0.671,8120,0.6711,16525,0.6712,9542,0.6713,12260,0.6714,12451,0.6715,12229,,
0,5,54,0.66500000,0.6666,0.2406,1774137159000,0.66900000,9460.88000000,0.66800000,25474.50000000,0.66700000,25777.61000000,0.66600000,64903.96000000,0.66500000,51097.07000000,0.66400000,32702.92000000,0.66300000,21627.04000000,0.66200000,67505.33000000,0.66100000,88227.87000000,0.66000000,98886.19000000,0.67000000,27658.02000000,0.67100000,43937.37000000,0.67200000,58044.71000000,0.67300000,53447.71000000,0.67400000,56692.95000000,0.67500000,70178.44000000,0.67600000,55279.20000000,0.67700000,66237.43000000,0.67800000,61066.51000000,0.67900000,73295.36000000,0.6705,14,0.6704,175,0.6703,9291,0.6702,4046,0.6701,7118,0.67,8069,0.6699,4375,0.6698,15374,0.6697,4338,0.6696,11468,0.6706,3451,0.6707,3101,0.6708,10156,0.6709,17108,0.671,10700,0.6711,10856,0.6712,9185,0.6713,11943,0.6714,12499,0.6715,13265,,
0,5,54,0.65900000,0.6663,1.1077,1774137159807,0.67000000,17534.81000000,0.66900000,33145.24000000,0.66800000,33865.81000000,0.66700000,27900.52000000,0.66600000,61506.82000000,0.66500000,41897.00000000,0.66400000,22576.21000000,0.66300000,21627.04000000,0.66200000,67505.33000000,0.66100000,115757.90000000,0.67100000,36305.69000000,0.67200000,49319.21000000,0.67300000,55623.48000000,0.67400000,56692.95000000,0.67500000,70387.56000000,0.67600000,61975.18000000,0.67700000,66237.43000000,0.67800000,61066.51000000,0.67900000,73295.36000000,0.68000000,29034.44000000,0.6712,1257,0.6711,1083,0.671,4612,0.6709,5647,0.6708,15332,0.6707,6480,0.6706,7773,0.6705,10892,0.6704,8130,0.6703,3248,0.6713,3037,0.6714,834,0.6715,3285,0.6716,6139,0.6717,19955,0.6718,8095,0.6719,10426,0.672,12351,0.6721,11532,0.6722,14154,-0.0000033687654511,1774152000000
0,5,54,0.65900000,0.6668,1.1836,1774137160108,0.67100000,21894.46000000,0.67000000,36385.34000000,0.66900000,39925.00000000,0.66800000,33668.18000000,0.66700000,23174.69000000,0.66600000,59660.94000000,0.66500000,37051.02000000,0.66400000,21030.53000000,0.66300000,49095.32000000,0.66200000,63787.86000000,0.67200000,36386.73000000,0.67300000,57828.33000000,0.67400000,59793.14000000,0.67500000,70387.56000000,0.67600000,41107.08000000,0.67700000,74565.79000000,0.67800000,61066.51000000,0.67900000,73295.36000000,0.68000000,29034.44000000,0.68100000,30358.75000000,0.6713,1487,0.6712,1231,0.6711,7745,0.671,10149,0.6709,4272,0.6708,15252,0.6707,6480,0.6706,7825,0.6705,12129,0.6704,8130,0.6714,2660,0.6715,172,0.6716,4662,0.6717,18619,0.6718,7849,0.6719,9730,0.672,12351,0.6721,10044,0.6722,15642,0.6723,8112,-0.0000033687654511,1774152000000
0,5,54,0.65800000,0.6668,1.3374,1774137160408,0.67100000,25646.44000000,0.67000000,40871.12000000,0.66900000,36809.41000000,0.66800000,34129.09000000,0.66700000,27177.19000000,0.66600000,55810.10000000,0.66500000,32590.06000000,0.66400000,44115.26000000,0.66300000,40900.24000000,0.66200000,59326.90000000,0.67200000,19349.88000000,0.67300000,43738.80000000,0.67400000,62679.77000000,0.67500000,65946.41000000,0.67600000,41107.08000000,0.67700000,44468.82000000,0.67800000,61066.51000000,0.67900000,73295.36000000,0.68000000,29034.44000000,0.68100000,29574.39000000,0.6712,1241,0.6711,6812,0.671,4529,0.6709,4304,0.6708,15228,0.6707,6480,0.6706,7825,0.6705,11889,0.6704,8725,0.6703,2504,0.6713,2741,0.6714,833,0.6715,6992,0.6716,13737,0.6717,15753,0.6718,3570,0.6719,9976,0.672,12351,0.6721,10044,0.6722,14154,-0.0000033687654511,1774152000000
0,5,54,0.65900000,0.6665,1.1381,1774137160709,0.67200000,21869.64000000,0.67100000,43232.81000000,0.67000000,42041.17000000,0.66900000,41928.68000000,0.66800000,43667.01000000,0.66700000,23339.60000000,0.66600000,54092.26000000,0.66500000,35143.36000000,0.66400000,44115.26000000,0.66300000,41818.15000000,0.67300000,39524.20000000,0.67400000,73068.02000000,0.67500000,68750.93000000,0.67600000,41476.68000000,0.67700000,44479.12000000,0.67800000,69240.36000000,0.67900000,73295.36000000,0.68000000,29046.03000000,0.68100000,30241.18000000,0.68200000,62312.64000000,0.6711,909,0.671,188,0.6709,6034,0.6708,14400,0.6707,6482,0.6706,7827,0.6705,11536,0.6704,8727,0.6703,4004,0.6702,10328,0.6712,7691,0.6713,4787,0.6714,7684,0.6715,10631,0.6716,11811,0.6717,31983,0.6718,11141,0.6719,10871,0.672,12351,0.6721,10044,-0.0000033687654511,1774152000000
0,5,54,0.66100000,0.6657,0.711,1774137161010,0.67200000,22439.00000000,0.67100000,51889.89000000,0.67000000,37739.37000000,0.66900000,38762.31000000,0.66800000,39971.01000000,0.66700000,25584.53000000,0.66600000,54253.11000000,0.66500000,62695.67000000,0.66400000,40397.79000000,0.66300000,50852.52000000,0.67300000,24001.07000000,0.67400000,74911.35000000,0.67500000,92891.41000000,0.67600000,41476.68000000,0.67700000,44479.12000000,0.67800000,43646.02000000,0.67900000,64194.31000000,0.68000000,29046.03000000,0.68100000,38608.76000000,0.68200000,62312.64000000,0.6704,1320,0.6703,486,0.6702,4999,0.6701,9507,0.67,13376,0.6699,4841,0.6698,15093,0.6697,4960,0.6696,10529,0.6695,9347,0.6705,8580,0.6706,3267,0.6707,8877,0.6708,9269,0.6709,19315,0.671,18846,0.6711,10538,0.6712,7193,0.6713,15095,0.6714,17845,-0.0000033687654511,1774152000000
0,5,54,0.66100000,0.6657,0.711,1774137161310,0.67200000,22439.00000000,0.67100000,40961.59000000,0.67000000,48027.67000000,0.66900000,38762.31000000,0.66800000,40718.20000000,0.66700000,25779.23000000,0.66600000,54253.11000000,0.66500000,62500.97000000,0.66400000,40397.79000000,0.66300000,50852.52000000,0.67300000,31521.83000000,0.67400000,74643.90000000,0.67500000,89196.85000000,0.67600000,44911.60000000,0.67700000,44708.18000000,0.67800000,43646.02000000,0.67900000,64194.31000000,0.68000000,29046.03000000,0.68100000,38608.76000000,0.68200000,62312.64000000,0.6704,1140,0.6703,1314,0.6702,7309,0.6701,8567,0.67,13376,0.6699,5428,0.6698,15737,0.6697,4364,0.6696,10529,0.6695,9347,0.6705,1891,0.6706,200,0.6707,8877,0.6708,5837,0.6709,11879,0.671,19092,0.6711,10544,0.6712,7193,0.6713,15097,0.6714,17029,-0.0000033687654511,1774152000000
0,5,54,0.66200000,0.6647,0.4079,1774137161611,0.67300000,14985.71000000,0.67200000,33160.75000000,0.67100000,41385.80000000,0.67000000,44135.06000000,0.66900000,34730.86000000,0.66800000,40295.09000000,0.66700000,28234.14000000,0.66600000,52482.84000000,0.66500000,62500.97000000,0.66400000,40518.06000000,0.67400000,70692.43000000,0.67500000,89743.53000000,0.67600000,61425.69000000,0.67700000,44708.18000000,0.67800000,43656.32000000,0.67900000,65415.96000000,0.68000000,29046.03000000,0.68100000,39411.46000000,0.68200000,62312.64000000,0.68300000,63424.41000000,0.6701,30,0.67,175,0.6699,5403,0.6698,20080,0.6697,3569,0.6696,11116,0.6695,8552,0.6694,9216,0.6693,10642,0.6692,15565,0.6702,7001,0.6703,5692,0.6704,7796,0.6705,9865,0.6706,11629,0.6707,17236,0.6708,11851,0.6709,11739,0.671,19450,0.6711,12037,-0.0000033687654511,1774152000000
0,5,54,0.66200000,0.6652,0.4834,1774137161912,0.67300000,5831.72000000,0.67200000,35651.16000000,0.67100000,45701.63000000,0.67000000,43704.50000000,0.66900000,38382.81000000,0.66800000,36679.01000000,0.66700000,31227.38000000,0.66600000,54731.13000000,0.66500000,63416.12000000,0.66400000,40518.06000000,0.67400000,68077.92000000,0.67500000,90418.26000000,0.67600000,61425.69000000,0.67700000,44708.18000000,0.67800000,43656.32000000,0.67900000,65415.96000000,0.68000000,29070.14000000,0.68100000,39411.46000000,0.68200000,62312.64000000,0.68300000,63424.41000000,0.6697,211,0.6696,845,0.6695,8306,0.6694,15113,0.6693,10162,0.6692,7437,0.6691,8031,0.669,12497,0.6689,5246,0.6688,7248,0.6698,6830,0.6699,2382,0.67,9961,0.6701,10947,0.6702,7067,0.6703,14171,0.6704,11229,0.6705,23528,0.6706,7499,0.6707,12711,-0.0000033687654511,1774152000000
0,5,54,0.66400000,0.6656,0.241,1774137162212,0.67200000,15488.89000000,0.67100000,40537.90000000,0.67000000,48934.24000000,0.66900000,38382.81000000,0.66800000,36679.01000000,0.66700000,38556.65000000,0.66600000,57460.67000000,0.66500000,59698.65000000,0.66400000,40518.06000000,0.66300000,50454.61000000,0.67300000,35732.01000000,0.67400000,87194.93000000,0.67500000,84812.61000000,0.67600000,105357.34000000,0.67700000,44708.18000000,0.67800000,42198.52000000,0.67900000,63408.95000000,0.68000000,29070.14000000,0.68100000,38608.76000000,0.68200000,62312.64000000,0.6682,7276,0.6681,1810,0.668,4266,0.6679,11384,0.6678,2662,0.6677,4645,0.6676,15790,0.6675,9321,0.6674,10562,0.6673,13104,0.6683,4968,0.6684,4722,0.6685,9135,0.6686,3562,0.6687,6181,0.6688,10925,0.6689,13706,0.669,12720,0.6691,6438,0.6692,20740,-0.0000033687654511,1774152000000
0,5,54,0.66300000,0.6656,0.3922,1774137162513,0.67100000,27438.27000000,0.67000000,52243.42000000,0.66900000,34730.86000000,0.66800000,40277.71000000,0.66700000,38372.25000000,0.66600000,63478.28000000,0.66500000,59698.65000000,0.66400000,40518.06000000,0.66300000,49934.61000000,0.66200000,59326.90000000,0.67200000,6561.39000000,0.67300000,45883.17000000,0.67400000,77343.44000000,0.67500000,81461.12000000,0.67600000,104869.44000000,0.67700000,44738.28000000,0.67800000,37490.85000000,0.67900000,63408.95000000,0.68000000,29070.14000000,0.68100000,38608.76000000,0.6675,2782,0.6674,39,0.6673,12665,0.6672,4870,0.6671,3799,0.667,9043,0.6669,9315,0.6668,4373,0.6667,18407,0.6666,4909,0.6676,5651,0.6677,3052,0.6678,8540,0.6679,9407,0.668,20573,0.6681,6041,0.6682,10972,0.6683,17386,0.6684,8937,0.6685,5758,-0.0000033687654511,1774152000000
0,5,54,0.66400000,0.6652,0.1807,1774137162813,0.67100000,27389.29000000,0.67000000,52250.98000000,0.66900000,34042.89000000,0.66800000,38883.13000000,0.66700000,42737.40000000,0.66600000,60675.26000000,0.66500000,59698.65000000,0.66400000,40518.06000000,0.66300000,49934.61000000,0.66200000,59326.90000000,0.67200000,11205.57000000,0.67300000,55212.41000000,0.67400000,91321.04000000,0.67500000,77701.66000000,0.67600000,104869.44000000,0.67700000,44738.28000000,0.67800000,37490.85000000,0.67900000,63408.95000000,0.68000000,29070.14000000,0.68100000,38608.76000000,0.6675,1356,0.6674,1116,0.6673,5399,0.6672,4335,0.6671,4534,0.667,2505,0.6669,9316,0.6668,3774,0.6667,15265,0.6666,4849,0.6676,3185,0.6677,9035,0.6678,21943,0.6679,8646,0.668,23636,0.6681,4251,0.6682,11285,0.6683,17226,0.6684,8937,0.6685,9032,-0.0000033687654511,1774152000000
0,5,54,0.66500000,0.6659,0.1353,1774137163114,0.67100000,17213.32000000,0.67000000,39371.30000000,0.66900000,37636.12000000,0.66800000,46453.34000000,0.66700000,34905.40000000,0.66600000,60305.66000000,0.66500000,65349.30000000,0.66400000,45355.66000000,0.66300000,49934.61000000,0.66200000,59326.90000000,0.67200000,13413.26000000,0.67300000,46804.79000000,0.67400000,87052.73000000,0.67500000,81991.15000000,0.67600000,101239.82000000,0.67700000,44727.98000000,0.67800000,35483.84000000,0.67900000,63408.95000000,0.68000000,28283.58000000,0.68100000,38608.76000000,0.6673,410,0.6672,1593,0.6671,4136,0.667,5553,0.6669,10663,0.6668,6079,0.6667,16139,0.6666,7508,0.6665,9839,0.6664,18724,0.6674,2703,0.6675,5918,0.6676,15460,0.6677,14471,0.6678,17411,0.6679,6800,0.668,15118,0.6681,3568,0.6682,12878,0.6683,20696,-0.0000033687654511,1774152000000
0,5,54,0.66500000,0.6669,0.2857,1774137163415,0.67100000,9759.21000000,0.67000000,33690.35000000,0.66900000,39270.52000000,0.66800000,46453.34000000,0.66700000,34905.40000000,0.66600000,64427.34000000,0.66500000,65349.30000000,0.66400000,45355.66000000,0.66300000,54402.21000000,0.66200000,63794.50000000,0.67200000,27979.54000000,0.67300000,45157.24000000,0.67400000,83426.23000000,0.67500000,81991.15000000,0.67600000,101239.82000000,0.67700000,44727.98000000,0.67800000,37490.85000000,0.67900000,63408.95000000,0.68000000,59820.76000000,0.68100000,38608.76000000,0.666,25,0.6657,3275,0.6656,234,0.6655,10246,0.6653,3275,0.6652,246,0.6651,3565,0.665,7878,0.6649,4913,0.6648,6744,0.6662,13,0.6665,13999,0.6666,3275,0.6667,1803,0.6669,18661,0.667,10686,0.6671,5680,0.6672,8988,0.6673,8039,0.6674,9808,-0.0000033687654511,1774152000000
0,5,54,0.66500000,0.6671,0.3158,1774137163716,0.67100000,13624.95000000,0.67000000,30423.91000000,0.66900000,34252.61000000,0.66800000,41857.21000000,0.66700000,36252.21000000,0.66600000,64975.88000000,0.66500000,72900.90000000,0.66400000,45355.66000000,0.66300000,54302.21000000,0.66200000,63794.50000000,0.67200000,38107.58000000,0.67300000,49641.52000000,0.67400000,75230.55000000,0.67500000,77752.78000000,0.67600000,97059.51000000,0.67700000,38395.12000000,0.67800000,35483.84000000,0.67900000,63408.95000000,0.68000000,59820.76000000,0.68100000,38608.76000000,0.6652,188,0.6651,14,0.665,1055,0.6649,9600,0.6648,9376,0.6647,3332,0.6646,9946,0.6645,5116,0.6644,9611,0.6643,14943,0.6654,246,0.6655,4364,0.6656,3803,0.6657,9838,0.6658,17110,0.6659,9396,0.666,9771,0.6661,15541,0.6662,12460,0.6663,8909,-0.0000033687654511,1774152000000
0,5,54,0.66500000,0.6672,0.3308,1774137164016,0.67100000,5723.26000000,0.67000000,29800.91000000,0.66900000,39939.70000000,0.66800000,37950.51000000,0.66700000,34855.54000000,0.66600000,66333.72000000,0.66500000,73095.60000000,0.66400000,45355.66000000,0.66300000,54302.21000000,0.66200000,63794.50000000,0.67200000,46919.59000000,0.67300000,49119.35000000,0.67400000,75979.87000000,0.67500000,77830.61000000,0.67600000,97059.51000000,0.67700000,43151.88000000,0.67800000,35483.84000000,0.67900000,63331.12000000,0.68000000,59742.93000000,0.68100000,38608.76000000,0.6621,900,0.662,1032,0.6618,559,0.6617,2662,0.6616,1193,0.6615,117,0.6614,4472,0.6613,3296,0.6612,682,0.6611,1822,0.6622,4900,0.6624,881,0.6626,10596,0.6627,249,0.6628,5539,0.6629,5543,0.663,9121,0.6631,10977,0.6632,10320,0.6633,3168,-0.0000033687654511,1774152000000
0,5,54,0.66600000,0.6675,0.2252,1774137164316,0.67100000,4493.26000000,0.67000000,29800.91000000,0.66900000,39939.70000000,0.66800000,43751.96000000,0.66700000,34855.54000000,0.66600000,66333.72000000,0.66500000,73095.60000000,0.66400000,45355.66000000,0.66300000,54302.21000000,0.66200000,63794.50000000,0.67200000,50828.19000000,0.67300000,52470.80000000,0.67400000,85124.49000000,0.67500000,77830.61000000,0.67600000,97059.51000000,0.67700000,43151.88000000,0.67800000,35483.84000000,0.67900000,63331.12000000,0.68000000,59742.93000000,0.68100000,68344.68000000,0.6579,207,0.6577,1,0.6575,12,0.6574,300,0.6573,273,0.6572,906,0.6571,1850,0.657,185,0.6569,2709,0.6568,8,0.6585,53,0.6587,3121,0.6589,3123,0.659,2,0.6591,10669,0.6592,73,0.6593,3120,0.6594,1,0.6595,10679,0.6596,3,-0.0000033687654511,1774152000000
0,5,54,0.66600000,0.667,0.1502,1774137164617,0.67000000,23901.45000000,0.66900000,39939.70000000,0.66800000,49480.66000000,0.66700000,35063.30000000,0.66600000,68364.94000000,0.66500000,43227.70000000,0.66400000,45474.93000000,0.66300000,54421.66000000,0.66200000,63794.50000000,0.66100000,79002.62000000,0.67100000,23912.33000000,0.67200000,48677.12000000,0.67300000,45211.55000000,0.67400000,80366.10000000,0.67500000,74379.44000000,0.67600000,97059.51000000,0.67700000,38406.73000000,0.67800000,64551.18000000,0.67900000,63331.12000000,0.68000000,59742.93000000,0.6569,3051,0.6568,30,0.6567,57,0.6566,71,0.6565,3,0.6564,823,0.6563,2047,0.6562,256,0.6561,3566,0.656,8085,0.657,1,0.6572,1052,0.6573,12457,0.6574,916,0.6575,10510,0.6576,1015,0.6577,5189,0.6578,8730,0.6579,7198,0.658,3528,-0.0000033687654511,1774152000000
0,5,54,0.66700000,0.667,0.0,1774137164918,0.67100000,13103.32000000,0.67000000,29038.25000000,0.66900000,39872.25000000,0.66800000,44209.66000000,0.66700000,40856.20000000,0.66600000,76493.10000000,0.66500000,42937.96000000,0.66400000,45474.93000000,0.66300000,54421.66000000,0.66200000,63794.50000000,0.67200000,41446.75000000,0.67300000,54131.39000000,0.67400000,80378.34000000,0.67500000,74301.61000000,0.67600000,97059.51000000,0.67700000,43134.68000000,0.67800000,64551.18000000,0.67900000,63331.12000000,0.68000000,59742.93000000,0.68100000,68344.68000000,0.6567,1057,0.6566,985,0.6565,2477,0.6563,174,0.6562,3651,0.6561,5349,0.656,5181,0.6559,11451,0.6558,2273,0.6557,17649,0.6568,1628,0.6569,134,0.657,5640,0.6571,9897,0.6572,3145,0.6573,8695,0.6574,12238,0.6575,8539,0.6576,984,0.6577,7841,-0.0000033687654511,1774152000000
0,5,54,0.66700000,0.6671,0.015,1774137165219,0.67100000,13103.32000000,0.67000000,29038.25000000,0.66900000,39872.25000000,0.66800000,44209.66000000,0.66700000,41435.49000000,0.66600000,82286.00000000,0.66500000,42937.96000000,0.66400000,45474.93000000,0.66300000,54421.66000000,0.66200000,63794.50000000,0.67200000,40777.75000000,0.67300000,56916.69000000,0.67400000,80378.34000000,0.67500000,74301.61000000,0.67600000,97059.51000000,0.67700000,43134.68000000,0.67800000,64551.18000000,0.67900000,69331.12000000,0.68000000,59742.93000000,0.68100000,68344.68000000,0.6582,1340,0.6581,15,0.658,1946,0.6579,1186,0.6578,10561,0.6577,2128,0.6576,9124,0.6575,8144,0.6574,6527,0.6573,11231,0.6583,6124,0.6584,158,0.6585,4149,0.6586,5188,0.6587,14324,0.6588,9065,0.6589,11747,0.659,9873,0.6591,2804,0.6592,323,-0.0000033687654511,1774152000000
0,5,54,0.66700000,0.6672,0.03,1774137165519,0.67100000,11736.62000000,0.67000000,29838.25000000,0.66900000,39072.25000000,0.66800000,48275.97000000,0.66700000,41435.49000000,0.66600000,82286.00000000,0.66500000,42937.96000000,0.66400000,45474.93000000,0.66300000,54421.66000000,0.66200000,63794.50000000,0.67200000,40777.75000000,0.67300000,56916.69000000,0.67400000,80592.13000000,0.67500000,74317.14000000,0.67600000,97059.51000000,0.67700000,43123.07000000,0.67800000,64551.18000000,0.67900000,69331.12000000,0.68000000,59742.93000000,0.68100000,68344.68000000,0.6591,1159,0.659,45,0.6588,1318,0.6587,3401,0.6586,996,0.6585,9400,0.6584,2396,0.6583,1519,0.6582,6580,0.6581,4081,0.6593,2718,0.6594,176,0.6595,3895,0.6596,7554,0.6597,5401,0.6598,2000,0.6599,2770,0.66,6083,0.6601,9573,0.6602,4971,-0.0000033687654511,1774152000000
0,5,54,0.66600000,0.6672,0.1802,1774137165819,0.67100000,24839.10000000,0.67000000,40368.11000000,0.66900000,32493.81000000,0.66800000,44531.87000000,0.66700000,42461.39000000,0.66600000,77594.95000000,0.66500000,37287.31000000,0.66400000,45474.93000000,0.66300000,54421.66000000,0.66200000,63794.50000000,0.67200000,8972.56000000,0.67300000,55912.93000000,0.67400000,70891.72000000,0.67500000,77823.94000000,0.67600000,97059.51000000,0.67700000,48246.22000000,0.67800000,66558.19000000,0.67900000,69381.46000000,0.68000000,59742.93000000,0.68100000,68336.56000000,0.6615,1159,0.6614,1659,0.6613,15,0.6612,6471,0.6611,7514,0.661,978,0.6609,3914,0.6608,12916,0.6607,2670,0.6606,13527,0.6617,2,0.6618,497,0.6619,7,0.662,827,0.6621,2026,0.6622,4955,0.6623,2689,0.6624,8359,0.6625,79171,0.6626,2409,-0.0000033687654511,1774152000000
0,5,54,0.66400000,0.6674,0.512,1774137166120,0.67100000,24639.10000000,0.67000000,40968.11000000,0.66900000,32493.81000000,0.66800000,48220.83000000,0.66700000,38869.65000000,0.66600000,77594.95000000,0.66500000,37287.31000000,0.66400000,45474.93000000,0.66300000,54421.66000000,0.66200000,63794.50000000,0.67200000,9337.76000000,0.67300000,56414.83000000,0.67400000,70336.96000000,0.67500000,77669.12000000,0.67600000,97059.51000000,0.67700000,48246.22000000,0.67800000,66558.19000000,0.67900000,69381.46000000,0.68000000,59742.93000000,0.68100000,68336.56000000,0.6625,292,0.6624,1862,0.6623,556,0.6622,246,0.6621,3345,0.662,10286,0.6619,9236,0.6618,13584,0.6617,6540,0.6616,3374,0.6626,110,0.6627,900,0.6628,4612,0.6629,9515,0.663,15845,0.6631,14164,0.6632,18130,0.6633,2859,0.6634,6451,0.6635,6937,-0.0000033687654511,1774152000000
0,5,54,0.66400000,0.6671,0.4669,1774137166420,0.67100000,23724.36000000,0.67000000,41065.37000000,0.66900000,31597.17000000,0.66800000,48220.83000000,0.66700000,38869.65000000,0.66600000,77594.95000000,0.66500000,37287.31000000,0.66400000,45474.93000000,0.66300000,54421.66000000,0.66200000,63794.50000000,0.67200000,1504.32000000,0.67300000,50941.02000000,0.67400000,66772.71000000,0.67500000,77812.81000000,0.67600000,97059.51000000,0.67700000,48246.22000000,0.67800000,66558.19000000,0.67900000,63381.46000000,0.68000000,65742.93000000,0.68100000,68336.56000000,0.6637,14,0.6636,2628,0.6635,4,0.6634,9410,0.6633,11760,0.6632,12920,0.6631,16900,0.663,4015,0.6629,6240,0.6628,10373,0.6639,648,0.6641,30,0.6642,4270,0.6643,4442,0.6644,6970,0.6645,17861,0.6646,19304,0.6647,3457,0.6648,7496,0.6649,3965,-0.0000033687654511,1774152000000
0,5,54,0.66300000,0.6672,0.6335,1774137166720,0.67100000,22779.51000000,0.67000000,42455.62000000,0.66900000,31170.97000000,0.66800000,48800.12000000,0.66700000,35321.88000000,0.66600000,77586.74000000,0.66500000,37287.31000000,0.66400000,45474.93000000,0.66300000,54421.66000000,0.66200000,63794.50000000,0.67200000,16142.32000000,0.67300000,54851.52000000,0.67400000,65647.41000000,0.67500000,77812.81000000,0.67600000,97059.51000000,0.67700000,48246.22000000,0.67800000,66558.19000000,0.67900000,63381.46000000,0.68000000,65742.93000000,0.68100000,68336.56000000,0.6643,1280,0.6642,1175,0.6641,10925,0.664,11005,0.6639,11650,0.6638,16400,0.6637,9166,0.6636,12430,0.6635,21839,0.6634,3997,0.6644,1606,0.6645,2416,0.6646,525,0.6647,22,0.6648,4539,0.6649,4353,0.665,17392,0.6651,5160,0.6652,9791,0.6653,8965,-0.0000033687654511,1774152000000
0,5,54,0.66400000,0.6678,0.5723,1774137167020,0.67100000,11107.03000000,0.67000000,28667.31000000,0.66900000,44507.80000000,0.66800000,45111.16000000,0.66700000,44754.71000000,0.66600000,76497.71000000,0.66500000,42937.96000000,0.66400000,45474.93000000,0.66300000,54421.66000000,0.66200000,63794.50000000,0.67200000,34218.19000000,0.67300000,55146.78000000,0.67400000,59482.77000000,0.67500000,78578.48000000,0.67600000,97115.51000000,0.67700000,43134.68000000,0.67800000,64551.18000000,0.67900000,63381.46000000,0.68000000,65742.93000000,0.68100000,68336.56000000,0.665,7370,0.6649,10736,0.6648,15493,0.6647,13750,0.6646,11856,0.6645,9835,0.6644,14073,0.6643,13236,0.6642,11016,0.6641,12272,0.6653,181,0.6655,176,0.6656,751,0.6657,4,0.6658,6767,0.6659,11034,0.666,6389,0.6661,12588,0.6662,8439,0.6663,19326,-0.0000033687654511,1774152000000
0,5,54,0.66200000,0.6673,0.8006,1774137167322,0.67100000,11107.03000000,0.67000000,29867.31000000,0.66900000,43307.80000000,0.66800000,45111.16000000,0.66700000,44754.71000000,0.66600000,76497.71000000,0.66500000,42937.96000000,0.66400000,45474.93000000,0.66300000,54421.66000000,0.66200000,63794.50000000,0.67200000,42071.94000000,0.67300000,60034.64000000,0.67400000,84303.30000000,0.67500000,78089.68000000,0.67600000,97115.51000000,0.67700000,43134.68000000,0.67800000,64551.18000000,0.67900000,63381.46000000,0.68000000,65742.93000000,0.68100000,68336.56000000,0.6631,900,0.6629,886,0.6628,187,0.6627,1521,0.6626,1423,0.6625,357,0.6624,800,0.6623,10826,0.6622,275,0.6621,303,0.6632,1764,0.6633,4730,0.6634,2644,0.6635,53,0.6636,4061,0.6637,8206,0.6638,9156,0.6639,4065,0.664,1,0.6641,4061,-0.0000033687654511,1774152000000
0,5,54,0.66300000,0.6673,0.6486,1774137167623,0.67100000,51.74000000,0.67000000,28787.50000000,0.66900000,44507.80000000,0.66800000,45111.16000000,0.66700000,44754.71000000,0.66600000,76497.71000000,0.66500000,42937.96000000,0.66400000,45474.93000000,0.66300000,54421.66000000,0.66200000,63794.50000000,0.67200000,41090.02000000,0.67300000,60371.42000000,0.67400000,84376.66000000,0.67500000,78089.68000000,0.67600000,97123.71000000,0.67700000,43134.68000000,0.67800000,64551.18000000,0.67900000,63381.46000000,0.68000000,65742.93000000,0.68100000,68336.56000000,0.6623,1131,0.6621,1462,0.6619,19,0.6618,8103,0.6617,8031,0.6616,2792,0.6615,7680,0.6614,826,0.6613,11316,0.6612,25,0.6627,10873,0.6628,8749,0.6629,6587,0.663,1360,0.6631,5,0.6632,4067,0.6633,9450,0.6634,3485,0.6635,416,0.6636,4771,-0.0000033687654511,1774152000000
0,5,54,0.66500000,0.6672,0.3308,1774137167923,0.67000000,24083.35000000,0.66900000,40290.37000000,0.66800000,44500.66000000,0.66700000,44597.53000000,0.66600000,76508.14000000,0.66500000,42937.96000000,0.66400000,45474.93000000,0.66300000,54421.66000000,0.66200000,63794.50000000,0.66100000,113492.04000000,0.67100000,9081.28000000,0.67200000,48303.25000000,0.67300000,52538.40000000,0.67400000,80492.40000000,0.67500000,74591.66000000,0.67600000,97123.71000000,0.67700000,38406.73000000,0.67800000,64551.18000000,0.67900000,63381.46000000,0.68000000,65742.93000000,0.6618,900,0.6617,5048,0.6616,2461,0.6615,12036,0.6614,7459,0.6613,5346,0.6612,17151,0.6611,6415,0.661,3359,0.6609,10568,0.6624,11280,0.6625,9,0.6626,606,0.6627,7578,0.6628,20362,0.6629,6399,0.663,4783,0.6631,5380,0.6632,5050,0.6633,9208,-0.0000033687654511,1774152000000
0,5,54,0.66500000,0.6672,0.3308,1774137168224,0.67000000,15865.88000000,0.66900000,32094.75000000,0.66800000,56080.91000000,0.66700000,44597.53000000,0.66600000,76508.14000000,0.66500000,48120.84000000,0.66400000,47402.58000000,0.66300000,45387.29000000,0.66200000,63794.50000000,0.66100000,113492.04000000,0.67100000,24468.31000000,0.67200000,50357.76000000,0.67300000,43256.97000000,0.67400000,84786.08000000,0.67500000,74591.66000000,0.67600000,92333.10000000,0.67700000,36399.72000000,0.67800000,64651.18000000,0.67900000,72561.53000000,0.68000000,65742.93000000,0.6633,3241,0.6632,3018,0.6631,573,0.663,8258,0.6629,7384,0.6628,10567,0.6627,7190,0.6626,3408,0.6625,17087,0.6624,10385,0.6639,4,0.664,80,0.6641,2984,0.6642,8236,0.6643,8837,0.6644,11902,0.6645,2670,0.6646,11314,0.6647,3217,0.6648,4062,-0.0000033687654511,1774152000000
0,5,54,0.66600000,0.6672,0.1802,1774137168525,0.66900000,29888.80000000,0.66800000,53002.11000000,0.66700000,34458.71000000,0.66600000,68559.14000000,0.66500000,47936.57000000,0.66400000,64011.41000000,0.66300000,45387.29000000,0.66200000,63794.50000000,0.66100000,122773.32000000,0.66000000,71530.31000000,0.67000000,14156.30000000,0.67100000,35784.58000000,0.67200000,51651.31000000,0.67300000,39856.46000000,0.67400000,84786.08000000,0.67500000,74591.66000000,0.67600000,92344.71000000,0.67700000,36170.66000000,0.67800000,64651.18000000,0.67900000,72561.53000000,0.6652,6021,0.6651,2216,0.6649,5093,0.6648,6021,0.6647,7058,0.6646,4350,0.6645,8530,0.6644,8651,0.6643,4160,0.6642,7271,0.6653,911,0.6654,18,0.6655,11,0.6656,62,0.6657,985,0.6658,1169,0.6659,837,0.666,327,0.6661,5700,0.6662,5360,-0.0000033687654511,1774152000000
0,5,54,0.66800000,0.6671,-0.1347,1774137168825,0.66800000,28685.65000000,0.66700000,39356.40000000,0.66600000,67129.43000000,0.66500000,49708.04000000,0.66400000,40518.12000000,0.66300000,57330.39000000,0.66200000,63794.50000000,0.66100000,122773.32000000,0.66000000,71530.31000000,0.65900000,22439.73000000,0.66900000,12720.86000000,0.67000000,35154.90000000,0.67100000,36783.11000000,0.67200000,40496.02000000,0.67300000,42650.01000000,0.67400000,72208.97000000,0.67500000,61222.21000000,0.67600000,42065.54000000,0.67700000,35503.21000000,0.67800000,64651.18000000,0.6667,900,0.6665,1957,0.6664,1281,0.6663,122,0.6662,1057,0.6661,1179,0.666,3581,0.6659,10333,0.6658,5016,0.6657,8575,0.6668,138,0.6669,15,0.667,8436,0.6671,4614,0.6672,7977,0.6673,5595,0.6674,8587,0.6675,16746,0.6676,7907,0.6677,3278,-0.0000033687654511,1774152000000
0,5,54,0.66800000,0.6671,-0.1347,1774137169126,0.66800000,11896.45000000,0.66700000,38050.33000000,0.66600000,70487.34000000,0.66500000,53507.61000000,0.66400000,33557.14000000,0.66300000,57785.46000000,0.66200000,69445.15000000,0.66100000,122773.32000000,0.66000000,71010.31000000,0.65900000,27634.18000000,0.66900000,22723.30000000,0.67000000,54986.74000000,0.67100000,34622.83000000,0.67200000,83051.12000000,0.67300000,40228.60000000,0.67400000,55651.37000000,0.67500000,56466.52000000,0.67600000,37885.23000000,0.67700000,63253.07000000,0.67800000,64651.18000000,0.6678,1957,0.6677,8135,0.6676,246,0.6675,2254,0.6674,7473,0.6673,6681,0.6672,5104,0.6671,11797,0.667,6467,0.6669,3411,0.6679,22,0.668,102,0.6681,262,0.6682,269,0.6683,250,0.6684,3414,0.6685,11029,0.6686,3412,0.6687,9148,0.6688,5904,-0.0000033687654511,1774152000000
0,5,54,0.66900000,0.6669,-0.3139,1774137169427,0.66800000,1427.32000000,0.66700000,28401.80000000,0.66600000,73017.04000000,0.66500000,50034.81000000,0.66400000,36539.06000000,0.66300000,29531.42000000,0.66200000,69445.15000000,0.66100000,113611.85000000,0.66000000,71010.31000000,0.65900000,35874.28000000,0.66900000,30977.87000000,0.67000000,55287.01000000,0.67100000,37911.48000000,0.67200000,83048.04000000,0.67300000,41259.34000000,0.67400000,55651.37000000,0.67500000,54459.51000000,0.67600000,37242.55000000,0.67700000,72255.77000000,0.67800000,64651.18000000,0.6684,930,0.6683,3,0.6682,271,0.6681,14034,0.668,5187,0.6679,4507,0.6678,6963,0.6677,9344,0.6676,4310,0.6675,3924,0.6685,3896,0.6686,4031,0.6687,246,0.6688,1008,0.6689,5398,0.669,4902,0.6691,3738,0.6692,5248,0.6693,4431,0.6694,7695,-0.0000033687654511,1774152000000
0,5,54,0.67000000,0.6669,-0.4627,1774137169727,0.66800000,11909.17000000,0.66700000,23829.09000000,0.66600000,77163.28000000,0.66500000,52893.88000000,0.66400000,40144.14000000,0.66300000,30408.08000000,0.66200000,69445.15000000,0.66100000,113611.85000000,0.66000000,71010.31000000,0.65900000,35874.28000000,0.66900000,36384.42000000,0.67000000,54398.06000000,0.67100000,34165.98000000,0.67200000,83593.82000000,0.67300000,41271.45000000,0.67400000,56022.07000000,0.67500000,54345.59000000,0.67600000,65035.73000000,0.67700000,72255.77000000,0.67800000,64651.18000000,0.6682,1146,0.6681,6271,0.668,586,0.6679,2556,0.6678,6146,0.6677,9990,0.6676,3562,0.6675,4316,0.6674,18337,0.6673,5834,0.6683,644,0.6684,2879,0.6685,267,0.6686,1237,0.6687,3512,0.6689,6589,0.669,11851,0.6691,4100,0.6692,10064,0.6693,9175,-0.0000033687654511,1774152000000
0,5,54,0.67000000,0.6669,-0.4627,1774137170027,0.66800000,5021.41000000,0.66700000,28748.71000000,0.66600000,78068.64000000,0.66500000,54296.62000000,0.66400000,40024.87000000,0.66300000,30288.63000000,0.66200000,74564.32000000,0.66100000,117471.37000000,0.66000000,71010.31000000,0.65900000,35874.28000000,0.66900000,43276.50000000,0.67000000,43221.12000000,0.67100000,34151.50000000,0.67200000,80712.28000000,0.67300000,41932.47000000,0.67400000,54065.22000000,0.67500000,54345.59000000,0.67600000,65035.73000000,0.67700000,72255.77000000,0.67800000,64651.18000000,0.6677,900,0.6676,368,0.6675,2258,0.6674,1891,0.6673,3520,0.6672,4578,0.6671,6277,0.667,3669,0.6669,6723,0.6668,10802,0.6678,3121,0.6679,7368,0.668,421,0.6681,5065,0.6682,14090,0.6683,10888,0.6684,7319,0.6685,9211,0.6686,4930,0.6687,4936,-0.0000033687654511,1774152000000
0,5,54,0.66900000,0.6669,-0.3139,1774137170328,0.66600000,47841.71000000,0.66500000,40878.59000000,0.66400000,38470.01000000,0.66300000,31979.71000000,0.66200000,53101.38000000,0.66100000,79417.87000000,0.66000000,77576.70000000,0.65900000,39613.99000000,0.65800000,68402.77000000,0.65700000,118475.67000000,0.66700000,20472.10000000,0.66800000,15555.01000000,0.66900000,47601.33000000,0.67000000,45103.16000000,0.67100000,38471.52000000,0.67200000,28240.77000000,0.67300000,34226.63000000,0.67400000,52246.18000000,0.67500000,81410.29000000,0.67600000,65000.45000000,0.6673,1463,0.6672,368,0.6671,271,0.667,3239,0.6669,4666,0.6668,3272,0.6667,4351,0.6666,5585,0.6665,2492,0.6664,1219,0.6674,3468,0.6675,3,0.6676,6199,0.6677,6147,0.6678,6726,0.6679,9937,0.668,2359,0.6681,1340,0.6682,9306,0.6683,8087,-0.0000033687654511,1774152000000
0,5,54,0.66900000,0.6672,-0.2691,1774137170629,0.66400000,18897.23000000,0.66300000,38477.68000000,0.66200000,63568.44000000,0.66100000,49089.58000000,0.66000000,87586.29000000,0.65900000,38435.08000000,0.65800000,68402.77000000,0.65700000,65163.21000000,0.65600000,73886.89000000,0.65500000,72087.21000000,0.66500000,5793.03000000,0.66600000,15860.56000000,0.66700000,44371.74000000,0.66800000,35722.57000000,0.66900000,31190.91000000,0.67000000,36803.50000000,0.67100000,23175.19000000,0.67200000,24838.88000000,0.67300000,26174.28000000,0.67400000,67084.27000000,0.6684,1456,0.6683,3161,0.6681,732,0.668,2320,0.6679,4428,0.6678,4511,0.6677,1417,0.6676,3359,0.6675,12728,0.6674,4014,0.6685,2057,0.6686,2412,0.6687,976,0.6688,6200,0.6689,3879,0.669,3763,0.6691,7016,0.6692,3788,0.6693,3700,0.6694,7683,-0.0000033687654511,1774152000000
0,5,54,0.66900000,0.6674,-0.2392,1774137170929,0.66200000,24993.97000000,0.66100000,48315.50000000,0.66000000,97677.20000000,0.65900000,51295.58000000,0.65800000,43432.65000000,0.65700000,32800.64000000,0.65600000,69265.71000000,0.65500000,76574.86000000,0.65400000,29513.86000000,0.65300000,84241.89000000,0.66300000,11755.64000000,0.66400000,29413.95000000,0.66500000,31995.07000000,0.66600000,21495.93000000,0.66700000,37662.61000000,0.66800000,26332.85000000,0.66900000,26501.60000000,0.67000000,21614.41000000,0.67100000,48211.92000000,0.67200000,58125.59000000,0.6685,900,0.6683,172,0.6682,718,0.6681,2332,0.668,4245,0.6679,11740,0.6678,6618,0.6677,3554,0.6676,3613,0.6675,11782,0.6686,1524,0.6687,981,0.6688,3180,0.6689,3881,0.669,3765,0.6691,3753,0.6692,3790,0.6693,7563,0.6694,4471,0.6695,10937,-0.0000033687654511,1774152000000
0,5,54,0.67000000,0.6675,-0.3731,1774137171229,0.66100000,801.68000000,0.66000000,9412.76000000,0.65900000,26352.01000000,0.65800000,45525.74000000,0.65700000,45834.01000000,0.65600000,51418.43000000,0.65500000,92303.71000000,0.65400000,36314.24000000,0.65300000,49206.56000000,0.65200000,61967.48000000,0.66200000,25583.39000000,0.66300000,25223.13000000,0.66400000,34499.33000000,0.66500000,36649.61000000,0.66600000,18660.83000000,0.66700000,24974.63000000,0.66800000,17210.11000000,0.66900000,19759.34000000,0.67000000,49201.69000000,0.67100000,44061.89000000,0.6679,900,0.6678,472,0.6677,329,0.6676,1438,0.6675,453,0.6674,6724,0.6673,4252,0.6672,5057,0.6671,14740,0.667,5537,0.6681,430,0.6682,7735,0.6683,10877,0.6684,3893,0.6685,4585,0.6686,7555,0.6687,7630,0.6688,5320,0.6689,8357,0.669,8888,-0.0000033687654511,1774152000000
0,5,54,0.67000000,0.6669,-0.4627,1774137171530,0.65900000,77.00000000,0.65800000,12531.86000000,0.65700000,42273.06000000,0.65600000,52121.94000000,0.65500000,63005.92000000,0.65400000,41722.60000000,0.65300000,38495.29000000,0.65200000,62567.68000000,0.65100000,63044.97000000,0.65000000,112431.49000000,0.66000000,9564.69000000,0.66100000,32338.06000000,0.66200000,27325.31000000,0.66300000,26156.75000000,0.66400000,31911.77000000,0.66500000,20652.43000000,0.66600000,11441.27000000,0.66700000,57249.55000000,0.66800000,44012.37000000,0.66900000,47265.00000000,0.6676,46,0.6675,257,0.6674,5389,0.6673,5555,0.6672,5057,0.6671,14741,0.667,5537,0.6669,3556,0.6668,13952,0.6667,4062,0.6677,1811,0.6678,254,0.6679,254,0.668,7518,0.6681,7721,0.6682,14406,0.6683,11382,0.6684,5417,0.6685,3968,0.6686,7912,-0.0000033687654511,1774152000000
0,5,54,0.66900000,0.6668,-0.3288,1774137171831,0.65700000,16139.69000000,0.65600000,31774.43000000,0.65500000,63053.29000000,0.65400000,48586.15000000,0.65300000,39213.93000000,0.65200000,30370.27000000,0.65100000,63166.62000000,0.65000000,112431.49000000,0.64900000,120909.65000000,0.64800000,33295.30000000,0.65900000,2308.10000000,0.66000000,21635.81000000,0.66100000,30049.07000000,0.66200000,18131.67000000,0.66300000,25327.29000000,0.66400000,21327.43000000,0.66500000,20240.65000000,0.66600000,45415.88000000,0.66700000,57261.16000000,0.66800000,53192.46000000,0.6676,1676,0.6675,3,0.6674,3946,0.6673,1565,0.6672,7259,0.6671,6774,0.667,4659,0.6669,10774,0.6668,15452,0.6667,3672,0.6677,1883,0.6678,841,0.6679,257,0.668,9847,0.6681,10031,0.6682,11794,0.6683,12547,0.6684,7558,0.6685,5131,0.6686,11744,-0.0000033687654511,1774152000000
0,5,54,0.66900000,0.6669,-0.3139,1774137172132,0.65900000,1245.17000000,0.65800000,15411.96000000,0.65700000,21587.74000000,0.65600000,30294.30000000,0.65500000,63814.30000000,0.65400000,50295.67000000,0.65300000,45592.24000000,0.65200000,34138.16000000,0.65100000,33236.90000000,0.65000000,107118.90000000,0.66000000,22298.18000000,0.66100000,39822.85000000,0.66200000,18239.32000000,0.66300000,12970.43000000,0.66400000,21101.82000000,0.66500000,54612.19000000,0.66600000,54754.42000000,0.66700000,57261.16000000,0.66800000,40244.48000000,0.66900000,9586.91000000,0.6677,1159,0.6676,2013,0.6675,3,0.6674,4200,0.6673,5807,0.6672,5057,0.6671,6774,0.667,4659,0.6669,10774,0.6668,16558,0.6678,6449,0.6679,739,0.668,530,0.6681,9009,0.6682,15098,0.6683,10271,0.6684,7201,0.6685,6328,0.6686,11744,0.6687,7630,-0.0000033687654511,1774152000000
0,5,54,0.67000000,0.6669,-0.4627,1774137172433,0.66000000,10269.39000000,0.65900000,21027.78000000,0.65800000,22640.74000000,0.65700000,15423.32000000,0.65600000,31651.31000000,0.65500000,59736.28000000,0.65400000,37300.02000000,0.65300000,41776.11000000,0.65200000,64102.50000000,0.65100000,63610.68000000,0.66100000,20812.79000000,0.66200000,27519.59000000,0.66300000,24973.47000000,0.66400000,25648.50000000,0.66500000,20379.75000000,0.66600000,45948.85000000,0.66700000,57261.16000000,0.66800000,53224.59000000,0.66900000,11593.92000000,0.67000000,12136.55000000,0.6681,1050,0.6679,11,0.6678,1373,0.6677,9135,0.6676,6879,0.6675,4417,0.6674,7506,0.6673,9589,0.6672,6254,0.6671,7729,0.6682,1834,0.6683,8042,0.6684,3337,0.6685,5971,0.6686,13024,0.6687,10579,0.6688,4663,0.6689,10701,0.669,7525,0.6691,4552,-0.0000033687654511,1774152000000
0,5,54,0.67000000,0.6673,-0.403,1774137172734,0.66100000,8278.50000000,0.66000000,23396.07000000,0.65900000,23256.90000000,0.65800000,20612.56000000,0.65700000,15855.93000000,0.65600000,35090.16000000,0.65500000,49608.57000000,0.65400000,37300.02000000,0.65300000,72113.92000000,0.65200000,64102.50000000,0.66200000,14971.96000000,0.66300000,20362.91000000,0.66400000,29495.60000000,0.66500000,20238.04000000,0.66600000,11182.66000000,0.66700000,57266.67000000,0.66800000,53230.10000000,0.66900000,11593.92000000,0.67000000,11363.96000000,0.67100000,32515.69000000,0.6681,150,0.6679,174,0.6678,4004,0.6677,2397,0.6676,2918,0.6675,17276,0.6674,6586,0.6673,6765,0.6672,12275,0.6671,7523,0.6682,254,0.6683,19670,0.6684,1576,0.6685,8344,0.6686,11387,0.6687,8678,0.6688,5020,0.6689,10701,0.669,6926,0.6691,4552,-0.0000033687654511,1774152000000
0,5,54,0.67000000,0.6674,-0.3881,1774137173034,0.66200000,15291.73000000,0.66100000,24118.74000000,0.66000000,25759.88000000,0.65900000,18821.99000000,0.65800000,16731.77000000,0.65700000,15382.12000000,0.65600000,20997.19000000,0.65500000,79968.88000000,0.65400000,67535.20000000,0.65300000,71990.56000000,0.66300000,756.96000000,0.66400000,19900.38000000,0.66500000,23125.85000000,0.66600000,61642.17000000,0.66700000,27926.32000000,0.66800000,15880.39000000,0.66900000,15367.32000000,0.67000000,24529.86000000,0.67100000,32898.89000000,0.67200000,34596.40000000,0.6676,1352,0.6675,3364,0.6674,1567,0.6673,5829,0.6672,12275,0.6671,6774,0.667,7044,0.6669,10774,0.6668,16812,0.6667,3569,0.6677,2239,0.6678,430,0.6679,1756,0.668,530,0.6681,5415,0.6682,8104,0.6683,24116,0.6684,4263,0.6685,9864,0.6686,11744,-0.0000033687654511,1774152000000
0,5,54,0.66900000,0.6676,-0.2093,1774137173335,0.66300000,2997.08000000,0.66200000,7375.11000000,0.66100000,21593.61000000,0.66000000,28156.65000000,0.65900000,18695.62000000,0.65800000,20682.95000000,0.65700000,15382.12000000,0.65600000,21097.19000000,0.65500000,79968.88000000,0.65400000,67535.20000000,0.66400000,24561.20000000,0.66500000,24568.29000000,0.66600000,66055.17000000,0.66700000,27926.32000000,0.66800000,16998.58000000,0.66900000,15367.32000000,0.67000000,58508.75000000,0.67100000,32898.89000000,0.67200000,34596.40000000,0.67300000,36084.37000000,0.6671,157,0.667,3,0.6669,2458,0.6668,5562,0.6667,10843,0.6666,7012,0.6665,6898,0.6664,9642,0.6663,5669,0.6662,11837,0.6673,2065,0.6675,1928,0.6676,9833,0.6677,9446,0.6678,7567,0.6679,7423,0.668,12611,0.6681,4624,0.6682,5274,0.6683,21300,-0.0000033687654511,1774152000000
0,5,54,0.66900000,0.6677,-0.1943,1774137173635,0.66400000,10841.77000000,0.66300000,21757.58000000,0.66200000,16139.05000000,0.66100000,21841.87000000,0.66000000,26285.56000000,0.65900000,17572.35000000,0.65800000,19472.52000000,0.65700000,15412.50000000,0.65600000,51086.16000000,0.65500000,79968.88000000,0.66500000,15876.28000000,0.66600000,14878.91000000,0.66700000,27669.57000000,0.66800000,16803.30000000,0.66900000,15367.32000000,0.67000000,14777.97000000,0.67100000,36683.90000000,0.67200000,34608.20000000,0.67300000,36084.37000000,0.67400000,27526.85000000,0.667,3,0.6669,1496,0.6668,1034,0.6667,9837,0.6666,4220,0.6665,3508,0.6664,9642,0.6663,7812,0.6662,12387,0.6661,11534,0.6671,1811,0.6672,1254,0.6673,254,0.6674,2246,0.6675,8537,0.6676,9391,0.6677,12004,0.6678,7977,0.6679,6618,0.668,12614,-0.0000033687654511,1774152000000
0,5,54,0.66800000,0.6677,-0.0449,1774137173935,0.66400000,13247.29000000,0.66300000,30628.00000000,0.66200000,17107.93000000,0.66100000,19549.12000000,0.66000000,23016.67000000,0.65900000,21842.10000000,0.65800000,15927.09000000,0.65700000,45315.41000000,0.65600000,50986.16000000,0.65500000,89664.58000000,0.66500000,1877.94000000,0.66600000,15487.55000000,0.66700000,38609.47000000,0.66800000,16175.41000000,0.66900000,19036.08000000,0.67000000,16134.05000000,0.67100000,36871.24000000,0.67200000,47527.51000000,0.67300000,36096.17000000,0.67400000,27526.85000000,0.6666,428,0.6665,10,0.6664,454,0.6663,8180,0.6662,4848,0.6661,9148,0.666,6783,0.6659,6172,0.6658,10383,0.6657,17457,0.6667,1165,0.6668,933,0.6669,652,0.667,6785,0.6671,10075,0.6672,6746,0.6673,8845,0.6674,11579,0.6675,5593,0.6676,6791,-0.0000033687654511,1774152000000
0,5,54,0.66800000,0.6677,-0.0449,1774137174236,0.66500000,8801.59000000,0.66400000,23225.56000000,0.66300000,30335.15000000,0.66200000,16576.37000000,0.66100000,17780.48000000,0.66000000,22549.54000000,0.65900000,17004.77000000,0.65800000,15927.09000000,0.65700000,45315.41000000,0.65600000,50986.16000000,0.66600000,9860.24000000,0.66700000,35056.50000000,0.66800000,16182.97000000,0.66900000,18840.80000000,0.67000000,16134.05000000,0.67100000,13003.44000000,0.67200000,38393.21000000,0.67300000,36096.17000000,0.67400000,27526.85000000,0.67500000,30608.26000000,0.6664,313,0.6663,3068,0.6662,7192,0.6661,11668,0.666,6783,0.6659,4926,0.6658,10832,0.6657,18354,0.6656,5784,0.6655,3198,0.6666,2195,0.6667,256,0.6668,1803,0.6669,652,0.667,14861,0.6671,6777,0.6672,4726,0.6673,5896,0.6674,11937,0.6675,5593,-0.0000033687654511,1774152000000
0,5,54,0.66800000,0.6677,-0.0449,1774137174537,0.66600000,3930.33000000,0.66500000,23118.61000000,0.66400000,31252.90000000,0.66300000,21197.97000000,0.66200000,14004.90000000,0.66100000,18772.51000000,0.66000000,18812.03000000,0.65900000,26358.09000000,0.65800000,46115.09000000,0.65700000,45315.41000000,0.66700000,24040.75000000,0.66800000,35645.20000000,0.66900000,42110.90000000,0.67000000,15934.91000000,0.67100000,12632.04000000,0.67200000,14744.50000000,0.67300000,39881.58000000,0.67400000,40423.89000000,0.67500000,30608.26000000,0.67600000,50310.95000000,0.6667,254,0.6666,1413,0.6665,1188,0.6664,33,0.6663,5854,0.6662,9765,0.6661,6476,0.666,6786,0.6659,5455,0.6658,19066,0.6668,1813,0.6669,2702,0.667,7043,0.6671,6645,0.6672,5894,0.6673,6311,0.6674,11849,0.6675,5597,0.6676,7234,0.6677,14219,-0.0000033687654511,1774152000000
0,5,54,0.66800000,0.6678,-0.0299,1774137174837,0.66300000,9182.92000000,0.66200000,13380.43000000,0.66100000,17349.56000000,0.66000000,19105.24000000,0.65900000,16964.57000000,0.65800000,46941.37000000,0.65700000,50250.40000000,0.65600000,61332.20000000,0.65500000,62066.63000000,0.65400000,38723.81000000,0.66400000,4047.87000000,0.66500000,4751.43000000,0.66600000,12822.88000000,0.66700000,29494.70000000,0.66800000,20023.16000000,0.66900000,14570.08000000,0.67000000,16145.85000000,0.67100000,12643.84000000,0.67200000,14014.74000000,0.67300000,36096.57000000,0.6664,70,0.6663,3428,0.6662,11677,0.6661,7410,0.666,10134,0.6659,5911,0.6658,18467,0.6657,8721,0.6656,6072,0.6655,3937,0.6668,1463,0.6669,1472,0.667,7043,0.6671,10089,0.6672,6262,0.6673,8319,0.6674,12207,0.6675,5597,0.6676,7234,0.6677,14220,-0.0000033687654511,1774152000000
0,5,54,0.66800000,0.668,0.0,1774137175138,0.66200000,7651.67000000,0.66100000,10862.21000000,0.66000000,13582.26000000,0.65900000,11713.17000000,0.65800000,16995.41000000,0.65700000,50250.40000000,0.65600000,61132.20000000,0.65500000,61693.54000000,0.65400000,38723.81000000,0.65300000,73059.30000000,0.66300000,1351.50000000,0.66400000,5222.68000000,0.66500000,20965.80000000,0.66600000,25684.13000000,0.66700000,25511.27000000,0.66800000,19508.86000000,0.66900000,14002.30000000,0.67000000,16134.05000000,0.67100000,46149.28000000,0.67200000,51745.42000000,0.6663,1966,0.6662,1424,0.6661,4247,0.666,2489,0.6659,7895,0.6658,11967,0.6657,8835,0.6656,5563,0.6655,7396,0.6654,12754,0.6664,2,0.6665,2831,0.6666,1756,0.6667,4523,0.6668,8101,0.6669,14492,0.667,14574,0.6671,4373,0.6672,6688,0.6673,5123,-0.0000033687654511,1774152000000
0,5,54,0.66800000,0.6681,0.015,1774137175438,0.66100000,15989.59000000,0.66000000,15011.56000000,0.65900000,14285.93000000,0.65800000,18393.02000000,0.65700000,15275.99000000,0.65600000,58954.51000000,0.65500000,58059.57000000,0.65400000,41109.33000000,0.65300000,72911.50000000,0.65200000,56213.82000000,0.66300000,4436.48000000,0.66400000,8390.28000000,0.66500000,20483.59000000,0.66600000,23133.77000000,0.66700000,25736.82000000,0.66800000,15291.08000000,0.66900000,12983.32000000,0.67000000,49325.25000000,0.67100000,42364.27000000,0.67200000,48381.15000000,0.6664,1069,0.6663,354,0.6662,256,0.6661,1699,0.666,7709,0.6659,9011,0.6658,5010,0.6657,8835,0.6656,5563,0.6655,4227,0.6665,1159,0.6666,4456,0.6667,8145,0.6668,8101,0.6669,14824,0.667,13050,0.6671,4373,0.6672,6688,0.6673,5123,0.6674,12208,-0.0000033687654511,1774152000000
0,5,54,0.66800000,0.6682,0.0299,1774137175739,0.66300000,7576.79000000,0.66200000,53173.12000000,0.66100000,23403.81000000,0.66000000,24514.90000000,0.65900000,20838.20000000,0.65800000,17793.02000000,0.65700000,15307.13000000,0.65600000,22683.67000000,0.65500000,91061.28000000,0.65400000,83245.51000000,0.66500000,18922.16000000,0.66600000,22095.86000000,0.66700000,25102.85000000,0.66800000,15091.94000000,0.66900000,46702.72000000,0.67000000,49285.01000000,0.67100000,46120.84000000,0.67200000,50396.06000000,0.67300000,11660.28000000,0.67400000,25560.65000000,0.6663,2642,0.6662,2915,0.6661,3108,0.666,2542,0.6659,9988,0.6658,5030,0.6657,9310,0.6656,4963,0.6655,4227,0.6654,13505,0.6664,2,0.6665,1157,0.6666,4202,0.6667,8145,0.6668,10432,0.6669,12488,0.667,13050,0.6671,4373,0.6672,6688,0.6673,5217,-0.0000033687654511,1774152000000
0,5,54,0.66800000,0.669,0.1497,1774137176040,0.66400000,6806.30000000,0.66300000,14739.96000000,0.66200000,19716.89000000,0.66100000,20419.39000000,0.66000000,18505.74000000,0.65900000,16348.50000000,0.65800000,17291.29000000,0.65700000,15307.13000000,0.65600000,57691.15000000,0.65500000,91061.28000000,0.66500000,11956.66000000,0.66600000,26670.01000000,0.66700000,32644.74000000,0.66800000,15091.94000000,0.66900000,13337.22000000,0.67000000,49285.01000000,0.67100000,46120.84000000,0.67200000,50396.06000000,0.67300000,11660.28000000,0.67400000,25559.44000000,0.6668,254,0.6667,2,0.6666,3273,0.6665,1425,0.6664,7536,0.6663,6473,0.6662,5553,0.6661,12438,0.666,4907,0.6659,8351,0.6669,376,0.667,376,0.6671,6115,0.6672,4115,0.6673,1466,0.6674,14383,0.6675,7382,0.6676,4933,0.6677,12606,0.6678,4604,-0.0000033687654511,1774152000000
0,5,54,0.66800000,0.669,0.1497,1774137176340,0.66600000,5080.42000000,0.66500000,12197.05000000,0.66400000,33352.35000000,0.66300000,11793.61000000,0.66200000,13779.85000000,0.66100000,20188.65000000,0.66000000,18267.51000000,0.65900000,16909.61000000,0.65800000,52036.75000000,0.65700000,50245.66000000,0.66700000,26865.18000000,0.66800000,17969.53000000,0.66900000,46573.62000000,0.67000000,16365.96000000,0.67100000,12840.81000000,0.67200000,54511.23000000,0.67300000,11660.28000000,0.67400000,24762.92000000,0.67500000,64659.96000000,0.67600000,59881.67000000,0.6669,1966,0.6667,256,0.6666,1381,0.6665,1010,0.6664,15697,0.6663,6513,0.6662,5553,0.6661,13538,0.666,3950,0.6659,8351,0.667,1166,0.6671,6369,0.6672,3103,0.6673,9059,0.6674,13218,0.6675,5239,0.6676,5291,0.6677,12364,0.6678,4604,0.6679,4760,-0.0000033687654511,1774152000000
0,5,54,0.66800000,0.6688,0.1198,1774137176641,0.66700000,3844.62000000,0.66600000,17730.06000000,0.66500000,21375.57000000,0.66400000,27337.86000000,0.66300000,50575.27000000,0.66200000,9325.35000000,0.66100000,19823.82000000,0.66000000,53316.16000000,0.65900000,52074.65000000,0.65800000,52164.84000000,0.66800000,9417.39000000,0.66900000,15186.64000000,0.67000000,32183.12000000,0.67100000,25097.76000000,0.67200000,20986.07000000,0.67300000,15604.79000000,0.67400000,25568.79000000,0.67500000,64671.76000000,0.67600000,59894.17000000,0.67700000,60311.89000000,0.6669,966,0.6668,453,0.6667,2956,0.6666,1381,0.6665,1010,0.6664,15697,0.6663,6552,0.6662,5553,0.6661,13538,0.666,3950,0.667,3605,0.6671,724,0.6672,1767,0.6673,8705,0.6674,11850,0.6675,5239,0.6676,5291,0.6677,12364,0.6678,4604,0.6679,4760,-0.0000033687654511,1774152000000
0,5,54,0.66800000,0.6688,0.1198,1774137176942,0.66800000,13234.28000000,0.66700000,20339.64000000,0.66600000,16242.74000000,0.66500000,19181.60000000,0.66400000,28036.95000000,0.66300000,13017.45000000,0.66200000,9425.35000000,0.66100000,54611.17000000,0.66000000,60920.61000000,0.65900000,52074.65000000,0.66900000,6055.72000000,0.67000000,15768.08000000,0.67100000,15165.42000000,0.67200000,28086.56000000,0.67300000,15242.82000000,0.67400000,31392.21000000,0.67500000,68428.33000000,0.67600000,59894.17000000,0.67700000,60323.69000000,0.67800000,64909.86000000,0.6664,2,0.6663,513,0.6662,1058,0.6661,9204,0.666,5026,0.6659,7993,0.6658,11137,0.6657,14367,0.6656,5714,0.6655,4585,0.6665,174,0.6666,1811,0.6667,3130,0.6668,7096,0.6669,10442,0.667,12071,0.6671,11968,0.6672,4084,0.6673,4379,0.6674,12208,-0.0000033687654511,1774152000000
0,5,54,0.66800000,0.6688,0.1198,1774137177243,0.66900000,13563.32000000,0.66800000,19607.86000000,0.66700000,21058.90000000,0.66600000,13388.73000000,0.66500000,15603.62000000,0.66400000,27836.95000000,0.66300000,13017.45000000,0.66200000,44277.07000000,0.66100000,54611.17000000,0.66000000,60920.61000000,0.67000000,20029.29000000,0.67100000,12328.13000000,0.67200000,39005.09000000,0.67300000,18934.78000000,0.67400000,31400.58000000,0.67500000,35165.15000000,0.67600000,63650.74000000,0.67700000,60323.69000000,0.67800000,64909.86000000,0.67900000,28269.90000000,0.666,408,0.6659,3255,0.6658,295,0.6657,5478,0.6656,6974,0.6655,3579,0.6654,12755,0.6653,7169,0.6652,3561,0.6651,7672,0.6662,2067,0.6663,4469,0.6664,5284,0.6665,12278,0.6666,5439,0.6667,7870,0.6668,11108,0.6669,11967,0.667,9124,0.6671,10035,-0.0000033687654511,1774152000000
0,5,54,0.66800000,0.669,0.1497,1774137177543,0.66900000,10562.67000000,0.66800000,50757.50000000,0.66700000,18673.86000000,0.66600000,14749.11000000,0.66500000,13578.68000000,0.66400000,27842.73000000,0.66300000,13017.45000000,0.66200000,44277.07000000,0.66100000,54627.03000000,0.66000000,62932.96000000,0.67000000,8076.85000000,0.67100000,16077.29000000,0.67200000,23859.01000000,0.67300000,34219.93000000,0.67400000,35410.68000000,0.67500000,35038.41000000,0.67600000,64023.24000000,0.67700000,64080.26000000,0.67800000,68678.23000000,0.67900000,28269.90000000,0.6657,219,0.6656,63,0.6655,1141,0.6654,3421,0.6653,7736,0.6652,4209,0.6651,6563,0.665,12459,0.6649,3621,0.6648,15007,0.6658,1165,0.6659,8762,0.666,3956,0.6661,3716,0.6662,16667,0.6663,7215,0.6664,8590,0.6665,10135,0.6666,5797,0.6667,7349,-0.0000033687654511,1774152000000
0,5,54,0.66800000,0.669,0.1497,1774137177844,0.66800000,42803.08000000,0.66700000,25659.52000000,0.66600000,18239.01000000,0.66500000,13978.68000000,0.66400000,27950.29000000,0.66300000,14422.55000000,0.66200000,44277.07000000,0.66100000,55556.68000000,0.66000000,64432.96000000,0.65900000,45483.24000000,0.66900000,4907.68000000,0.67000000,24432.03000000,0.67100000,16920.96000000,0.67200000,32055.53000000,0.67300000,23762.60000000,0.67400000,31519.88000000,0.67500000,35027.98000000,0.67600000,64023.24000000,0.67700000,64080.26000000,0.67800000,62655.78000000,0.6657,1859,0.6656,317,0.6655,12,0.6654,260,0.6653,6837,0.6652,4209,0.6651,9715,0.665,12459,0.6649,3621,0.6648,15007,0.6658,3613,0.6659,7136,0.666,6656,0.6661,2079,0.6662,16675,0.6663,4257,0.6664,8590,0.6665,10493,0.6666,5797,0.6667,7349,-0.0000033687654511,1774152000000
0,5,54,0.66700000,0.669,0.2999,1774137178145,0.66800000,29952.02000000,0.66700000,19961.30000000,0.66600000,22047.81000000,0.66500000,13978.68000000,0.66400000,27950.29000000,0.66300000,14464.78000000,0.66200000,44277.07000000,0.66100000,55556.68000000,0.66000000,64382.07000000,0.65900000,46985.50000000,0.66900000,14.99000000,0.67000000,19965.61000000,0.67100000,24122.19000000,0.67200000,33651.70000000,0.67300000,15789.50000000,0.67400000,31028.08000000,0.67500000,35039.63000000,0.67600000,63650.74000000,0.67700000,64080.26000000,0.67800000,62655.78000000,0.6648,46,0.6647,10,0.6646,34,0.6645,5561,0.6644,4925,0.6643,10550,0.6642,6770,0.6641,5507,0.664,12484,0.6639,6722,0.6649,2065,0.665,2580,0.6651,2480,0.6652,11452,0.6653,19654,0.6654,20414,0.6655,15886,0.6656,16674,0.6657,6400,0.6658,11492,-0.0000033687654511,1774152000000
0,5,54,0.66700000,0.669,0.2999,1774137178445,0.66800000,12074.12000000,0.66700000,15991.97000000,0.66600000,21417.70000000,0.66500000,19759.26000000,0.66400000,10767.29000000,0.66300000,14312.79000000,0.66200000,9793.34000000,0.66100000,68973.62000000,0.66000000,81289.82000000,0.65900000,64326.34000000,0.66900000,5470.43000000,0.67000000,16714.58000000,0.67100000,16769.72000000,0.67200000,30469.39000000,0.67300000,11335.86000000,0.67400000,31005.22000000,0.67500000,35039.63000000,0.67600000,63650.74000000,0.67700000,64057.81000000,0.67800000,62655.78000000,0.6652,404,0.6651,254,0.665,256,0.6649,430,0.6648,7603,0.6647,7939,0.6646,11246,0.6645,6732,0.6644,13002,0.6643,11945,0.6653,2031,0.6654,176,0.6655,8046,0.6656,16225,0.6657,8736,0.6658,8186,0.6659,9946,0.666,8275,0.6661,5519,0.6662,16161,-0.0000033687654511,1774152000000
