spot_source_id,fut_source_id,symbol_id,ask_spot,bid_futures,spread_pct,ts,s_b1,s_b2,s_b3,s_b4,s_b5,s_b6,s_b7,s_b8,s_b9,s_b10,s_bq1,s_bq2,s_bq3,s_bq4,s_bq5,s_bq6,s_bq7,s_bq8,s_bq9,s_bq10,s_a1,s_a2,s_a3,s_a4,s_a5,s_a6,s_a7,s_a8,s_a9,s_a10,s_aq1,s_aq2,s_aq3,s_aq4,s_aq5,s_aq6,s_aq7,s_aq8,s_aq9,s_aq10,f_b1,f_b2,f_b3,f_b4,f_b5,f_b6,f_b7,f_b8,f_b9,f_b10,f_bq1,f_bq2,f_bq3,f_bq4,f_bq5,f_bq6,f_bq7,f_bq8,f_bq9,f_bq10,f_a1,f_a2,f_a3,f_a4,f_a5,f_a6,f_a7,f_a8,f_a9,f_a10,f_aq1,f_aq2,f_aq3,f_aq4,f_aq5,f_aq6,f_aq7,f_aq8,f_aq9,f_aq10,fr_r,fr_ft
0,7,384,2.39800000,2.393,-0.2085,1774137103000,2.39600000,314.95000000,2.39500000,679.49000000,2.39400000,1503.59000000,2.39300000,1501.60000000,2.39200000,2274.99000000,2.39100000,313.81000000,2.39000000,2034.80000000,2.38900000,593.96000000,2.38800000,905.83000000,2.38700000,248.67000000,2.39800000,1016.80000000,2.39900000,458.70000000,2.40000000,1527.68000000,2.40100000,2297.74000000,2.40200000,1488.08000000,2.40300000,2592.87000000,2.40400000,1691.09000000,2.40500000,596.03000000,2.40600000,366.03000000,2.40700000,55.40000000,,,,,,,,,,,,,,,,,,,,,,,,,,,,,,,,,,,,,,,,,0.00005,
0,7,384,2.39700000,2.392,-0.2086,1774137104000,2.39300000,1056.16000000,2.39200000,1797.16000000,2.39100000,213.81000000,2.39000000,2145.84000000,2.38900000,715.84000000,2.38800000,1591.58000000,2.38700000,1302.87000000,2.38600000,409.25000000,2.38500000,14.51000000,2.38400000,415.53000000,2.39600000,38.90000000,2.39700000,295.98000000,2.39800000,698.35000000,2.39900000,458.43000000,2.40000000,2054.76000000,2.40100000,2297.74000000,2.40200000,1488.08000000,2.40300000,2592.87000000,2.40400000,1691.09000000,2.40500000,1122.12000000,,,,,,,,,,,,,,,,,,,,,,,,,,,,,,,,,,,,,,,,,0.00005,
0,7,384,2.39500000,2.39,-0.2088,1774137105000,2.39200000,322.67000000,2.39100000,618.36000000,2.39000000,1527.06000000,2.38900000,1152.97000000,2.38800000,1592.67000000,2.38700000,1216.03000000,2.38600000,298.39000000,2.38500000,1643.17000000,2.38400000,896.08000000,2.38300000,557.05000000,2.39400000,313.65000000,2.39500000,820.31000000,2.39600000,919.32000000,2.39700000,2030.65000000,2.39800000,2794.20000000,2.39900000,2026.27000000,2.40000000,1968.89000000,2.40100000,1288.70000000,2.40200000,1066.98000000,2.40300000,1066.54000000,,,,,,,,,,,,,,,,,,,,,,,,,,,,,,,,,,,,,,,,,0.00005,
0,7,384,2.39400000,2.388,-0.2506,1774137106000,2.39000000,55.46000000,2.38900000,504.33000000,2.38800000,1391.42000000,2.38700000,1353.48000000,2.38600000,460.48000000,2.38500000,1204.08000000,2.38400000,982.07000000,2.38300000,868.49000000,2.38200000,1812.04000000,2.38100000,305.04000000,2.39100000,24.06000000,2.39200000,289.88000000,2.39300000,823.65000000,2.39400000,1237.59000000,2.39500000,1167.66000000,2.39600000,2570.95000000,2.39700000,2596.74000000,2.39800000,2741.50000000,2.39900000,1808.68000000,2.40000000,912.32000000,,,,,,,,,,,,,,,,,,,,,,,,,,,,,,,,,,,,,,,,,,
0,7,384,2.39300000,2.39,-0.1254,1774137107000,2.39400000,45.00000000,2.39300000,1146.54000000,2.39200000,639.25000000,2.39100000,1616.59000000,2.39000000,1438.22000000,2.38900000,1366.79000000,2.38800000,995.72000000,2.38700000,1646.71000000,2.38600000,368.88000000,2.38500000,586.37000000,2.39600000,862.96000000,2.39700000,308.74000000,2.39800000,1271.68000000,2.39900000,1973.09000000,2.40000000,2360.89000000,2.40100000,1985.93000000,2.40200000,2736.00000000,2.40300000,902.64000000,2.40400000,63.66000000,2.40500000,69.53000000,,,,,,,,,,,,,,,,,,,,,,,,,,,,,,,,,,,,,,,,,0.00005,
0,7,384,2.39200000,2.388,-0.1672,1774137108000,2.39200000,49.18000000,2.39100000,302.62000000,2.39000000,657.14000000,2.38900000,1576.69000000,2.38800000,1054.73000000,2.38700000,1208.25000000,2.38600000,478.32000000,2.38500000,1122.46000000,2.38400000,368.89000000,2.38300000,34.39000000,2.39400000,750.35000000,2.39500000,734.98000000,2.39600000,1058.68000000,2.39700000,2320.41000000,2.39800000,2376.46000000,2.39900000,1920.27000000,2.40000000,2017.35000000,2.40100000,600.69000000,2.40200000,1662.84000000,2.40300000,366.06000000,,,,,,,,,,,,,,,,,,,,,,,,,,,,,,,,,,,,,,,,,0.00005,
0,7,384,2.39300000,2.389,-0.1672,1774137109000,2.39200000,389.39000000,2.39100000,294.01000000,2.39000000,635.76000000,2.38900000,1579.00000000,2.38800000,1341.49000000,2.38700000,1357.81000000,2.38600000,457.14000000,2.38500000,1662.92000000,2.38400000,368.89000000,2.38300000,226.40000000,2.39400000,646.03000000,2.39500000,194.34000000,2.39600000,1005.86000000,2.39700000,2320.41000000,2.39800000,2323.64000000,2.39900000,1920.27000000,2.40000000,2558.51000000,2.40100000,600.69000000,2.40200000,588.96000000,2.40300000,366.06000000,,,,,,,,,,,,,,,,,,,,,,,,,,,,,,,,,,,,,,,,,,
0,7,384,2.39500000,2.388,-0.2923,1774137110000,2.39100000,176.99000000,2.39000000,226.27000000,2.38900000,1671.72000000,2.38800000,1341.49000000,2.38700000,1357.81000000,2.38600000,457.14000000,2.38500000,1751.74000000,2.38400000,900.48000000,2.38300000,226.40000000,2.38200000,422.18000000,2.39300000,159.25000000,2.39400000,382.76000000,2.39500000,418.43000000,2.39600000,1590.26000000,2.39700000,2320.41000000,2.39800000,2855.23000000,2.39900000,1920.27000000,2.40000000,2018.16000000,2.40100000,600.69000000,2.40200000,588.96000000,,,,,,,,,,,,,,,,,,,,,,,,,,,,,,,,,,,,,,,,,,
0,7,384,2.39400000,2.387,-0.2924,1774137111000,2.39000000,49.18000000,2.38900000,1026.23000000,2.38800000,1207.25000000,2.38700000,821.33000000,2.38600000,457.14000000,2.38500000,1751.74000000,2.38400000,1029.08000000,2.38300000,390.13000000,2.38200000,756.82000000,2.38100000,305.04000000,2.39100000,45.00000000,2.39200000,88.09000000,2.39300000,314.29000000,2.39400000,772.55000000,2.39500000,1567.46000000,2.39600000,1590.26000000,2.39700000,2320.41000000,2.39800000,2684.31000000,2.39900000,1513.92000000,2.40000000,1449.42000000,,,,,,,,,,,,,,,,,,,,,,,,,,,,,,,,,,,,,,,,,0.00005,
0,7,384,2.39400000,2.387,-0.2924,1774137112000,2.38900000,49.18000000,2.38800000,615.08000000,2.38700000,1296.15000000,2.38600000,818.71000000,2.38500000,1443.95000000,2.38400000,1213.83000000,2.38300000,1217.82000000,2.38200000,770.21000000,2.38100000,639.90000000,2.38000000,1495.44000000,2.39100000,245.59000000,2.39200000,208.01000000,2.39300000,627.59000000,2.39400000,769.37000000,2.39500000,2860.78000000,2.39600000,1590.26000000,2.39700000,2267.59000000,2.39800000,2324.71000000,2.39900000,945.99000000,2.40000000,928.65000000,,,,,,,,,,,,,,,,,,,,,,,,,,,,,,,,,,,,,,,,,0.00005,
0,7,384,2.39300000,2.388,-0.2089,1774137113000,2.39200000,51.31000000,2.39100000,369.91000000,2.39000000,1462.81000000,2.38900000,462.28000000,2.38800000,1373.02000000,2.38700000,1378.99000000,2.38600000,980.47000000,2.38500000,1211.28000000,2.38400000,900.48000000,2.38300000,1552.48000000,2.39300000,215.27000000,2.39400000,55.46000000,2.39500000,418.43000000,2.39600000,1886.75000000,2.39700000,1783.98000000,2.39800000,2204.21000000,2.39900000,1514.49000000,2.40000000,1292.36000000,2.40100000,52.61000000,2.40200000,20.74000000,,,,,,,,,,,,,,,,,,,,,,,,,,,,,,,,,,,,,,,,,0.00005,
0,7,384,2.39200000,2.388,-0.1672,1774137114000,2.39100000,208.47000000,2.39000000,700.98000000,2.38900000,562.28000000,2.38800000,1373.02000000,2.38700000,1476.04000000,2.38600000,980.47000000,2.38500000,1211.28000000,2.38400000,900.48000000,2.38300000,1615.12000000,2.38200000,422.18000000,2.39300000,45.00000000,2.39400000,313.34000000,2.39500000,272.94000000,2.39600000,833.56000000,2.39700000,1983.61000000,2.39800000,2204.21000000,2.39900000,2054.82000000,2.40000000,1813.98000000,2.40100000,1663.05000000,2.40200000,20.74000000,,,,,,,,,,,,,,,,,,,,,,,,,,,,,,,,,,,,,,,,,,
0,7,384,2.39300000,2.388,-0.2089,1774137115000,2.39100000,49.19000000,2.39000000,179.49000000,2.38900000,645.87000000,2.38800000,1373.02000000,2.38700000,1994.56000000,2.38600000,1238.52000000,2.38500000,1211.28000000,2.38400000,988.04000000,2.38300000,1325.54000000,2.38200000,756.84000000,2.39200000,50.81000000,2.39300000,144.81000000,2.39400000,313.34000000,2.39500000,272.94000000,2.39600000,1217.07000000,2.39700000,2304.69000000,2.39800000,2725.03000000,2.39900000,1514.49000000,2.40000000,1813.98000000,2.40100000,1142.75000000,,,,,,,,,,,,,,,,,,,,,,,,,,,,,,,,,,,,,,,,,,
0,7,384,2.39200000,2.388,-0.1672,1774137116000,2.39100000,49.19000000,2.39000000,795.82000000,2.38900000,645.87000000,2.38800000,1373.02000000,2.38700000,1994.56000000,2.38600000,1238.52000000,2.38500000,1211.28000000,2.38400000,988.04000000,2.38300000,798.53000000,2.38200000,756.84000000,2.39200000,50.81000000,2.39300000,144.81000000,2.39400000,313.34000000,2.39500000,272.94000000,2.39600000,1217.07000000,2.39700000,2304.69000000,2.39800000,2725.03000000,2.39900000,1514.49000000,2.40000000,1813.98000000,2.40100000,1142.75000000,,,,,,,,,,,,,,,,,,,,,,,,,,,,,,,,,,,,,,,,,,
0,7,384,2.39200000,2.388,-0.1672,1774137117000,2.39100000,49.19000000,2.39000000,795.82000000,2.38900000,645.87000000,2.38800000,1373.02000000,2.38700000,1994.56000000,2.38600000,1238.52000000,2.38500000,1211.28000000,2.38400000,988.04000000,2.38300000,798.53000000,2.38200000,756.84000000,2.39200000,5.81000000,2.39300000,144.81000000,2.39400000,313.34000000,2.39500000,272.94000000,2.39600000,1217.07000000,2.39700000,2304.69000000,2.39800000,2725.03000000,2.39900000,1514.49000000,2.40000000,1813.98000000,2.40100000,1142.75000000,,,,,,,,,,,,,,,,,,,,,,,,,,,,,,,,,,,,,,,,,0.00005,
0,7,384,2.39200000,2.388,-0.1672,1774137118000,2.39000000,269.83000000,2.38900000,472.49000000,2.38800000,1373.02000000,2.38700000,1994.56000000,2.38600000,1238.52000000,2.38500000,1211.28000000,2.38400000,1187.36000000,2.38300000,606.66000000,2.38200000,756.84000000,2.38100000,522.68000000,2.39200000,184.80000000,2.39300000,144.81000000,2.39400000,313.34000000,2.39500000,325.74000000,2.39600000,1017.44000000,2.39700000,2504.32000000,2.39800000,2725.03000000,2.39900000,1514.49000000,2.40000000,1813.98000000,2.40100000,1142.75000000,,,,,,,,,,,,,,,,,,,,,,,,,,,,,,,,,,,,,,,,,,
0,7,384,2.39100000,2.387,-0.1673,1774137119000,2.39000000,49.19000000,2.38900000,270.26000000,2.38800000,1145.98000000,2.38700000,1476.04000000,2.38600000,1238.52000000,2.38500000,1507.21000000,2.38400000,988.04000000,2.38300000,1089.12000000,2.38200000,422.18000000,2.38100000,857.49000000,2.39200000,195.27000000,2.39300000,149.00000000,2.39400000,935.13000000,2.39500000,2414.87000000,2.39600000,1017.44000000,2.39700000,2556.06000000,2.39800000,2698.38000000,2.39900000,1514.49000000,2.40000000,768.85000000,2.40100000,621.15000000,,,,,,,,,,,,,,,,,,,,,,,,,,,,,,,,,,,,,,,,,,
0,7,384,2.39100000,2.387,-0.1673,1774137120000,2.38800000,48.16000000,2.38700000,671.69000000,2.38600000,1418.45000000,2.38500000,443.26000000,2.38400000,988.04000000,2.38300000,1667.62000000,2.38200000,1056.52000000,2.38100000,350.04000000,2.38000000,1686.66000000,2.37900000,297.96000000,2.38900000,115.05000000,2.39100000,161.50000000,2.39200000,195.27000000,2.39300000,204.11000000,2.39400000,987.93000000,2.39500000,2412.57000000,2.39600000,964.58000000,2.39700000,2503.20000000,2.39800000,2282.41000000,2.39900000,1514.49000000,,,,,,,,,,,,,,,,,,,,,,,,,,,,,,,,,,,,,,,,,0.00005,
0,7,384,2.38900000,2.384,-0.2093,1774137121000,2.38500000,607.04000000,2.38400000,643.60000000,2.38300000,1333.92000000,2.38200000,1135.29000000,2.38100000,1454.30000000,2.38000000,2320.63000000,2.37900000,158.80000000,2.37800000,852.96000000,2.37700000,281.97000000,2.37600000,308.00000000,2.38700000,303.25000000,2.38800000,106.54000000,2.38900000,415.68000000,2.39000000,969.47000000,2.39100000,2139.52000000,2.39200000,1513.10000000,2.39300000,2891.73000000,2.39400000,313.34000000,2.39500000,1729.31000000,2.39600000,419.06000000,,,,,,,,,,,,,,,,,,,,,,,,,,,,,,,,,,,,,,,,,0.00005,
0,7,384,2.38900000,2.382,-0.293,1774137122000,2.38400000,12.58000000,2.38300000,251.12000000,2.38200000,310.47000000,2.38100000,205.39000000,2.38000000,2550.58000000,2.37900000,650.27000000,2.37800000,267.43000000,2.37700000,879.46000000,2.37600000,807.91000000,2.37500000,1616.39000000,2.38500000,593.08000000,2.38600000,739.67000000,2.38700000,2556.43000000,2.38800000,1551.81000000,2.38900000,3198.61000000,2.39000000,615.45000000,2.39100000,1924.46000000,2.39200000,66.26000000,2.39300000,632.23000000,2.39400000,313.34000000,,,,,,,,,,,,,,,,,,,,,,,,,,,,,,,,,,,,,,,,,0.00005,
0,7,384,2.38700000,2.379,-0.3351,1774137123000,2.38500000,53.66000000,2.38400000,483.21000000,2.38300000,1632.98000000,2.38200000,1572.97000000,2.38100000,1739.92000000,2.38000000,2771.19000000,2.37900000,340.72000000,2.37800000,1324.10000000,2.37700000,952.18000000,2.37600000,988.61000000,2.38600000,437.20000000,2.38700000,298.85000000,2.38800000,438.88000000,2.38900000,1931.38000000,2.39000000,1765.71000000,2.39100000,2588.94000000,2.39200000,1131.51000000,2.39300000,1574.95000000,2.39400000,784.25000000,2.39500000,134.06000000,,,,,,,,,,,,,,,,,,,,,,,,,,,,,,,,,,,,,,,,,0.00005,
0,7,384,2.38700000,2.381,-0.2514,1774137124000,2.38400000,45.00000000,2.38300000,369.15000000,2.38200000,464.11000000,2.38100000,1696.23000000,2.38000000,3696.14000000,2.37900000,522.75000000,2.37800000,1569.20000000,2.37700000,526.27000000,2.37600000,1850.83000000,2.37500000,1098.57000000,2.38600000,1457.17000000,2.38700000,273.01000000,2.38800000,953.70000000,2.38900000,1849.00000000,2.39000000,2020.96000000,2.39100000,2395.31000000,2.39200000,1015.55000000,2.39300000,1104.04000000,2.39400000,313.34000000,2.39500000,134.06000000,,,,,,,,,,,,,,,,,,,,,,,,,,,,,,,,,,,,,,,,,0.00005,
0,7,384,2.38600000,2.378,-0.3353,1774137125000,2.38000000,1440.98000000,2.37900000,295.72000000,2.37800000,332.29000000,2.37700000,1338.96000000,2.37600000,706.68000000,2.37500000,1087.73000000,2.37400000,1382.24000000,2.37300000,1072.92000000,2.37200000,123.43000000,2.37100000,568.22000000,2.38100000,131.97000000,2.38200000,326.18000000,2.38300000,445.28000000,2.38400000,646.35000000,2.38500000,1631.07000000,2.38600000,1750.49000000,2.38700000,2291.93000000,2.38800000,964.62000000,2.38900000,1165.74000000,2.39000000,1137.09000000,,,,,,,,,,,,,,,,,,,,,,,,,,,,,,,,,,,,,,,,,0.00005,
0,7,384,2.38500000,2.379,-0.2516,1774137126000,2.38200000,134.00000000,2.38100000,317.52000000,2.38000000,704.91000000,2.37900000,1017.94000000,2.37800000,712.49000000,2.37700000,955.06000000,2.37600000,1218.30000000,2.37500000,1694.03000000,2.37400000,779.49000000,2.37300000,1120.32000000,2.38400000,114.61000000,2.38500000,286.75000000,2.38600000,638.02000000,2.38700000,1446.76000000,2.38800000,1738.04000000,2.38900000,963.37000000,2.39000000,974.16000000,2.39100000,818.35000000,2.39200000,55.47000000,2.39300000,55.47000000,,,,,,,,,,,,,,,,,,,,,,,,,,,,,,,,,,,,,,,,,0.00005,
0,7,384,2.38500000,2.377,-0.3354,1774137127000,2.38200000,317.40000000,2.38100000,1100.93000000,2.38000000,1140.34000000,2.37900000,471.22000000,2.37800000,1340.38000000,2.37700000,1263.97000000,2.37600000,1218.30000000,2.37500000,1260.36000000,2.37400000,779.49000000,2.37300000,671.96000000,2.38400000,247.91000000,2.38500000,310.40000000,2.38600000,779.39000000,2.38700000,861.61000000,2.38800000,1437.99000000,2.38900000,1539.57000000,2.39000000,1550.56000000,2.39100000,1281.27000000,2.39200000,1083.61000000,2.39300000,55.47000000,,,,,,,,,,,,,,,,,,,,,,,,,,,,,,,,,,,,,,,,,,
0,7,384,2.38400000,2.378,-0.2517,1774137128000,2.37900000,427.14000000,2.37800000,324.25000000,2.37700000,867.27000000,2.37600000,481.69000000,2.37500000,1045.07000000,2.37400000,403.31000000,2.37300000,1736.98000000,2.37200000,1630.49000000,2.37100000,403.85000000,2.37000000,917.71000000,2.38100000,10.52000000,2.38200000,382.98000000,2.38300000,1187.65000000,2.38400000,1527.46000000,2.38500000,512.26000000,2.38600000,2575.38000000,2.38700000,1868.18000000,2.38800000,505.78000000,2.38900000,631.69000000,2.39000000,69.59000000,,,,,,,,,,,,,,,,,,,,,,,,,,,,,,,,,,,,,,,,,0.00005,
0,7,384,2.38400000,2.375,-0.3775,1774137129000,2.37800000,49.21000000,2.37700000,681.71000000,2.37600000,691.14000000,2.37500000,1222.55000000,2.37400000,842.85000000,2.37300000,1182.70000000,2.37200000,1057.90000000,2.37100000,403.85000000,2.37000000,928.59000000,2.36900000,650.88000000,2.38000000,45.00000000,2.38100000,455.70000000,2.38200000,893.34000000,2.38300000,1710.07000000,2.38400000,804.42000000,2.38500000,2500.22000000,2.38600000,1665.82000000,2.38700000,1854.50000000,2.38800000,950.53000000,2.38900000,631.69000000,,,,,,,,,,,,,,,,,,,,,,,,,,,,,,,,,,,,,,,,,0.00005,
0,7,384,2.38500000,2.371,-0.587,1774137130000,2.37300000,3.85000000,2.37200000,1147.98000000,2.37100000,840.12000000,2.37000000,549.65000000,2.36900000,988.52000000,2.36800000,536.63000000,2.36700000,21.50000000,2.36600000,781.73000000,2.36500000,106.09000000,2.36400000,10.21000000,2.37700000,127.40000000,2.37800000,55.53000000,2.37900000,184.53000000,2.38000000,613.26000000,2.38100000,1932.07000000,2.38200000,748.87000000,2.38300000,3210.46000000,2.38400000,1079.34000000,2.38500000,2219.30000000,2.38600000,550.11000000,,,,,,,,,,,,,,,,,,,,,,,,,,,,,,,,,,,,,,,,,,
0,7,384,2.38600000,2.373,-0.5448,1774137131000,2.37600000,4.77000000,2.37500000,285.36000000,2.37400000,961.24000000,2.37300000,1200.46000000,2.37200000,1231.13000000,2.37100000,1821.27000000,2.37000000,436.79000000,2.36900000,972.96000000,2.36800000,1107.38000000,2.36700000,10.41000000,2.37700000,102.45000000,2.37800000,157.01000000,2.37900000,187.13000000,2.38000000,843.60000000,2.38100000,1466.50000000,2.38200000,715.75000000,2.38300000,3478.40000000,2.38400000,1500.83000000,2.38500000,2034.42000000,2.38600000,1105.47000000,,,,,,,,,,,,,,,,,,,,,,,,,,,,,,,,,,,,,,,,,0.00005,
0,7,384,2.38500000,2.371,-0.587,1774137132000,2.37100000,1399.30000000,2.37000000,717.34000000,2.36900000,918.84000000,2.36800000,958.16000000,2.36700000,531.88000000,2.36600000,843.04000000,2.36500000,1176.56000000,2.36400000,634.59000000,2.36300000,323.14000000,2.36200000,60.12000000,2.37500000,214.85000000,2.37600000,355.13000000,2.37700000,65.95000000,2.37800000,1102.57000000,2.37900000,1438.49000000,2.38000000,1453.81000000,2.38100000,2527.06000000,2.38200000,323.68000000,2.38300000,1956.12000000,2.38400000,368.45000000,,,,,,,,,,,,,,,,,,,,,,,,,,,,,,,,,,,,,,,,,0.00005,
0,7,384,2.38600000,2.372,-0.5868,1774137133000,2.37500000,12.77000000,2.37400000,271.51000000,2.37300000,1494.82000000,2.37200000,1585.15000000,2.37100000,547.33000000,2.37000000,1478.56000000,2.36900000,948.72000000,2.36800000,856.09000000,2.36700000,442.88000000,2.36600000,308.06000000,2.37800000,1007.69000000,2.37900000,65.95000000,2.38000000,185.30000000,2.38100000,773.60000000,2.38200000,461.56000000,2.38300000,1104.86000000,2.38400000,1431.38000000,2.38500000,1595.49000000,2.38600000,97.68000000,2.38700000,65.80000000,,,,,,,,,,,,,,,,,,,,,,,,,,,,,,,,,,,,,,,,,0.00005,
0,7,384,2.38600000,2.365,-0.8801,1774137134000,2.36300000,8.34000000,2.36200000,358.18000000,2.36100000,653.55000000,2.36000000,1294.42000000,2.35900000,544.80000000,2.35800000,969.95000000,2.35700000,572.27000000,2.35600000,591.36000000,2.35500000,1471.70000000,2.35400000,1517.40000000,2.36400000,51.40000000,2.36500000,78.56000000,2.36600000,246.20000000,2.36700000,297.60000000,2.36800000,966.61000000,2.36900000,1373.31000000,2.37000000,1395.19000000,2.37100000,2675.18000000,2.37200000,707.04000000,2.37300000,1560.09000000,,,,,,,,,,,,,,,,,,,,,,,,,,,,,,,,,,,,,,,,,0.00005,
0,7,384,2.38600000,2.357,-1.2154,1774137135000,2.35600000,405.39000000,2.35500000,119.89000000,2.35400000,316.30000000,2.35300000,540.60000000,2.35200000,335.26000000,2.35100000,364.93000000,2.35000000,1055.36000000,2.34900000,440.54000000,2.34800000,866.09000000,2.34700000,874.66000000,2.36000000,104.83000000,2.36100000,910.34000000,2.36200000,891.65000000,2.36300000,999.37000000,2.36400000,3011.68000000,2.36500000,1225.17000000,2.36600000,1514.79000000,2.36700000,956.32000000,2.36800000,148.73000000,2.36900000,160.80000000,,,,,,,,,,,,,,,,,,,,,,,,,,,,,,,,,,,,,,,,,0.00005,
0,7,384,2.38500000,2.356,-1.2159,1774137136000,2.35900000,253.00000000,2.35800000,258.71000000,2.35700000,155.69000000,2.35600000,256.64000000,2.35500000,2265.96000000,2.35400000,316.30000000,2.35300000,1180.70000000,2.35200000,582.90000000,2.35100000,394.15000000,2.35000000,890.24000000,2.36000000,10.61000000,2.36100000,200.45000000,2.36200000,199.00000000,2.36300000,998.65000000,2.36400000,2735.04000000,2.36500000,1498.75000000,2.36600000,1784.93000000,2.36700000,1128.14000000,2.36800000,577.61000000,2.36900000,539.19000000,,,,,,,,,,,,,,,,,,,,,,,,,,,,,,,,,,,,,,,,,0.00005,
0,7,384,2.38500000,2.352,-1.3836,1774137137000,2.36500000,450.80000000,2.36400000,1883.07000000,2.36300000,790.33000000,2.36200000,1182.85000000,2.36100000,309.71000000,2.36000000,1089.85000000,2.35900000,658.54000000,2.35800000,474.31000000,2.35700000,843.16000000,2.35600000,504.62000000,2.36600000,84.31000000,2.36700000,55.60000000,2.36800000,148.73000000,2.36900000,113.66000000,2.37000000,1666.63000000,2.37100000,638.85000000,2.37200000,1190.06000000,2.37300000,1266.20000000,2.37400000,2029.97000000,2.37500000,1102.53000000,,,,,,,,,,,,,,,,,,,,,,,,,,,,,,,,,,,,,,,,,0.00005,
0,7,384,2.38500000,2.357,-1.174,1774137138000,2.37200000,314.61000000,2.37100000,441.28000000,2.37000000,1411.49000000,2.36900000,368.31000000,2.36800000,763.47000000,2.36700000,550.70000000,2.36600000,978.06000000,2.36500000,150.95000000,2.36400000,484.63000000,2.36300000,777.63000000,2.37300000,45.00000000,2.37400000,493.50000000,2.37500000,608.02000000,2.37600000,150.76000000,2.37700000,313.11000000,2.37800000,1316.49000000,2.37900000,1662.28000000,2.38000000,716.64000000,2.38100000,210.23000000,2.38200000,648.60000000,,,,,,,,,,,,,,,,,,,,,,,,,,,,,,,,,,,,,,,,,0.00005,
0,7,384,2.38600000,2.363,-0.964,1774137139000,2.37000000,45.02000000,2.36900000,640.37000000,2.36800000,910.77000000,2.36700000,1029.40000000,2.36600000,960.55000000,2.36500000,158.95000000,2.36400000,1066.62000000,2.36300000,935.84000000,2.36200000,112.93000000,2.36100000,1498.69000000,2.37100000,200.97000000,2.37200000,156.16000000,2.37300000,178.92000000,2.37400000,360.31000000,2.37500000,240.21000000,2.37600000,157.44000000,2.37700000,1286.98000000,2.37800000,635.64000000,2.37900000,1273.57000000,2.38000000,1121.46000000,,,,,,,,,,,,,,,,,,,,,,,,,,,,,,,,,,,,,,,,,0.00005,
0,7,384,2.38400000,2.363,-0.8809,1774137140000,2.37100000,208.44000000,2.37000000,293.24000000,2.36900000,1179.74000000,2.36800000,684.48000000,2.36700000,1202.41000000,2.36600000,724.25000000,2.36500000,841.62000000,2.36400000,828.61000000,2.36300000,321.21000000,2.36200000,112.93000000,2.37200000,4.22000000,2.37300000,10.56000000,2.37400000,380.55000000,2.37500000,481.61000000,2.37600000,730.16000000,2.37700000,498.21000000,2.37800000,1184.49000000,2.37900000,1250.78000000,2.38000000,1128.24000000,2.38100000,1633.65000000,,,,,,,,,,,,,,,,,,,,,,,,,,,,,,,,,,,,,,,,,,
0,7,384,2.38400000,2.363,-0.8809,1774137141000,2.37400000,146.98000000,2.37300000,158.51000000,2.37200000,820.50000000,2.37100000,1178.53000000,2.37000000,1036.12000000,2.36900000,742.09000000,2.36800000,684.48000000,2.36700000,1207.46000000,2.36600000,321.21000000,2.36500000,558.03000000,2.37500000,86.87000000,2.37600000,157.44000000,2.37700000,580.42000000,2.37800000,403.69000000,2.37900000,1919.49000000,2.38000000,641.19000000,2.38100000,2259.63000000,2.38200000,973.00000000,2.38300000,1650.93000000,2.38400000,805.72000000,,,,,,,,,,,,,,,,,,,,,,,,,,,,,,,,,,,,,,,,,0.00005,
0,7,384,2.38300000,2.364,-0.7973,1774137142000,2.37200000,370.31000000,2.37100000,1330.38000000,2.37000000,1174.09000000,2.36900000,1557.93000000,2.36800000,628.32000000,2.36700000,1456.99000000,2.36600000,473.00000000,2.36500000,702.08000000,2.36400000,282.21000000,2.36300000,321.21000000,2.37300000,96.26000000,2.37400000,255.14000000,2.37500000,279.44000000,2.37600000,407.35000000,2.37700000,274.84000000,2.37800000,450.44000000,2.37900000,1148.02000000,2.38000000,720.22000000,2.38100000,2289.26000000,2.38200000,636.54000000,,,,,,,,,,,,,,,,,,,,,,,,,,,,,,,,,,,,,,,,,0.00005,
0,7,384,2.38100000,2.367,-0.588,1774137143000,2.36900000,702.50000000,2.36800000,743.81000000,2.36700000,1160.70000000,2.36600000,804.34000000,2.36500000,1358.06000000,2.36400000,717.66000000,2.36300000,496.70000000,2.36200000,1409.04000000,2.36100000,1129.06000000,2.36000000,321.23000000,2.37100000,171.84000000,2.37200000,351.67000000,2.37300000,482.93000000,2.37400000,495.51000000,2.37500000,1224.61000000,2.37600000,717.64000000,2.37700000,2467.77000000,2.37800000,645.70000000,2.37900000,1916.45000000,2.38000000,110.29000000,,,,,,,,,,,,,,,,,,,,,,,,,,,,,,,,,,,,,,,,,0.00005,
0,7,384,2.36400000,2.353,-0.4653,1774137148000,2.36600000,69.06000000,2.36500000,522.06000000,2.36400000,395.36000000,2.36300000,577.70000000,2.36200000,1350.02000000,2.36100000,586.36000000,2.36000000,1344.84000000,2.35900000,599.84000000,2.35800000,366.24000000,2.35700000,480.97000000,2.36700000,2.60000000,2.36800000,310.69000000,2.36900000,209.59000000,2.37000000,589.18000000,2.37100000,1727.16000000,2.37200000,1035.21000000,2.37300000,1636.92000000,2.37400000,1254.37000000,2.37500000,1023.40000000,2.37600000,159.54000000,,,,,,,,,,,,,,,,,,,,,,,,,,,,,,,,,,,,,,,,,0.00005,
0,7,384,2.36100000,2.362,0.0424,1774137149000,2.36200000,145.00000000,2.36100000,348.04000000,2.36000000,195.06000000,2.35900000,673.15000000,2.35800000,297.08000000,2.35700000,1036.72000000,2.35600000,581.82000000,2.35500000,1001.24000000,2.35400000,588.24000000,2.35300000,898.14000000,2.36300000,5.90000000,2.36400000,75.89000000,2.36500000,455.37000000,2.36600000,956.82000000,2.36700000,1085.52000000,2.36800000,1887.68000000,2.36900000,2804.84000000,2.37000000,157.25000000,2.37100000,1849.59000000,2.37200000,650.87000000,,,,,,,,,,,,,,,,,,,,,,,,,,,,,,,,,,,,,,,,,0.00005,
0,7,384,2.36500000,2.352,-0.5497,1774137150000,2.36000000,270.57000000,2.35900000,349.78000000,2.35800000,796.04000000,2.35700000,605.62000000,2.35600000,295.55000000,2.35500000,671.50000000,2.35400000,607.41000000,2.35300000,1396.77000000,2.35200000,818.00000000,2.35100000,536.87000000,2.36300000,153.39000000,2.36400000,237.89000000,2.36500000,674.09000000,2.36600000,784.16000000,2.36700000,3018.29000000,2.36800000,183.68000000,2.36900000,1087.96000000,2.37000000,171.70000000,2.37100000,747.61000000,2.37200000,93.49000000,,,,,,,,,,,,,,,,,,,,,,,,,,,,,,,,,,,,,,,,,0.00005,
0,7,384,2.36400000,2.343,-0.8883,1774137151000,2.36200000,469.68000000,2.36100000,589.39000000,2.36000000,203.66000000,2.35900000,690.21000000,2.35800000,295.89000000,2.35700000,586.39000000,2.35600000,568.03000000,2.35500000,1519.07000000,2.35400000,484.73000000,2.35300000,466.23000000,2.36500000,320.88000000,2.36600000,242.30000000,2.36700000,1209.37000000,2.36800000,581.00000000,2.36900000,1667.02000000,2.37000000,1176.97000000,2.37100000,759.62000000,2.37200000,1611.56000000,2.37300000,55.56000000,2.37400000,55.56000000,,,,,,,,,,,,,,,,,,,,,,,,,,,,,,,,,,,,,,,,,0.00005,
0,7,384,2.35700000,2.338,-0.8061,1774137152000,2.34800000,12.83000000,2.34700000,780.07000000,2.34600000,190.14000000,2.34500000,175.58000000,2.34400000,610.80000000,2.34300000,1346.76000000,2.34200000,166.75000000,2.34100000,2277.17000000,2.34000000,215.46000000,2.33900000,366.16000000,2.35000000,24.06000000,2.35100000,289.60000000,2.35200000,224.00000000,2.35300000,534.71000000,2.35400000,326.03000000,2.35500000,665.91000000,2.35600000,1257.00000000,2.35700000,1201.96000000,2.35800000,199.32000000,2.35900000,1573.48000000,,,,,,,,,,,,,,,,,,,,,,,,,,,,,,,,,,,,,,,,,0.00005,
0,7,384,2.35600000,2.342,-0.5942,1774137153000,2.33800000,66.13000000,2.33700000,611.93000000,2.33600000,598.07000000,2.33500000,586.84000000,2.33400000,578.83000000,2.33300000,430.72000000,2.33200000,626.50000000,2.33100000,743.72000000,2.33000000,2081.92000000,2.32900000,523.43000000,2.33900000,91.43000000,2.34000000,113.02000000,2.34200000,328.44000000,2.34300000,184.38000000,2.34400000,184.38000000,2.34500000,175.10000000,2.34600000,1675.86000000,2.34700000,165.81000000,2.34800000,662.51000000,2.34900000,546.02000000,,,,,,,,,,,,,,,,,,,,,,,,,,,,,,,,,,,,,,,,,0.00005,
0,7,384,2.34800000,2.353,0.2129,1774137154000,2.34600000,24.06000000,2.34500000,304.89000000,2.34400000,504.58000000,2.34300000,169.84000000,2.34200000,277.83000000,2.34100000,425.55000000,2.34000000,207.74000000,2.33900000,260.70000000,2.33800000,285.22000000,2.33700000,390.73000000,2.34700000,45.00000000,2.34800000,581.88000000,2.34900000,1206.83000000,2.35000000,236.92000000,2.35100000,1141.04000000,2.35200000,141.31000000,2.35300000,763.93000000,2.35400000,55.65000000,2.35500000,55.65000000,2.35600000,107.02000000,,,,,,,,,,,,,,,,,,,,,,,,,,,,,,,,,,,,,,,,,0.00005,
0,7,384,2.34400000,2.353,0.384,1774137155000,2.35200000,28.32000000,2.35100000,55.64000000,2.35000000,278.16000000,2.34900000,631.45000000,2.34800000,391.20000000,2.34700000,1262.24000000,2.34600000,158.16000000,2.34500000,872.81000000,2.34400000,199.44000000,2.34300000,918.61000000,2.35300000,165.92000000,2.35400000,192.21000000,2.35500000,192.35000000,2.35600000,192.34000000,2.35700000,241.62000000,2.35800000,188.53000000,2.35900000,152.70000000,2.36000000,581.72000000,2.36100000,762.12000000,2.36200000,463.71000000,,,,,,,,,,,,,,,,,,,,,,,,,,,,,,,,,,,,,,,,,0.00005,
0,7,384,2.34000000,2.362,0.9402,1774137156000,2.35700000,45.00000000,2.35600000,204.38000000,2.35500000,293.47000000,2.35400000,633.61000000,2.35300000,381.56000000,2.35200000,841.38000000,2.35100000,428.70000000,2.35000000,509.93000000,2.34900000,1214.03000000,2.34800000,158.15000000,2.35900000,4.24000000,2.36000000,49.24000000,2.36100000,49.24000000,2.36200000,110.93000000,2.36300000,55.60000000,2.36400000,646.40000000,2.36500000,854.17000000,2.36600000,55.61000000,2.36700000,1253.49000000,2.36800000,1045.92000000,,,,,,,,,,,,,,,,,,,,,,,,,,,,,,,,,,,,,,,,,0.00005,
0,7,384,2.33900000,2.364,1.0688,1774137156500,2.35700000,45.00000000,2.35600000,45.00000000,2.35500000,293.47000000,2.35400000,632.95000000,2.35300000,381.56000000,2.35200000,941.38000000,2.35100000,428.70000000,2.35000000,509.93000000,2.34900000,814.73000000,2.34800000,158.15000000,2.35900000,4.24000000,2.36000000,4.24000000,2.36100000,4.24000000,2.36200000,110.93000000,2.36300000,55.60000000,2.36400000,646.40000000,2.36500000,454.88000000,2.36600000,645.48000000,2.36700000,854.19000000,2.36800000,1438.76000000,,,,,,,,,,,,,,,,,,,,,,,,,,,,,,,,,,,,,,,,,0.00005,
0,7,384,2.33900000,2.364,1.0688,1774137156800,2.36100000,45.00000000,2.36000000,590.48000000,2.35900000,216.44000000,2.35800000,240.44000000,2.35700000,448.45000000,2.35600000,448.52000000,2.35500000,328.68000000,2.35400000,795.96000000,2.35300000,336.56000000,2.35200000,503.47000000,2.36400000,10.60000000,2.36500000,10.59000000,2.36600000,110.94000000,2.36700000,55.60000000,2.36800000,55.59000000,2.36900000,117.93000000,2.37000000,449.09000000,2.37100000,1385.17000000,2.37200000,93.50000000,2.37300000,1431.16000000,,,,,,,,,,,,,,,,,,,,,,,,,,,,,,,,,,,,,,,,,0.00005,
0,7,384,2.34100000,2.365,1.0252,1774137157100,2.36700000,45.00000000,2.36600000,202.25000000,2.36500000,293.42000000,2.36400000,546.96000000,2.36300000,163.43000000,2.36200000,938.97000000,2.36100000,321.24000000,2.36000000,410.48000000,2.35900000,713.70000000,2.35800000,110.61000000,2.37000000,350.59000000,2.37100000,607.62000000,2.37200000,681.22000000,2.37300000,55.57000000,2.37400000,447.38000000,2.37500000,1087.77000000,2.37600000,1036.01000000,2.37700000,447.37000000,2.37800000,851.85000000,2.37900000,1034.68000000,,,,,,,,,,,,,,,,,,,,,,,,,,,,,,,,,,,,,,,,,0.00005,
0,7,384,2.34400000,2.366,0.9386,1774137157401,2.36900000,45.00000000,2.36800000,198.00000000,2.36700000,206.36000000,2.36600000,140.42000000,2.36500000,55.59000000,2.36400000,546.96000000,2.36300000,429.06000000,2.36200000,893.97000000,2.36100000,321.24000000,2.36000000,410.48000000,2.37100000,249.42000000,2.37200000,103.83000000,2.37300000,55.57000000,2.37400000,1034.66000000,2.37500000,446.93000000,2.37600000,1427.06000000,2.37700000,1034.60000000,2.37800000,460.48000000,2.37900000,838.04000000,2.38000000,1072.58000000,,,,,,,,,,,,,,,,,,,,,,,,,,,,,,,,,,,,,,,,,0.00005,
0,7,384,2.34600000,2.366,0.8525,1774137157702,2.37000000,157.23000000,2.36900000,208.57000000,2.36800000,55.57000000,2.36700000,523.26000000,2.36600000,440.82000000,2.36500000,332.67000000,2.36400000,501.96000000,2.36300000,766.64000000,2.36200000,502.42000000,2.36100000,321.24000000,2.37300000,52.39000000,2.37400000,65.90000000,2.37500000,55.56000000,2.37600000,55.56000000,2.37700000,55.56000000,2.37800000,1214.16000000,2.37900000,55.54000000,2.38000000,99.10000000,2.38100000,106.94000000,2.38200000,66.60000000,,,,,,,,,,,,,,,,,,,,,,,,,,,,,,,,,,,,,,,,,0.00005,
0,7,384,2.34700000,2.364,0.7243,1774137158003,2.37100000,69.06000000,2.37000000,49.23000000,2.36900000,247.97000000,2.36800000,55.57000000,2.36700000,438.86000000,2.36600000,440.82000000,2.36500000,373.60000000,2.36400000,501.96000000,2.36300000,429.06000000,2.36200000,887.70000000,2.37200000,23.03000000,2.37300000,425.26000000,2.37400000,110.90000000,2.37500000,440.78000000,2.37600000,55.56000000,2.37700000,55.56000000,2.37800000,1214.08000000,2.37900000,440.82000000,2.38000000,484.32000000,2.38100000,106.94000000,,,,,,,,,,,,,,,,,,,,,,,,,,,,,,,,,,,,,,,,,0.00005,
0,7,384,2.34800000,2.363,0.6388,1774137158304,2.36800000,7.91000000,2.36700000,53.36000000,2.36600000,65.64000000,2.36500000,373.60000000,2.36400000,887.50000000,2.36300000,429.06000000,2.36200000,887.70000000,2.36100000,321.24000000,2.36000000,403.09000000,2.35900000,659.13000000,2.37000000,13.20000000,2.37100000,192.00000000,2.37200000,263.38000000,2.37300000,110.90000000,2.37400000,110.90000000,2.37500000,440.78000000,2.37600000,55.56000000,2.37700000,55.56000000,2.37800000,443.36000000,2.37900000,55.54000000,,,,,,,,,,,,,,,,,,,,,,,,,,,,,,,,,,,,,,,,,0.00005,
0,7,384,2.35000000,2.36,0.4255,1774137158605,2.36800000,178.63000000,2.36700000,53.36000000,2.36600000,144.04000000,2.36500000,373.60000000,2.36400000,887.50000000,2.36300000,429.06000000,2.36200000,502.42000000,2.36100000,321.24000000,2.36000000,403.09000000,2.35900000,659.13000000,2.37000000,66.10000000,2.37100000,10.57000000,2.37200000,263.38000000,2.37300000,110.90000000,2.37400000,55.57000000,2.37500000,440.78000000,2.37600000,1229.96000000,2.37700000,55.56000000,2.37800000,443.36000000,2.37900000,55.54000000,,,,,,,,,,,,,,,,,,,,,,,,,,,,,,,,,,,,,,,,,0.00005,
0,7,384,2.35000000,2.36,0.4255,1774137158905,2.36800000,178.63000000,2.36700000,53.36000000,2.36600000,139.99000000,2.36500000,473.60000000,2.36400000,887.50000000,2.36300000,429.06000000,2.36200000,502.42000000,2.36100000,321.24000000,2.36000000,403.09000000,2.35900000,659.13000000,2.37000000,18.33000000,2.37100000,10.57000000,2.37200000,263.38000000,2.37300000,110.90000000,2.37400000,642.72000000,2.37500000,440.78000000,2.37600000,642.81000000,2.37700000,642.74000000,2.37800000,443.36000000,2.37900000,55.54000000,,,,,,,,,,,,,,,,,,,,,,,,,,,,,,,,,,,,,,,,,0.00005,
0,7,384,2.35200000,2.361,0.3827,1774137159206,2.36800000,162.37000000,2.36700000,432.85000000,2.36600000,144.05000000,2.36500000,473.60000000,2.36400000,501.96000000,2.36300000,421.24000000,2.36200000,1261.44000000,2.36100000,321.24000000,2.36000000,403.09000000,2.35900000,659.13000000,2.37100000,153.00000000,2.37200000,65.94000000,2.37300000,55.57000000,2.37400000,110.38000000,2.37500000,435.05000000,2.37600000,814.54000000,2.37700000,1048.41000000,2.37800000,1669.73000000,2.37900000,55.54000000,2.38000000,484.32000000,,,,,,,,,,,,,,,,,,,,,,,,,,,,,,,,,,,,,,,,,0.00005,
0,7,384,2.35400000,2.362,0.3398,1774137159506,2.36800000,15.71000000,2.36700000,53.36000000,2.36600000,434.98000000,2.36500000,473.60000000,2.36400000,501.96000000,2.36300000,421.24000000,2.36200000,1261.24000000,2.36100000,321.24000000,2.36000000,403.09000000,2.35900000,368.41000000,2.37100000,198.00000000,2.37200000,151.04000000,2.37300000,10.57000000,2.37400000,65.38000000,2.37500000,55.56000000,2.37600000,434.89000000,2.37700000,55.56000000,2.37800000,1430.03000000,2.37900000,435.09000000,2.38000000,484.32000000,,,,,,,,,,,,,,,,,,,,,,,,,,,,,,,,,,,,,,,,,0.00005,
0,7,384,2.35400000,2.363,0.3823,1774137159807,2.36900000,153.00000000,2.36800000,393.17000000,2.36700000,258.74000000,2.36600000,434.98000000,2.36500000,473.60000000,2.36400000,501.96000000,2.36300000,421.24000000,2.36200000,1219.68000000,2.36100000,321.24000000,2.36000000,403.09000000,2.37200000,10.57000000,2.37300000,10.57000000,2.37400000,110.38000000,2.37500000,55.56000000,2.37600000,432.92000000,2.37700000,55.56000000,2.37800000,1429.90000000,2.37900000,435.09000000,2.38000000,484.32000000,2.38100000,106.94000000,,,,,,,,,,,,,,,,,,,,,,,,,,,,,,,,,,,,,,,,,0.00005,
0,7,384,2.35300000,2.363,0.425,1774137160108,2.36900000,153.00000000,2.36800000,770.53000000,2.36700000,254.70000000,2.36600000,434.98000000,2.36500000,473.60000000,2.36400000,879.32000000,2.36300000,421.24000000,2.36200000,881.91000000,2.36100000,659.01000000,2.36000000,403.09000000,2.37200000,16.37000000,2.37300000,160.97000000,2.37400000,110.38000000,2.37500000,55.56000000,2.37600000,432.92000000,2.37700000,55.56000000,2.37800000,1429.90000000,2.37900000,1307.95000000,2.38000000,484.32000000,2.38100000,106.94000000,,,,,,,,,,,,,,,,,,,,,,,,,,,,,,,,,,,,,,,,,0.00005,
0,7,384,2.34800000,2.362,0.5963,1774137160408,2.37100000,377.38000000,2.37000000,163.57000000,2.36900000,103.10000000,2.36800000,393.17000000,2.36700000,463.99000000,2.36600000,812.36000000,2.36500000,473.60000000,2.36400000,839.43000000,2.36300000,421.24000000,2.36200000,881.91000000,2.37400000,10.57000000,2.37500000,10.56000000,2.37600000,65.37000000,2.37700000,55.56000000,2.37800000,57.86000000,2.37900000,1307.67000000,2.38000000,484.32000000,2.38100000,484.32000000,2.38200000,66.60000000,2.38300000,655.27000000,,,,,,,,,,,,,,,,,,,,,,,,,,,,,,,,,,,,,,,,,0.00005,
0,7,384,2.35500000,2.36,0.2123,1774137160709,2.37000000,157.23000000,2.36900000,27.50000000,2.36800000,393.17000000,2.36700000,548.39000000,2.36600000,812.36000000,2.36500000,473.60000000,2.36400000,501.96000000,2.36300000,421.24000000,2.36200000,1219.52000000,2.36100000,959.33000000,2.37300000,153.00000000,2.37400000,85.98000000,2.37500000,55.56000000,2.37600000,487.53000000,2.37700000,668.12000000,2.37800000,812.26000000,2.37900000,1660.23000000,2.38000000,484.32000000,2.38100000,484.32000000,2.38200000,66.60000000,,,,,,,,,,,,,,,,,,,,,,,,,,,,,,,,,,,,,,,,,0.00005,
0,7,384,2.35500000,2.359,0.1699,1774137161010,2.37000000,534.39000000,2.36900000,27.50000000,2.36800000,393.17000000,2.36700000,548.39000000,2.36600000,812.36000000,2.36500000,473.60000000,2.36400000,879.12000000,2.36300000,421.24000000,2.36200000,840.03000000,2.36100000,959.33000000,2.37300000,153.00000000,2.37400000,298.19000000,2.37500000,55.56000000,2.37600000,487.33000000,2.37700000,668.12000000,2.37800000,812.26000000,2.37900000,1047.67000000,2.38000000,484.32000000,2.38100000,484.32000000,2.38200000,66.60000000,,,,,,,,,,,,,,,,,,,,,,,,,,,,,,,,,,,,,,,,,0.00005,
0,7,384,2.35900000,2.359,0.0,1774137161310,2.37100000,153.00000000,2.37000000,381.39000000,2.36900000,27.50000000,2.36800000,393.17000000,2.36700000,548.39000000,2.36600000,1189.32000000,2.36500000,473.60000000,2.36400000,879.12000000,2.36300000,421.24000000,2.36200000,840.03000000,2.37400000,298.19000000,2.37500000,55.56000000,2.37600000,487.33000000,2.37700000,668.12000000,2.37800000,812.26000000,2.37900000,1047.67000000,2.38000000,484.32000000,2.38100000,484.32000000,2.38200000,66.60000000,2.38300000,655.27000000,,,,,,,,,,,,,,,,,,,,,,,,,,,,,,,,,,,,,,,,,0.00005,
0,7,384,2.35900000,2.356,-0.1272,1774137161611,2.37000000,387.73000000,2.36900000,27.50000000,2.36800000,393.17000000,2.36700000,548.32000000,2.36600000,432.55000000,2.36500000,473.60000000,2.36400000,846.55000000,2.36300000,421.24000000,2.36200000,840.03000000,2.36100000,1336.07000000,2.37300000,153.00000000,2.37400000,61.67000000,2.37500000,55.56000000,2.37600000,110.37000000,2.37700000,55.56000000,2.37800000,670.19000000,2.37900000,435.09000000,2.38000000,1096.88000000,2.38100000,861.06000000,2.38200000,66.60000000,,,,,,,,,,,,,,,,,,,,,,,,,,,,,,,,,,,,,,,,,0.00005,
0,7,384,2.35900000,2.361,0.0848,1774137161912,2.37000000,0.02000000,2.36900000,27.50000000,2.36800000,15.71000000,2.36700000,807.83000000,2.36600000,414.98000000,2.36500000,473.60000000,2.36400000,487.31000000,2.36300000,421.24000000,2.36200000,840.03000000,2.36100000,958.83000000,2.37100000,153.00000000,2.37200000,55.56000000,2.37300000,58.46000000,2.37400000,322.62000000,2.37500000,414.90000000,2.37600000,808.13000000,2.37700000,774.46000000,2.37800000,670.19000000,2.37900000,794.43000000,2.38000000,1096.88000000,,,,,,,,,,,,,,,,,,,,,,,,,,,,,,,,,,,,,,,,,0.00005,
0,7,384,2.35900000,2.358,-0.0424,1774137162212,2.37000000,0.02000000,2.36900000,27.50000000,2.36800000,15.71000000,2.36700000,137.69000000,2.36600000,414.13000000,2.36500000,373.60000000,2.36400000,469.13000000,2.36300000,421.24000000,2.36200000,502.42000000,2.36100000,1056.49000000,2.37100000,478.91000000,2.37200000,55.56000000,2.37300000,416.97000000,2.37400000,935.43000000,2.37500000,773.44000000,2.37600000,808.13000000,2.37700000,1025.76000000,2.37800000,670.19000000,2.37900000,414.88000000,2.38000000,1096.88000000,,,,,,,,,,,,,,,,,,,,,,,,,,,,,,,,,,,,,,,,,0.00005,
0,7,384,2.35900000,2.36,0.0424,1774137162513,2.36500000,10.59000000,2.36400000,10.59000000,2.36300000,194.94000000,2.36200000,861.20000000,2.36100000,321.24000000,2.36000000,369.39000000,2.35900000,321.24000000,2.35800000,159.54000000,2.35700000,1376.75000000,2.35600000,68.89000000,2.36700000,198.00000000,2.36800000,55.56000000,2.36900000,55.56000000,2.37000000,110.37000000,2.37100000,469.15000000,2.37200000,740.64000000,2.37300000,414.07000000,2.37400000,880.62000000,2.37500000,1132.22000000,2.37600000,753.32000000,,,,,,,,,,,,,,,,,,,,,,,,,,,,,,,,,,,,,,,,,0.00005,
0,7,384,2.35900000,2.362,0.1272,1774137162813,2.36500000,4.25000000,2.36400000,16.57000000,2.36300000,197.27000000,2.36200000,861.20000000,2.36100000,321.24000000,2.36000000,369.39000000,2.35900000,680.40000000,2.35800000,159.54000000,2.35700000,1017.97000000,2.35600000,58.12000000,2.36700000,153.00000000,2.36800000,55.56000000,2.36900000,57.89000000,2.37000000,114.40000000,2.37100000,454.68000000,2.37200000,127.30000000,2.37300000,1117.19000000,2.37400000,880.62000000,2.37500000,773.68000000,2.37600000,753.32000000,,,,,,,,,,,,,,,,,,,,,,,,,,,,,,,,,,,,,,,,,0.00005,
0,7,384,2.36200000,2.362,0.0,1774137163114,2.36500000,4.25000000,2.36400000,354.78000000,2.36300000,197.27000000,2.36200000,502.42000000,2.36100000,321.24000000,2.36000000,369.39000000,2.35900000,680.40000000,2.35800000,159.54000000,2.35700000,1706.42000000,2.35600000,58.12000000,2.36800000,202.22000000,2.36900000,57.89000000,2.37000000,110.37000000,2.37100000,114.40000000,2.37200000,741.22000000,2.37300000,1117.19000000,2.37400000,880.62000000,2.37500000,773.68000000,2.37600000,753.32000000,2.37700000,426.15000000,,,,,,,,,,,,,,,,,,,,,,,,,,,,,,,,,,,,,,,,,0.00005,
0,7,384,2.36300000,2.363,0.0,1774137163415,2.36500000,4.25000000,2.36400000,354.78000000,2.36300000,507.90000000,2.36200000,502.42000000,2.36100000,321.24000000,2.36000000,369.39000000,2.35900000,680.40000000,2.35800000,159.54000000,2.35700000,1362.16000000,2.35600000,58.12000000,2.36800000,157.22000000,2.36900000,57.89000000,2.37000000,110.37000000,2.37100000,110.37000000,2.37200000,131.33000000,2.37300000,1372.60000000,2.37400000,267.81000000,2.37500000,773.68000000,2.37600000,753.32000000,2.37700000,426.15000000,,,,,,,,,,,,,,,,,,,,,,,,,,,,,,,,,,,,,,,,,0.00005,
0,7,384,2.36400000,2.364,0.0,1774137163716,2.36700000,153.00000000,2.36600000,10.57000000,2.36500000,341.01000000,2.36400000,354.78000000,2.36300000,507.90000000,2.36200000,826.47000000,2.36100000,321.24000000,2.36000000,369.39000000,2.35900000,680.40000000,2.35800000,159.54000000,2.36800000,4.22000000,2.36900000,12.89000000,2.37000000,10.56000000,2.37100000,55.56000000,2.37200000,131.33000000,2.37300000,55.56000000,2.37400000,850.01000000,2.37500000,1097.70000000,2.37600000,753.32000000,2.37700000,426.15000000,,,,,,,,,,,,,,,,,,,,,,,,,,,,,,,,,,,,,,,,,0.00005,
0,7,384,2.36600000,2.364,-0.0845,1774137164016,2.37000000,24.06000000,2.36900000,334.19000000,2.36800000,511.25000000,2.36700000,10.57000000,2.36600000,663.59000000,2.36500000,337.00000000,2.36400000,354.78000000,2.36300000,421.24000000,2.36200000,502.42000000,2.36100000,321.24000000,2.37200000,185.35000000,2.37300000,110.37000000,2.37400000,270.13000000,2.37500000,755.85000000,2.37600000,1077.34000000,2.37700000,379.58000000,2.37800000,637.07000000,2.37900000,738.50000000,2.38000000,99.10000000,2.38100000,117.99000000,,,,,,,,,,,,,,,,,,,,,,,,,,,,,,,,,,,,,,,,,0.00005,
0,7,384,2.36700000,2.364,-0.1267,1774137164316,2.36700000,8.24000000,2.36600000,17.95000000,2.36500000,16.53000000,2.36400000,354.78000000,2.36300000,744.12000000,2.36200000,502.42000000,2.36100000,321.24000000,2.36000000,369.39000000,2.35900000,680.40000000,2.35800000,206.66000000,2.36900000,198.00000000,2.37000000,55.57000000,2.37100000,110.39000000,2.37200000,47.65000000,2.37300000,433.31000000,2.37400000,850.51000000,2.37500000,755.85000000,2.37600000,1077.34000000,2.37700000,379.58000000,2.37800000,637.07000000,,,,,,,,,,,,,,,,,,,,,,,,,,,,,,,,,,,,,,,,,0.00005,
0,7,384,2.36800000,2.364,-0.1689,1774137164617,2.36600000,4.23000000,2.36500000,16.54000000,2.36400000,354.78000000,2.36300000,828.61000000,2.36200000,110.61000000,2.36100000,321.24000000,2.36000000,469.39000000,2.35900000,680.40000000,2.35800000,159.54000000,2.35700000,321.24000000,2.36900000,150.99000000,2.37000000,55.57000000,2.37100000,127.32000000,2.37200000,36.38000000,2.37300000,433.31000000,2.37400000,1160.65000000,2.37500000,1320.06000000,2.37600000,1077.34000000,2.37700000,379.58000000,2.37800000,637.07000000,,,,,,,,,,,,,,,,,,,,,,,,,,,,,,,,,,,,,,,,,0.00005,
0,7,384,2.37000000,2.364,-0.2532,1774137164918,2.36500000,8.10000000,2.36400000,16.54000000,2.36300000,425.37000000,2.36200000,320.78000000,2.36100000,321.24000000,2.36000000,469.39000000,2.35900000,680.40000000,2.35800000,159.54000000,2.35700000,321.24000000,2.35600000,10.63000000,2.36900000,150.99000000,2.37000000,72.50000000,2.37100000,420.56000000,2.37200000,597.93000000,2.37300000,743.42000000,2.37400000,1160.65000000,2.37500000,1320.06000000,2.37600000,464.74000000,2.37700000,390.41000000,2.37800000,637.07000000,,,,,,,,,,,,,,,,,,,,,,,,,,,,,,,,,,,,,,,,,0.00005,
0,7,384,2.37000000,2.364,-0.2532,1774137165219,2.36500000,1.92000000,2.36400000,10.59000000,2.36300000,104.82000000,2.36200000,320.78000000,2.36100000,327.19000000,2.36000000,469.39000000,2.35900000,630.88000000,2.35800000,159.54000000,2.35700000,321.24000000,2.35600000,10.63000000,2.36900000,216.89000000,2.37000000,72.50000000,2.37100000,420.56000000,2.37200000,597.93000000,2.37300000,743.42000000,2.37400000,1160.65000000,2.37500000,1320.06000000,2.37600000,464.74000000,2.37700000,390.41000000,2.37800000,637.07000000,,,,,,,,,,,,,,,,,,,,,,,,,,,,,,,,,,,,,,,,,0.00005,
0,7,384,2.37100000,2.364,-0.2952,1774137165519,2.36200000,4.25000000,2.36100000,326.24000000,2.36000000,116.80000000,2.35900000,715.37000000,2.35800000,320.29000000,2.35700000,321.24000000,2.35600000,320.31000000,2.35500000,630.95000000,2.35400000,10.64000000,2.35300000,368.76000000,2.36400000,49.25000000,2.36600000,4.23000000,2.36700000,10.59000000,2.36800000,27.52000000,2.36900000,729.75000000,2.37000000,621.29000000,2.37100000,1295.90000000,2.37200000,32.35000000,2.37300000,743.42000000,2.37400000,1160.65000000,,,,,,,,,,,,,,,,,,,,,,,,,,,,,,,,,,,,,,,,,0.00005,
0,7,384,2.37200000,2.364,-0.3373,1774137165819,2.36500000,253.00000000,2.36400000,461.87000000,2.36300000,95.23000000,2.36200000,95.24000000,2.36100000,320.29000000,2.36000000,120.34000000,2.35900000,630.88000000,2.35800000,320.29000000,2.35700000,321.24000000,2.35600000,420.31000000,2.36600000,10.59000000,2.36700000,55.59000000,2.36800000,14.62000000,2.36900000,110.39000000,2.37000000,72.50000000,2.37100000,675.45000000,2.37200000,1165.20000000,2.37300000,688.61000000,2.37400000,1160.65000000,2.37500000,1320.06000000,,,,,,,,,,,,,,,,,,,,,,,,,,,,,,,,,,,,,,,,,0.00005,
0,7,384,2.37300000,2.363,-0.4214,1774137166120,2.36400000,163.60000000,2.36300000,10.60000000,2.36200000,10.61000000,2.36100000,773.23000000,2.36000000,120.34000000,2.35900000,630.88000000,2.35800000,10.61000000,2.35700000,321.24000000,2.35600000,122.75000000,2.35500000,321.27000000,2.36500000,28.30000000,2.36600000,4.24000000,2.36700000,49.23000000,2.36800000,10.59000000,2.36900000,110.39000000,2.37000000,76.53000000,2.37100000,365.25000000,2.37200000,598.59000000,2.37300000,688.61000000,2.37400000,1160.65000000,,,,,,,,,,,,,,,,,,,,,,,,,,,,,,,,,,,,,,,,,0.00005,
0,7,384,2.37300000,2.363,-0.4214,1774137166420,2.36400000,157.24000000,2.36300000,10.60000000,2.36200000,95.24000000,2.36100000,320.29000000,2.36000000,120.34000000,2.35900000,630.88000000,2.35800000,463.83000000,2.35700000,774.46000000,2.35600000,122.75000000,2.35500000,321.27000000,2.36600000,4.24000000,2.36700000,49.23000000,2.36800000,10.59000000,2.36900000,110.39000000,2.37000000,76.53000000,2.37100000,818.47000000,2.37200000,598.59000000,2.37300000,688.61000000,2.37400000,1160.65000000,2.37500000,636.70000000,,,,,,,,,,,,,,,,,,,,,,,,,,,,,,,,,,,,,,,,,0.00005,
0,7,384,2.37300000,2.366,-0.295,1774137166720,2.36600000,253.00000000,2.36500000,716.60000000,2.36400000,10.58000000,2.36300000,548.35000000,2.36200000,10.61000000,2.36100000,630.92000000,2.36000000,120.34000000,2.35900000,630.88000000,2.35800000,463.83000000,2.35700000,874.46000000,2.36700000,4.23000000,2.36800000,10.59000000,2.36900000,98.39000000,2.37000000,131.35000000,2.37100000,55.57000000,2.37200000,584.53000000,2.37300000,688.61000000,2.37400000,1303.43000000,2.37500000,55.56000000,2.37600000,140.72000000,,,,,,,,,,,,,,,,,,,,,,,,,,,,,,,,,,,,,,,,,0.00005,
0,7,384,2.37200000,2.366,-0.253,1774137167020,2.36700000,277.06000000,2.36600000,300.05000000,2.36500000,648.11000000,2.36400000,53.40000000,2.36300000,463.72000000,2.36200000,10.61000000,2.36100000,630.92000000,2.36000000,120.34000000,2.35900000,630.88000000,2.35800000,463.83000000,2.36800000,4.23000000,2.36900000,12.90000000,2.37000000,127.32000000,2.37100000,59.60000000,2.37200000,32.35000000,2.37300000,688.61000000,2.37400000,1400.25000000,2.37500000,502.99000000,2.37600000,140.72000000,2.37700000,66.39000000,,,,,,,,,,,,,,,,,,,,,,,,,,,,,,,,,,,,,,,,,0.00005,
0,7,384,2.37200000,2.366,-0.253,1774137167322,2.36900000,177.06000000,2.36800000,259.34000000,2.36700000,95.08000000,2.36600000,153.39000000,2.36500000,648.11000000,2.36400000,10.58000000,2.36300000,774.35000000,2.36200000,457.84000000,2.36100000,321.24000000,2.36000000,112.94000000,2.37000000,2.29000000,2.37100000,14.60000000,2.37200000,49.28000000,2.37300000,110.44000000,2.37400000,267.81000000,2.37500000,502.79000000,2.37600000,1132.63000000,2.37700000,1057.92000000,2.37800000,55.54000000,2.37900000,55.54000000,,,,,,,,,,,,,,,,,,,,,,,,,,,,,,,,,,,,,,,,,0.00005,
0,7,384,2.37200000,2.366,-0.253,1774137167623,2.37100000,24.06000000,2.37000000,157.23000000,2.36900000,224.11000000,2.36800000,552.96000000,2.36700000,10.57000000,2.36600000,110.57000000,2.36500000,563.60000000,2.36400000,10.58000000,2.36300000,774.35000000,2.36200000,457.84000000,2.37200000,37.76000000,2.37300000,55.56000000,2.37400000,345.97000000,2.37500000,502.79000000,2.37600000,1132.63000000,2.37700000,600.46000000,2.37800000,501.87000000,2.37900000,55.54000000,2.38000000,99.10000000,2.38100000,117.98000000,,,,,,,,,,,,,,,,,,,,,,,,,,,,,,,,,,,,,,,,,0.00005,
0,7,384,2.37100000,2.366,-0.2109,1774137167923,2.37000000,157.23000000,2.36900000,206.39000000,2.36800000,557.19000000,2.36700000,95.08000000,2.36600000,110.57000000,2.36500000,1009.65000000,2.36400000,10.58000000,2.36300000,774.35000000,2.36200000,457.84000000,2.36100000,321.24000000,2.37200000,82.76000000,2.37300000,153.26000000,2.37400000,345.97000000,2.37500000,502.79000000,2.37600000,1132.63000000,2.37700000,600.46000000,2.37800000,969.07000000,2.37900000,55.54000000,2.38000000,99.10000000,2.38100000,117.98000000,,,,,,,,,,,,,,,,,,,,,,,,,,,,,,,,,,,,,,,,,0.00005,
0,7,384,2.37000000,2.366,-0.1688,1774137168224,2.37000000,157.23000000,2.36900000,10.57000000,2.36800000,591.65000000,2.36700000,95.08000000,2.36600000,110.57000000,2.36500000,1001.86000000,2.36400000,10.58000000,2.36300000,774.35000000,2.36200000,457.84000000,2.36100000,321.24000000,2.37200000,100.16000000,2.37300000,110.44000000,2.37400000,341.94000000,2.37500000,502.79000000,2.37600000,1123.87000000,2.37700000,55.56000000,2.37800000,1046.20000000,2.37900000,55.54000000,2.38000000,99.10000000,2.38100000,117.98000000,,,,,,,,,,,,,,,,,,,,,,,,,,,,,,,,,,,,,,,,,0.00005,
0,7,384,2.37000000,2.366,-0.1688,1774137168525,2.37000000,157.23000000,2.36900000,10.57000000,2.36800000,591.65000000,2.36700000,95.08000000,2.36600000,421.20000000,2.36500000,1001.86000000,2.36400000,10.58000000,2.36300000,774.35000000,2.36200000,457.84000000,2.36100000,321.24000000,2.37200000,100.16000000,2.37300000,153.26000000,2.37400000,341.94000000,2.37500000,502.79000000,2.37600000,1123.87000000,2.37700000,55.56000000,2.37800000,1484.46000000,2.37900000,587.42000000,2.38000000,99.10000000,2.38100000,117.98000000,,,,,,,,,,,,,,,,,,,,,,,,,,,,,,,,,,,,,,,,,0.00005,
0,7,384,2.37000000,2.367,-0.1266,1774137168825,2.37000000,157.23000000,2.36900000,10.57000000,2.36800000,591.65000000,2.36700000,95.08000000,2.36600000,421.20000000,2.36500000,1001.86000000,2.36400000,110.58000000,2.36300000,774.35000000,2.36200000,457.84000000,2.36100000,321.24000000,2.37200000,100.16000000,2.37300000,153.26000000,2.37400000,341.94000000,2.37500000,502.79000000,2.37600000,1123.87000000,2.37700000,55.56000000,2.37800000,2275.46000000,2.37900000,587.42000000,2.38000000,99.10000000,2.38100000,117.98000000,,,,,,,,,,,,,,,,,,,,,,,,,,,,,,,,,,,,,,,,,0.00005,
0,7,384,2.37000000,2.368,-0.0844,1774137169126,2.37000000,10.57000000,2.36900000,10.57000000,2.36800000,153.39000000,2.36700000,442.14000000,2.36600000,421.20000000,2.36500000,1001.86000000,2.36400000,110.58000000,2.36300000,774.35000000,2.36200000,457.84000000,2.36100000,321.24000000,2.37200000,216.66000000,2.37300000,55.56000000,2.37400000,341.94000000,2.37500000,55.56000000,2.37600000,1529.07000000,2.37700000,59.59000000,2.37800000,1477.86000000,2.37900000,587.42000000,2.38000000,99.10000000,2.38100000,117.98000000,,,,,,,,,,,,,,,,,,,,,,,,,,,,,,,,,,,,,,,,,0.00005,
0,7,384,2.37000000,2.368,-0.0844,1774137169427,2.36900000,28.29000000,2.36800000,110.57000000,2.36700000,526.49000000,2.36600000,421.20000000,2.36500000,1001.86000000,2.36400000,110.58000000,2.36300000,774.35000000,2.36200000,10.61000000,2.36100000,321.24000000,2.36000000,373.90000000,2.37000000,28.29000000,2.37100000,49.22000000,2.37200000,322.46000000,2.37300000,55.56000000,2.37400000,341.94000000,2.37500000,55.56000000,2.37600000,1529.07000000,2.37700000,55.56000000,2.37800000,1477.86000000,2.37900000,587.42000000,,,,,,,,,,,,,,,,,,,,,,,,,,,,,,,,,,,,,,,,,0.00005,
0,7,384,2.37100000,2.368,-0.1265,1774137169727,2.36900000,154.39000000,2.36800000,153.39000000,2.36700000,626.49000000,2.36600000,421.20000000,2.36500000,563.60000000,2.36400000,110.58000000,2.36300000,774.35000000,2.36200000,441.58000000,2.36100000,321.24000000,2.36000000,373.90000000,2.37000000,45.00000000,2.37100000,49.22000000,2.37200000,224.76000000,2.37300000,98.38000000,2.37400000,341.94000000,2.37500000,59.59000000,2.37600000,1529.07000000,2.37700000,55.56000000,2.37800000,1477.86000000,2.37900000,587.42000000,,,,,,,,,,,,,,,,,,,,,,,,,,,,,,,,,,,,,,,,,0.00005,
0,7,384,2.37200000,2.368,-0.1686,1774137170027,2.36800000,34.63000000,2.36700000,110.57000000,2.36600000,194.97000000,2.36500000,534.45000000,2.36400000,110.58000000,2.36300000,774.35000000,2.36200000,441.58000000,2.36100000,744.33000000,2.36000000,373.90000000,2.35900000,470.10000000,2.37000000,212.33000000,2.37100000,98.38000000,2.37200000,110.40000000,2.37300000,98.38000000,2.37400000,1282.64000000,2.37500000,55.56000000,2.37600000,1529.07000000,2.37700000,55.56000000,2.37800000,1477.86000000,2.37900000,587.42000000,,,,,,,,,,,,,,,,,,,,,,,,,,,,,,,,,,,,,,,,,0.00005,
0,7,384,2.37100000,2.368,-0.1265,1774137170328,2.36800000,154.39000000,2.36700000,533.64000000,2.36600000,194.97000000,2.36500000,534.45000000,2.36400000,110.58000000,2.36300000,874.35000000,2.36200000,441.58000000,2.36100000,744.33000000,2.36000000,112.94000000,2.35900000,470.10000000,2.37000000,4.23000000,2.37100000,55.56000000,2.37200000,153.22000000,2.37300000,55.56000000,2.37400000,341.94000000,2.37500000,55.56000000,2.37600000,1529.07000000,2.37700000,266.96000000,2.37800000,1477.86000000,2.37900000,587.42000000,,,,,,,,,,,,,,,,,,,,,,,,,,,,,,,,,,,,,,,,,0.00005,
0,7,384,2.37200000,2.368,-0.1686,1774137170629,2.37100000,24.06000000,2.37000000,226.10000000,2.36900000,142.82000000,2.36800000,10.57000000,2.36700000,618.04000000,2.36600000,110.57000000,2.36500000,1268.12000000,2.36400000,510.18000000,2.36300000,874.35000000,2.36200000,441.58000000,2.37300000,59.59000000,2.37400000,341.94000000,2.37500000,55.56000000,2.37600000,1443.91000000,2.37700000,55.56000000,2.37800000,1477.86000000,2.37900000,1010.46000000,2.38000000,99.10000000,2.38100000,117.98000000,2.38200000,81.04000000,,,,,,,,,,,,,,,,,,,,,,,,,,,,,,,,,,,,,,,,,0.00005,
0,7,384,2.37200000,2.368,-0.1686,1774137170929,2.37100000,24.06000000,2.37000000,236.67000000,2.36900000,660.38000000,2.36800000,10.57000000,2.36700000,533.64000000,2.36600000,110.57000000,2.36500000,1269.17000000,2.36400000,110.58000000,2.36300000,874.35000000,2.36200000,441.58000000,2.37300000,165.46000000,2.37400000,341.94000000,2.37500000,55.56000000,2.37600000,1012.34000000,2.37700000,55.56000000,2.37800000,1477.86000000,2.37900000,587.42000000,2.38000000,523.19000000,2.38100000,117.98000000,2.38200000,81.04000000,,,,,,,,,,,,,,,,,,,,,,,,,,,,,,,,,,,,,,,,,0.00005,
0,7,384,2.37200000,2.367,-0.2108,1774137171229,2.37100000,24.06000000,2.37000000,279.49000000,2.36900000,617.56000000,2.36800000,110.57000000,2.36700000,533.64000000,2.36600000,110.57000000,2.36500000,845.08000000,2.36400000,110.58000000,2.36300000,874.35000000,2.36200000,441.58000000,2.37300000,66.96000000,2.37400000,172.48000000,2.37500000,110.40000000,2.37600000,55.56000000,2.37700000,500.73000000,2.37800000,1477.86000000,2.37900000,1021.92000000,2.38000000,523.19000000,2.38100000,117.98000000,2.38200000,81.04000000,,,,,,,,,,,,,,,,,,,,,,,,,,,,,,,,,,,,,,,,,0.00005,
0,7,384,2.37300000,2.367,-0.2528,1774137171530,2.37000000,4.23000000,2.36900000,153.39000000,2.36800000,110.57000000,2.36700000,1033.90000000,2.36600000,110.57000000,2.36500000,845.08000000,2.36400000,110.58000000,2.36300000,874.35000000,2.36200000,441.58000000,2.36100000,321.24000000,2.37200000,198.00000000,2.37300000,218.15000000,2.37400000,322.79000000,2.37500000,446.95000000,2.37600000,1127.46000000,2.37700000,55.56000000,2.37800000,1238.57000000,2.37900000,1021.92000000,2.38000000,522.38000000,2.38100000,117.98000000,,,,,,,,,,,,,,,,,,,,,,,,,,,,,,,,,,,,,,,,,0.00005,
0,7,384,2.37300000,2.367,-0.2528,1774137171831,2.37000000,130.33000000,2.36900000,569.49000000,2.36800000,112.90000000,2.36700000,610.83000000,2.36600000,110.57000000,2.36500000,1263.38000000,2.36400000,110.58000000,2.36300000,874.35000000,2.36200000,441.58000000,2.36100000,321.24000000,2.37300000,163.31000000,2.37400000,322.79000000,2.37500000,253.31000000,2.37600000,478.77000000,2.37700000,837.37000000,2.37800000,792.24000000,2.37900000,1021.92000000,2.38000000,522.38000000,2.38100000,117.98000000,2.38200000,81.04000000,,,,,,,,,,,,,,,,,,,,,,,,,,,,,,,,,,,,,,,,,0.00005,
0,7,384,2.37300000,2.367,-0.2528,1774137172132,2.37100000,126.10000000,2.37000000,10.57000000,2.36900000,653.82000000,2.36800000,423.53000000,2.36700000,944.79000000,2.36600000,110.57000000,2.36500000,1263.38000000,2.36400000,110.58000000,2.36300000,874.35000000,2.36200000,10.61000000,2.37300000,55.56000000,2.37400000,74.82000000,2.37500000,110.40000000,2.37600000,55.56000000,2.37700000,200.99000000,2.37800000,360.58000000,2.37900000,1109.55000000,2.38000000,1576.14000000,2.38100000,117.98000000,2.38200000,81.04000000,,,,,,,,,,,,,,,,,,,,,,,,,,,,,,,,,,,,,,,,,0.00005,
0,7,384,2.37300000,2.367,-0.2528,1774137172433,2.37200000,168.92000000,2.37100000,416.95000000,2.37000000,94.90000000,2.36900000,526.67000000,2.36800000,423.53000000,2.36700000,526.50000000,2.36600000,110.57000000,2.36500000,1245.98000000,2.36400000,110.58000000,2.36300000,874.35000000,2.37300000,4.22000000,2.37400000,74.82000000,2.37500000,55.56000000,2.37600000,110.40000000,2.37700000,59.59000000,2.37800000,360.58000000,2.37900000,1109.55000000,2.38000000,1576.14000000,2.38100000,657.38000000,2.38200000,81.04000000,,,,,,,,,,,,,,,,,,,,,,,,,,,,,,,,,,,,,,,,,0.00005,
0,7,384,2.37400000,2.368,-0.2527,1774137172734,2.37100000,130.32000000,2.37000000,53.39000000,2.36900000,611.00000000,2.36800000,423.53000000,2.36700000,526.50000000,2.36600000,110.57000000,2.36500000,1245.98000000,2.36400000,110.58000000,2.36300000,874.35000000,2.36200000,271.35000000,2.37300000,49.22000000,2.37400000,74.82000000,2.37500000,206.62000000,2.37600000,322.55000000,2.37700000,55.56000000,2.37800000,360.58000000,2.37900000,1109.55000000,2.38000000,2011.94000000,2.38100000,117.98000000,2.38200000,81.04000000,,,,,,,,,,,,,,,,,,,,,,,,,,,,,,,,,,,,,,,,,0.00005,
0,7,384,2.37300000,2.368,-0.2107,1774137173034,2.37100000,130.32000000,2.37000000,53.39000000,2.36900000,1016.03000000,2.36800000,423.53000000,2.36700000,526.50000000,2.36600000,110.57000000,2.36500000,1245.98000000,2.36400000,110.58000000,2.36300000,874.35000000,2.36200000,271.35000000,2.37300000,66.62000000,2.37400000,117.64000000,2.37500000,206.62000000,2.37600000,646.60000000,2.37700000,1085.60000000,2.37800000,360.58000000,2.37900000,693.83000000,2.38000000,940.55000000,2.38100000,117.98000000,2.38200000,81.04000000,,,,,,,,,,,,,,,,,,,,,,,,,,,,,,,,,,,,,,,,,0.00005,
0,7,384,2.37200000,2.368,-0.1686,1774137173335,2.37200000,126.10000000,2.37100000,10.56000000,2.37000000,137.70000000,2.36900000,931.70000000,2.36800000,423.53000000,2.36700000,526.50000000,2.36600000,110.57000000,2.36500000,839.51000000,2.36400000,110.58000000,2.36300000,874.35000000,2.37300000,4.22000000,2.37400000,74.82000000,2.37500000,206.62000000,2.37600000,646.60000000,2.37700000,55.56000000,2.37800000,883.76000000,2.37900000,473.83000000,2.38000000,1422.55000000,2.38100000,117.98000000,2.38200000,81.04000000,,,,,,,,,,,,,,,,,,,,,,,,,,,,,,,,,,,,,,,,,0.00005,
0,7,384,2.37100000,2.368,-0.1265,1774137173635,2.37200000,126.10000000,2.37100000,10.56000000,2.37000000,137.70000000,2.36900000,526.67000000,2.36800000,423.53000000,2.36700000,526.50000000,2.36600000,110.57000000,2.36500000,839.51000000,2.36400000,110.58000000,2.36300000,874.35000000,2.37300000,57.42000000,2.37400000,74.82000000,2.37500000,249.44000000,2.37600000,493.11000000,2.37700000,571.40000000,2.37800000,818.09000000,2.37900000,755.23000000,2.38000000,1561.50000000,2.38100000,117.98000000,2.38200000,81.04000000,,,,,,,,,,,,,,,,,,,,,,,,,,,,,,,,,,,,,,,,,0.00005,
0,7,384,2.36700000,2.368,0.0422,1774137173935,2.37000000,168.92000000,2.36900000,526.67000000,2.36800000,466.35000000,2.36700000,610.79000000,2.36600000,110.57000000,2.36500000,827.93000000,2.36400000,110.58000000,2.36300000,874.35000000,2.36200000,271.35000000,2.36100000,321.24000000,2.37300000,213.56000000,2.37400000,129.60000000,2.37500000,206.62000000,2.37600000,405.79000000,2.37700000,573.50000000,2.37800000,818.09000000,2.37900000,764.73000000,2.38000000,1561.50000000,2.38100000,117.98000000,2.38200000,81.04000000,,,,,,,,,,,,,,,,,,,,,,,,,,,,,,,,,,,,,,,,,0.00005,
0,7,384,2.36700000,2.37,0.1267,1774137174236,2.37000000,168.92000000,2.36900000,526.67000000,2.36800000,423.53000000,2.36700000,610.79000000,2.36600000,110.57000000,2.36500000,827.93000000,2.36400000,110.58000000,2.36300000,874.35000000,2.36200000,271.35000000,2.36100000,321.24000000,2.37300000,168.56000000,2.37400000,172.42000000,2.37500000,206.62000000,2.37600000,405.79000000,2.37700000,573.50000000,2.37800000,818.09000000,2.37900000,473.83000000,2.38000000,1561.50000000,2.38100000,117.98000000,2.38200000,81.04000000,,,,,,,,,,,,,,,,,,,,,,,,,,,,,,,,,,,,,,,,,0.00005,
0,7,384,2.36700000,2.37,0.1267,1774137174537,2.37000000,126.10000000,2.36900000,569.49000000,2.36800000,423.53000000,2.36700000,610.79000000,2.36600000,110.57000000,2.36500000,827.93000000,2.36400000,110.58000000,2.36300000,874.35000000,2.36200000,271.35000000,2.36100000,321.24000000,2.37300000,213.56000000,2.37400000,172.42000000,2.37500000,206.62000000,2.37600000,405.79000000,2.37700000,573.50000000,2.37800000,941.91000000,2.37900000,949.23000000,2.38000000,1561.50000000,2.38100000,117.98000000,2.38200000,81.04000000,,,,,,,,,,,,,,,,,,,,,,,,,,,,,,,,,,,,,,,,,0.00005,
0,7,384,2.36700000,2.37,0.1267,1774137174837,2.37000000,126.10000000,2.36900000,569.49000000,2.36800000,423.53000000,2.36700000,610.79000000,2.36600000,110.57000000,2.36500000,827.93000000,2.36400000,110.58000000,2.36300000,874.35000000,2.36200000,271.35000000,2.36100000,321.24000000,2.37300000,44.16000000,2.37400000,117.64000000,2.37500000,206.62000000,2.37600000,405.79000000,2.37700000,573.50000000,2.37800000,941.91000000,2.37900000,750.13000000,2.38000000,1561.50000000,2.38100000,117.98000000,2.38200000,81.04000000,,,,,,,,,,,,,,,,,,,,,,,,,,,,,,,,,,,,,,,,,0.00005,
0,7,384,2.36800000,2.37,0.0845,1774137175138,2.37100000,168.92000000,2.37000000,321.19000000,2.36900000,611.00000000,2.36800000,423.53000000,2.36700000,1124.62000000,2.36600000,110.57000000,2.36500000,827.93000000,2.36400000,516.46000000,2.36300000,874.35000000,2.36200000,271.35000000,2.37300000,10.56000000,2.37400000,74.82000000,2.37500000,249.44000000,2.37600000,267.71000000,2.37700000,166.49000000,2.37800000,818.09000000,2.37900000,473.83000000,2.38000000,1877.00000000,2.38100000,117.98000000,2.38200000,81.04000000,,,,,,,,,,,,,,,,,,,,,,,,,,,,,,,,,,,,,,,,,0.00005,
0,7,384,2.36800000,2.368,0.0,1774137175438,2.37100000,168.92000000,2.37000000,110.56000000,2.36900000,1016.70000000,2.36800000,423.53000000,2.36700000,718.71000000,2.36600000,110.57000000,2.36500000,827.93000000,2.36400000,516.46000000,2.36300000,874.35000000,2.36200000,271.35000000,2.37300000,10.56000000,2.37400000,74.82000000,2.37500000,206.62000000,2.37600000,267.71000000,2.37700000,166.49000000,2.37800000,818.09000000,2.37900000,473.83000000,2.38000000,1561.50000000,2.38100000,117.98000000,2.38200000,81.04000000,,,,,,,,,,,,,,,,,,,,,,,,,,,,,,,,,,,,,,,,,0.00005,
0,7,384,2.36800000,2.368,0.0,1774137175739,2.37100000,168.92000000,2.37000000,110.56000000,2.36900000,611.00000000,2.36800000,423.53000000,2.36700000,718.71000000,2.36600000,571.27000000,2.36500000,827.93000000,2.36400000,516.46000000,2.36300000,874.35000000,2.36200000,271.35000000,2.37300000,10.56000000,2.37400000,74.82000000,2.37500000,249.44000000,2.37600000,267.71000000,2.37700000,166.49000000,2.37800000,818.09000000,2.37900000,473.83000000,2.38000000,1903.90000000,2.38100000,117.98000000,2.38200000,81.04000000,,,,,,,,,,,,,,,,,,,,,,,,,,,,,,,,,,,,,,,,,0.00005,
0,7,384,2.36800000,2.368,0.0,1774137176040,2.37400000,24.06000000,2.37300000,283.68000000,2.37200000,110.54000000,2.37100000,543.44000000,2.37000000,421.19000000,2.36900000,526.67000000,2.36800000,423.53000000,2.36700000,718.71000000,2.36600000,433.77000000,2.36500000,827.93000000,2.37500000,7.38000000,2.37600000,151.81000000,2.37700000,112.69000000,2.37800000,55.54000000,2.37900000,55.54000000,2.38000000,1127.62000000,2.38100000,1541.33000000,2.38200000,578.93000000,2.38300000,68.74000000,2.38400000,55.52000000,,,,,,,,,,,,,,,,,,,,,,,,,,,,,,,,,,,,,,,,,0.00005,
0,7,384,2.36800000,2.368,0.0,1774137176340,2.37300000,130.32000000,2.37200000,110.54000000,2.37100000,500.62000000,2.37000000,421.19000000,2.36900000,526.67000000,2.36800000,423.53000000,2.36700000,718.71000000,2.36600000,110.57000000,2.36500000,827.93000000,2.36400000,516.46000000,2.37500000,20.62000000,2.37600000,260.56000000,2.37700000,112.69000000,2.37800000,55.54000000,2.37900000,392.13000000,2.38000000,1280.66000000,2.38100000,735.49000000,2.38200000,1082.85000000,2.38300000,68.74000000,2.38400000,55.52000000,,,,,,,,,,,,,,,,,,,,,,,,,,,,,,,,,,,,,,,,,0.00005,
0,7,384,2.37200000,2.369,-0.1265,1774137176641,2.37200000,10.54000000,2.37100000,10.56000000,2.37000000,421.19000000,2.36900000,933.14000000,2.36800000,423.53000000,2.36700000,718.71000000,2.36600000,110.57000000,2.36500000,827.93000000,2.36400000,516.46000000,2.36300000,569.84000000,2.37400000,198.00000000,2.37500000,55.54000000,2.37600000,55.56000000,2.37700000,112.69000000,2.37800000,55.54000000,2.37900000,392.13000000,2.38000000,1280.66000000,2.38100000,512.69000000,2.38200000,1082.85000000,2.38300000,68.74000000,,,,,,,,,,,,,,,,,,,,,,,,,,,,,,,,,,,,,,,,,0.00005,
0,7,384,2.37000000,2.369,-0.0422,1774137176942,2.37200000,130.32000000,2.37100000,10.56000000,2.37000000,421.19000000,2.36900000,519.27000000,2.36800000,423.53000000,2.36700000,1128.40000000,2.36600000,110.57000000,2.36500000,1165.20000000,2.36400000,516.46000000,2.36300000,569.84000000,2.37400000,45.00000000,2.37500000,271.74000000,2.37600000,55.56000000,2.37700000,356.28000000,2.37800000,816.06000000,2.37900000,800.83000000,2.38000000,1280.66000000,2.38100000,512.69000000,2.38200000,1082.85000000,2.38300000,68.74000000,,,,,,,,,,,,,,,,,,,,,,,,,,,,,,,,,,,,,,,,,0.00005,
0,7,384,2.36900000,2.369,0.0,1774137177243,2.37200000,130.32000000,2.37100000,10.56000000,2.37000000,421.19000000,2.36900000,519.27000000,2.36800000,423.53000000,2.36700000,1547.40000000,2.36600000,110.57000000,2.36500000,1165.20000000,2.36400000,516.46000000,2.36300000,569.84000000,2.37400000,142.46000000,2.37500000,326.51000000,2.37600000,55.56000000,2.37700000,356.28000000,2.37800000,816.06000000,2.37900000,800.83000000,2.38000000,1415.54000000,2.38100000,1030.09000000,2.38200000,1082.85000000,2.38300000,68.74000000,,,,,,,,,,,,,,,,,,,,,,,,,,,,,,,,,,,,,,,,,0.00005,
0,7,384,2.36800000,2.37,0.0845,1774137177543,2.37200000,130.32000000,2.37100000,10.56000000,2.37000000,421.19000000,2.36900000,519.27000000,2.36800000,423.53000000,2.36700000,1128.40000000,2.36600000,110.57000000,2.36500000,827.93000000,2.36400000,853.73000000,2.36300000,569.84000000,2.37400000,142.46000000,2.37500000,313.91000000,2.37600000,55.56000000,2.37700000,356.28000000,2.37800000,816.06000000,2.37900000,800.83000000,2.38000000,1825.24000000,2.38100000,1030.09000000,2.38200000,1082.85000000,2.38300000,68.74000000,,,,,,,,,,,,,,,,,,,,,,,,,,,,,,,,,,,,,,,,,0.00005,
0,7,384,2.36900000,2.37,0.0422,1774137177844,2.37200000,4.22000000,2.37100000,10.56000000,2.37000000,421.19000000,2.36900000,933.35000000,2.36800000,423.53000000,2.36700000,718.71000000,2.36600000,110.57000000,2.36500000,827.93000000,2.36400000,853.73000000,2.36300000,569.84000000,2.37300000,45.00000000,2.37400000,198.00000000,2.37500000,209.46000000,2.37600000,322.45000000,2.37700000,770.30000000,2.37800000,816.06000000,2.37900000,800.83000000,2.38000000,1825.24000000,2.38100000,1030.09000000,2.38200000,676.51000000,,,,,,,,,,,,,,,,,,,,,,,,,,,,,,,,,,,,,,,,,0.00005,
0,7,384,2.36900000,2.37,0.0422,1774137178145,2.37200000,130.32000000,2.37100000,10.56000000,2.37000000,421.19000000,2.36900000,933.35000000,2.36800000,423.53000000,2.36700000,718.71000000,2.36600000,110.57000000,2.36500000,827.93000000,2.36400000,853.73000000,2.36300000,569.84000000,2.37400000,10.56000000,2.37500000,154.69000000,2.37600000,322.45000000,2.37700000,356.28000000,2.37800000,816.06000000,2.37900000,1003.73000000,2.38000000,1951.50000000,2.38100000,630.34000000,2.38200000,676.51000000,2.38300000,68.74000000,,,,,,,,,,,,,,,,,,,,,,,,,,,,,,,,,,,,,,,,,0.00005,
0,7,384,2.36900000,2.371,0.0844,1774137178445,2.37300000,126.10000000,2.37200000,421.17000000,2.37100000,429.14000000,2.37000000,423.51000000,2.36900000,937.65000000,2.36800000,421.20000000,2.36700000,718.71000000,2.36600000,447.70000000,2.36500000,827.93000000,2.36400000,516.46000000,2.37500000,10.54000000,2.37600000,55.56000000,2.37700000,112.69000000,2.37800000,194.12000000,2.37900000,800.83000000,2.38000000,1131.57000000,2.38100000,106.94000000,2.38200000,1094.89000000,2.38300000,68.74000000,2.38400000,55.52000000,,,,,,,,,,,,,,,,,,,,,,,,,,,,,,,,,,,,,,,,,0.00005,
0,7,384,2.36900000,2.371,0.0844,1774137178746,2.37300000,126.10000000,2.37200000,421.17000000,2.37100000,429.14000000,2.37000000,423.51000000,2.36900000,937.65000000,2.36800000,421.20000000,2.36700000,718.71000000,2.36600000,447.70000000,2.36500000,827.93000000,2.36400000,110.58000000,2.37500000,4.22000000,2.37600000,152.50000000,2.37700000,324.75000000,2.37800000,55.54000000,2.37900000,392.13000000,2.38000000,1549.92000000,2.38100000,106.94000000,2.38200000,1618.09000000,2.38300000,68.74000000,2.38400000,55.52000000,,,,,,,,,,,,,,,,,,,,,,,,,,,,,,,,,,,,,,,,,0.00005,
0,7,384,2.36900000,2.371,0.0844,1774137179046,2.37300000,126.10000000,2.37200000,421.17000000,2.37100000,529.14000000,2.37000000,423.51000000,2.36900000,519.27000000,2.36800000,421.20000000,2.36700000,718.71000000,2.36600000,447.70000000,2.36500000,827.93000000,2.36400000,110.58000000,2.37500000,4.22000000,2.37600000,152.50000000,2.37700000,324.75000000,2.37800000,55.54000000,2.37900000,392.13000000,2.38000000,1549.92000000,2.38100000,106.94000000,2.38200000,1618.09000000,2.38300000,68.74000000,2.38400000,55.52000000,,,,,,,,,,,,,,,,,,,,,,,,,,,,,,,,,,,,,,,,,0.00005,
0,7,384,2.36400000,2.371,0.2961,1774137179347,2.37400000,226.10000000,2.37300000,428.51000000,2.37200000,421.17000000,2.37100000,194.80000000,2.37000000,423.51000000,2.36900000,937.24000000,2.36800000,421.20000000,2.36700000,718.71000000,2.36600000,447.70000000,2.36500000,827.93000000,2.37600000,7.38000000,2.37700000,57.88000000,2.37800000,110.29000000,2.37900000,55.54000000,2.38000000,319.14000000,2.38100000,1003.37000000,2.38200000,891.88000000,2.38300000,1003.41000000,2.38400000,55.52000000,2.38500000,27.28000000,,,,,,,,,,,,,,,,,,,,,,,,,,,,,,,,,,,,,,,,,0.00005,
0,7,384,2.36700000,2.371,0.169,1774137179648,2.37400000,226.10000000,2.37300000,428.51000000,2.37200000,421.17000000,2.37100000,612.58000000,2.37000000,423.51000000,2.36900000,937.24000000,2.36800000,421.20000000,2.36700000,302.78000000,2.36600000,447.70000000,2.36500000,827.93000000,2.37600000,4.22000000,2.37700000,57.88000000,2.37800000,322.29000000,2.37900000,209.83000000,2.38000000,736.92000000,2.38100000,1003.37000000,2.38200000,891.88000000,2.38300000,1633.57000000,2.38400000,55.52000000,2.38500000,27.28000000,,,,,,,,,,,,,,,,,,,,,,,,,,,,,,,,,,,,,,,,,0.00005,
0,7,384,2.36700000,2.371,0.169,1774137179949,2.37500000,226.10000000,2.37400000,110.54000000,2.37300000,612.72000000,2.37200000,421.17000000,2.37100000,528.34000000,2.37000000,423.51000000,2.36900000,937.24000000,2.36800000,1175.33000000,2.36700000,302.78000000,2.36600000,110.57000000,2.37600000,4.22000000,2.37700000,12.88000000,2.37800000,110.29000000,2.37900000,205.64000000,2.38000000,319.14000000,2.38100000,1003.37000000,2.38200000,891.88000000,2.38300000,1633.57000000,2.38400000,55.52000000,2.38500000,27.28000000,,,,,,,,,,,,,,,,,,,,,,,,,,,,,,,,,,,,,,,,,0.00005,
0,7,384,2.36700000,2.373,0.2535,1774137180250,2.37500000,226.10000000,2.37400000,421.17000000,2.37300000,612.72000000,2.37200000,421.17000000,2.37100000,945.50000000,2.37000000,423.51000000,2.36900000,519.27000000,2.36800000,1175.33000000,2.36700000,302.78000000,2.36600000,110.57000000,2.37600000,4.22000000,2.37700000,6.54000000,2.37800000,55.54000000,2.37900000,110.29000000,2.38000000,249.20000000,2.38100000,248.28000000,2.38200000,473.50000000,2.38300000,1116.67000000,2.38400000,572.32000000,2.38500000,27.28000000,,,,,,,,,,,,,,,,,,,,,,,,,,,,,,,,,,,,,,,,,0.00005,
0,7,384,2.36700000,2.374,0.2957,1774137180550,2.37800000,268.69000000,2.37700000,182.59000000,2.37600000,971.05000000,2.37500000,326.30000000,2.37400000,552.74000000,2.37300000,661.39000000,2.37200000,552.74000000,2.37100000,1074.38000000,2.37000000,874.72000000,2.36900000,519.27000000,2.37900000,10.54000000,2.38000000,101.42000000,2.38100000,293.26000000,2.38200000,395.29000000,2.38300000,829.04000000,2.38400000,1016.61000000,2.38500000,821.72000000,2.38600000,703.51000000,2.38700000,187.10000000,2.38800000,142.09000000,,,,,,,,,,,,,,,,,,,,,,,,,,,,,,,,,,,,,,,,,0.00005,
0,7,384,2.36700000,2.374,0.2957,1774137180851,2.37900000,254.82000000,2.37800000,188.39000000,2.37700000,226.00000000,2.37600000,970.88000000,2.37500000,244.43000000,2.37400000,552.74000000,2.37300000,659.07000000,2.37200000,552.74000000,2.37100000,1074.38000000,2.37000000,757.78000000,2.38100000,55.54000000,2.38200000,244.17000000,2.38300000,555.17000000,2.38400000,187.09000000,2.38500000,192.99000000,2.38600000,3100.00000000,2.38700000,187.10000000,2.38800000,187.09000000,2.38900000,223.08000000,2.39000000,129.63000000,,,,,,,,,,,,,,,,,,,,,,,,,,,,,,,,,,,,,,,,,0.00005,
0,7,384,2.36700000,2.375,0.338,1774137181151,2.38000000,150.05000000,2.37900000,139.26000000,2.37800000,643.63000000,2.37700000,452.44000000,2.37600000,556.10000000,2.37500000,1072.29000000,2.37400000,1372.64000000,2.37300000,659.07000000,2.37200000,888.93000000,2.37100000,659.26000000,2.38100000,48.18000000,2.38200000,188.77000000,2.38300000,255.06000000,2.38400000,423.03000000,2.38500000,790.42000000,2.38600000,2057.89000000,2.38700000,187.10000000,2.38800000,1229.15000000,2.38900000,223.08000000,2.39000000,177.79000000,,,,,,,,,,,,,,,,,,,,,,,,,,,,,,,,,,,,,,,,,0.00005,
0,7,384,2.36800000,2.375,0.2956,1774137181452,2.37900000,139.26000000,2.37800000,559.49000000,2.37700000,536.45000000,2.37600000,970.02000000,2.37500000,244.43000000,2.37400000,1372.64000000,2.37300000,1072.96000000,2.37200000,966.63000000,2.37100000,717.10000000,2.37000000,681.05000000,2.38000000,68.95000000,2.38100000,70.67000000,2.38200000,426.87000000,2.38300000,614.23000000,2.38400000,1519.67000000,2.38500000,238.48000000,2.38600000,1229.33000000,2.38700000,187.10000000,2.38800000,601.08000000,2.38900000,223.08000000,,,,,,,,,,,,,,,,,,,,,,,,,,,,,,,,,,,,,,,,,0.00005,
0,7,384,2.36800000,2.375,0.2956,1774137181753,2.37800000,145.57000000,2.37700000,866.54000000,2.37600000,142.11000000,2.37500000,1171.89000000,2.37400000,552.74000000,2.37300000,659.07000000,2.37200000,1395.99000000,2.37100000,380.91000000,2.37000000,1143.12000000,2.36900000,110.57000000,2.37900000,45.00000000,2.38000000,55.53000000,2.38100000,256.25000000,2.38200000,243.52000000,2.38300000,200.31000000,2.38400000,241.84000000,2.38500000,1034.82000000,2.38600000,1658.62000000,2.38700000,814.71000000,2.38800000,1015.17000000,,,,,,,,,,,,,,,,,,,,,,,,,,,,,,,,,,,,,,,,,0.00005,
0,7,384,2.36900000,2.375,0.2533,1774137182054,2.37800000,104.22000000,2.37700000,186.81000000,2.37600000,497.74000000,2.37500000,1216.89000000,2.37400000,597.74000000,2.37300000,704.07000000,2.37200000,982.10000000,2.37100000,380.91000000,2.37000000,806.81000000,2.36900000,578.31000000,2.37900000,7.10000000,2.38000000,55.53000000,2.38100000,256.25000000,2.38200000,431.51000000,2.38300000,889.39000000,2.38400000,1014.32000000,2.38500000,1034.82000000,2.38600000,1658.62000000,2.38700000,814.71000000,2.38800000,1015.17000000,,,,,,,,,,,,,,,,,,,,,,,,,,,,,,,,,,,,,,,,,0.00005,
0,7,384,2.37000000,2.375,0.211,1774137182354,2.38000000,388.12000000,2.37900000,186.64000000,2.37800000,716.32000000,2.37700000,186.81000000,2.37600000,497.74000000,2.37500000,1132.88000000,2.37400000,1067.84000000,2.37300000,659.07000000,2.37200000,982.10000000,2.37100000,688.61000000,2.38200000,307.97000000,2.38300000,254.93000000,2.38400000,386.45000000,2.38500000,605.44000000,2.38600000,1673.72000000,2.38700000,814.71000000,2.38800000,1790.39000000,2.38900000,652.59000000,2.39000000,192.77000000,2.39100000,185.00000000,,,,,,,,,,,,,,,,,,,,,,,,,,,,,,,,,,,,,,,,,0.00005,
0,7,384,2.37000000,2.375,0.211,1774137182654,2.38100000,45.00000000,2.38000000,145.00000000,2.37900000,173.87000000,2.37800000,597.51000000,2.37700000,1086.71000000,2.37600000,597.74000000,2.37500000,1132.88000000,2.37400000,597.74000000,2.37300000,703.36000000,2.37200000,981.39000000,2.38200000,371.17000000,2.38300000,354.54000000,2.38400000,336.07000000,2.38500000,605.44000000,2.38600000,1673.72000000,2.38700000,527.00000000,2.38800000,1645.11000000,2.38900000,2347.51000000,2.39000000,192.77000000,2.39100000,55.52000000,,,,,,,,,,,,,,,,,,,,,,,,,,,,,,,,,,,,,,,,,0.00005,
0,7,384,2.37000000,2.376,0.2532,1774137182955,2.38100000,146.17000000,2.38000000,359.57000000,2.37900000,623.81000000,2.37800000,597.51000000,2.37700000,636.76000000,2.37600000,597.74000000,2.37500000,1132.88000000,2.37400000,597.74000000,2.37300000,703.36000000,2.37200000,895.53000000,2.38200000,45.00000000,2.38300000,68.74000000,2.38400000,240.75000000,2.38500000,238.48000000,2.38600000,887.19000000,2.38700000,1177.86000000,2.38800000,1557.45000000,2.38900000,1918.43000000,2.39000000,642.71000000,2.39100000,186.29000000,,,,,,,,,,,,,,,,,,,,,,,,,,,,,,,,,,,,,,,,,0.00005,
0,7,384,2.37100000,2.377,0.2531,1774137183255,2.38100000,45.00000000,2.38000000,331.78000000,2.37900000,1073.73000000,2.37800000,597.51000000,2.37700000,636.76000000,2.37600000,597.74000000,2.37500000,1132.88000000,2.37400000,597.74000000,2.37300000,1038.98000000,2.37200000,596.67000000,2.38300000,45.00000000,2.38400000,445.84000000,2.38500000,241.70000000,2.38600000,336.74000000,2.38700000,578.40000000,2.38800000,1321.63000000,2.38900000,616.30000000,2.39000000,1327.31000000,2.39100000,1086.15000000,2.39200000,186.13000000,,,,,,,,,,,,,,,,,,,,,,,,,,,,,,,,,,,,,,,,,0.00005,
0,7,384,2.37100000,2.377,0.2531,1774137183556,2.38100000,84.20000000,2.38000000,286.28000000,2.37900000,623.81000000,2.37800000,597.51000000,2.37700000,636.76000000,2.37600000,597.74000000,2.37500000,1132.88000000,2.37400000,597.74000000,2.37300000,1038.98000000,2.37200000,790.34000000,2.38300000,45.00000000,2.38400000,445.84000000,2.38500000,342.22000000,2.38600000,336.74000000,2.38700000,578.40000000,2.38800000,1639.93000000,2.38900000,1066.34000000,2.39000000,1878.11000000,2.39100000,636.23000000,2.39200000,186.13000000,,,,,,,,,,,,,,,,,,,,,,,,,,,,,,,,,,,,,,,,,0.00005,
0,7,384,2.37200000,2.377,0.2108,1774137183856,2.38200000,655.99000000,2.38100000,186.66000000,2.38000000,596.91000000,2.37900000,723.81000000,2.37800000,597.51000000,2.37700000,1086.68000000,2.37600000,597.74000000,2.37500000,719.11000000,2.37400000,577.05000000,2.37300000,491.52000000,2.38500000,55.51000000,2.38600000,242.05000000,2.38700000,238.50000000,2.38800000,505.39000000,2.38900000,1163.75000000,2.39000000,1715.25000000,2.39100000,1320.47000000,2.39200000,1769.87000000,2.39300000,186.67000000,2.39400000,179.43000000,,,,,,,,,,,,,,,,,,,,,,,,,,,,,,,,,,,,,,,,,0.00005,
0,7,384,2.37200000,2.377,0.2108,1774137184157,2.38300000,161.22000000,2.38200000,623.09000000,2.38100000,741.42000000,2.38000000,596.91000000,2.37900000,1194.61000000,2.37800000,597.51000000,2.37700000,1086.68000000,2.37600000,597.74000000,2.37500000,289.75000000,2.37400000,466.17000000,2.38500000,45.00000000,2.38600000,283.86000000,2.38700000,238.50000000,2.38800000,306.13000000,2.38900000,1163.75000000,2.39000000,1715.25000000,2.39100000,1320.47000000,2.39200000,1309.43000000,2.39300000,186.67000000,2.39400000,179.43000000,,,,,,,,,,,,,,,,,,,,,,,,,,,,,,,,,,,,,,,,,0.00005,
0,7,384,2.37200000,2.377,0.2108,1774137184458,2.38200000,353.03000000,2.38100000,659.56000000,2.38000000,286.28000000,2.37900000,744.67000000,2.37800000,597.51000000,2.37700000,1107.76000000,2.37600000,597.74000000,2.37500000,760.75000000,2.37400000,1265.10000000,2.37300000,491.52000000,2.38400000,45.00000000,2.38500000,337.36000000,2.38600000,243.22000000,2.38700000,238.50000000,2.38800000,306.13000000,2.38900000,1188.31000000,2.39000000,1715.25000000,2.39100000,1320.47000000,2.39200000,1309.43000000,2.39300000,175.57000000,,,,,,,,,,,,,,,,,,,,,,,,,,,,,,,,,,,,,,,,,0.00005,
0,7,384,2.37200000,2.378,0.253,1774137184759,2.38400000,198.00000000,2.38300000,190.11000000,2.38200000,175.13000000,2.38100000,659.56000000,2.38000000,596.91000000,2.37900000,1215.47000000,2.37800000,597.51000000,2.37700000,1107.76000000,2.37600000,597.74000000,2.37500000,628.86000000,2.38600000,55.54000000,2.38700000,293.00000000,2.38800000,306.13000000,2.38900000,868.83000000,2.39000000,1030.65000000,2.39100000,1320.47000000,2.39200000,625.24000000,2.39300000,175.57000000,2.39400000,186.43000000,2.39500000,190.10000000,,,,,,,,,,,,,,,,,,,,,,,,,,,,,,,,,,,,,,,,,0.00005,
0,7,384,2.37200000,2.379,0.2951,1774137185060,2.38600000,205.38000000,2.38500000,189.92000000,2.38400000,190.11000000,2.38300000,1152.49000000,2.38200000,175.13000000,2.38100000,659.56000000,2.38000000,596.91000000,2.37900000,744.67000000,2.37800000,597.51000000,2.37700000,657.81000000,2.38700000,55.53000000,2.38800000,292.99000000,2.38900000,341.98000000,2.39000000,581.02000000,2.39100000,1553.72000000,2.39200000,1152.09000000,2.39300000,1827.32000000,2.39400000,1367.23000000,2.39500000,190.10000000,2.39600000,196.62000000,,,,,,,,,,,,,,,,,,,,,,,,,,,,,,,,,,,,,,,,,0.00005,
0,7,384,2.37200000,2.379,0.2951,1774137185360,2.38600000,4.20000000,2.38500000,547.77000000,2.38400000,190.11000000,2.38300000,659.91000000,2.38200000,181.63000000,2.38100000,1151.73000000,2.38000000,596.91000000,2.37900000,1079.90000000,2.37800000,597.51000000,2.37700000,662.40000000,2.38800000,585.76000000,2.38900000,473.57000000,2.39000000,186.86000000,2.39100000,865.09000000,2.39200000,1218.75000000,2.39300000,1115.17000000,2.39400000,2100.05000000,2.39500000,190.10000000,2.39600000,190.20000000,2.39700000,10.49000000,,,,,,,,,,,,,,,,,,,,,,,,,,,,,,,,,,,,,,,,,0.00005,
0,7,384,2.37200000,2.379,0.2951,1774137185661,2.38500000,547.77000000,2.38400000,190.11000000,2.38300000,659.91000000,2.38200000,181.63000000,2.38100000,1151.73000000,2.38000000,596.91000000,2.37900000,1079.90000000,2.37800000,597.51000000,2.37700000,662.40000000,2.37600000,588.81000000,2.38700000,153.00000000,2.38800000,433.36000000,2.38900000,473.57000000,2.39000000,389.38000000,2.39100000,865.09000000,2.39200000,1218.75000000,2.39300000,1115.17000000,2.39400000,2100.05000000,2.39500000,190.10000000,2.39600000,190.20000000,,,,,,,,,,,,,,,,,,,,,,,,,,,,,,,,,,,,,,,,,0.00005,
0,7,384,2.37100000,2.379,0.3374,1774137185962,2.38300000,49.20000000,2.38200000,181.63000000,2.38100000,680.91000000,2.38000000,286.28000000,2.37900000,1237.34000000,2.37800000,597.51000000,2.37700000,662.40000000,2.37600000,1081.17000000,2.37500000,1183.81000000,2.37400000,846.05000000,2.38500000,177.82000000,2.38600000,455.47000000,2.38700000,440.53000000,2.38800000,583.63000000,2.38900000,1189.04000000,2.39000000,1132.56000000,2.39100000,1850.12000000,2.39200000,1218.75000000,2.39300000,645.37000000,2.39400000,1389.05000000,,,,,,,,,,,,,,,,,,,,,,,,,,,,,,,,,,,,,,,,,0.00005,
0,7,384,2.37100000,2.379,0.3374,1774137186263,2.38400000,320.03000000,2.38300000,730.78000000,2.38200000,281.63000000,2.38100000,680.91000000,2.38000000,596.91000000,2.37900000,744.67000000,2.37800000,597.51000000,2.37700000,662.40000000,2.37600000,1081.17000000,2.37500000,1052.39000000,2.38700000,357.67000000,2.38800000,457.22000000,2.38900000,419.07000000,2.39000000,594.39000000,2.39100000,1357.95000000,2.39200000,1218.75000000,2.39300000,1388.92000000,2.39400000,1389.05000000,2.39500000,191.97000000,2.39600000,66.56000000,,,,,,,,,,,,,,,,,,,,,,,,,,,,,,,,,,,,,,,,,0.00005,
0,7,384,2.37000000,2.377,0.2954,1774137186563,2.38300000,4.20000000,2.38200000,507.95000000,2.38100000,680.91000000,2.38000000,596.91000000,2.37900000,744.67000000,2.37800000,597.51000000,2.37700000,662.40000000,2.37600000,1592.79000000,2.37500000,615.07000000,2.37400000,1049.84000000,2.38500000,327.45000000,2.38600000,490.95000000,2.38700000,288.45000000,2.38800000,402.72000000,2.38900000,1208.32000000,2.39000000,1253.84000000,2.39100000,1869.57000000,2.39200000,1218.75000000,2.39300000,1388.92000000,2.39400000,566.81000000,,,,,,,,,,,,,,,,,,,,,,,,,,,,,,,,,,,,,,,,,0.00005,
0,7,384,2.37100000,2.377,0.2531,1774137186864,2.38300000,693.12000000,2.38200000,507.95000000,2.38100000,859.09000000,2.38000000,596.91000000,2.37900000,744.67000000,2.37800000,597.51000000,2.37700000,662.40000000,2.37600000,1081.17000000,2.37500000,615.07000000,2.37400000,1060.83000000,2.38500000,177.81000000,2.38600000,491.24000000,2.38700000,454.98000000,2.38800000,527.81000000,2.38900000,1208.34000000,2.39000000,1413.10000000,2.39100000,1869.57000000,2.39200000,885.87000000,2.39300000,1388.92000000,2.39400000,566.81000000,,,,,,,,,,,,,,,,,,,,,,,,,,,,,,,,,,,,,,,,,0.00005,
0,7,384,2.37000000,2.377,0.2954,1774137187165,2.38100000,55.50000000,2.38000000,613.43000000,2.37900000,1334.76000000,2.37800000,597.51000000,2.37700000,662.40000000,2.37600000,1081.17000000,2.37500000,790.69000000,2.37400000,863.09000000,2.37300000,628.02000000,2.37200000,604.08000000,2.38300000,272.49000000,2.38400000,535.27000000,2.38500000,331.67000000,2.38600000,467.25000000,2.38700000,1017.29000000,2.38800000,1430.19000000,2.38900000,1720.07000000,2.39000000,1413.10000000,2.39100000,1171.32000000,2.39200000,766.06000000,,,,,,,,,,,,,,,,,,,,,,,,,,,,,,,,,,,,,,,,,0.00005,
0,7,384,2.37100000,2.377,0.2531,1774137187466,2.38100000,49.20000000,2.38000000,435.85000000,2.37900000,823.03000000,2.37800000,795.24000000,2.37700000,662.40000000,2.37600000,1081.17000000,2.37500000,1316.39000000,2.37400000,863.09000000,2.37300000,628.02000000,2.37200000,604.08000000,2.38300000,272.49000000,2.38400000,535.27000000,2.38500000,331.67000000,2.38600000,467.25000000,2.38700000,1017.29000000,2.38800000,1430.19000000,2.38900000,1720.07000000,2.39000000,1413.10000000,2.39100000,1171.32000000,2.39200000,766.06000000,,,,,,,,,,,,,,,,,,,,,,,,,,,,,,,,,,,,,,,,,0.00005,
0,7,384,2.37000000,2.377,0.2954,1774137187766,2.38300000,45.00000000,2.38200000,187.76000000,2.38100000,746.51000000,2.38000000,408.56000000,2.37900000,823.03000000,2.37800000,795.24000000,2.37700000,662.40000000,2.37600000,1081.17000000,2.37500000,790.69000000,2.37400000,863.09000000,2.38400000,55.50000000,2.38500000,235.49000000,2.38600000,275.88000000,2.38700000,505.96000000,2.38800000,1566.31000000,2.38900000,1442.44000000,2.39000000,952.13000000,2.39100000,1171.32000000,2.39200000,904.13000000,2.39300000,656.37000000,,,,,,,,,,,,,,,,,,,,,,,,,,,,,,,,,,,,,,,,,0.00005,
0,7,384,2.37000000,2.377,0.2954,1774137188067,2.38300000,177.27000000,2.38200000,443.95000000,2.38100000,719.21000000,2.38000000,719.19000000,2.37900000,923.03000000,2.37800000,597.51000000,2.37700000,662.40000000,2.37600000,1081.17000000,2.37500000,790.69000000,2.37400000,726.60000000,2.38400000,10.50000000,2.38500000,55.50000000,2.38600000,322.24000000,2.38700000,505.96000000,2.38800000,799.82000000,2.38900000,1726.65000000,2.39000000,952.13000000,2.39100000,1779.72000000,2.39200000,904.13000000,2.39300000,656.37000000,,,,,,,,,,,,,,,,,,,,,,,,,,,,,,,,,,,,,,,,,0.00005,
0,7,384,2.37000000,2.377,0.2954,1774137188367,2.38300000,45.00000000,2.38200000,443.95000000,2.38100000,867.54000000,2.38000000,719.19000000,2.37900000,923.03000000,2.37800000,597.51000000,2.37700000,1202.91000000,2.37600000,588.81000000,2.37500000,790.69000000,2.37400000,843.28000000,2.38400000,66.00000000,2.38500000,198.05000000,2.38600000,322.24000000,2.38700000,292.78000000,2.38800000,664.54000000,2.38900000,1214.92000000,2.39000000,952.13000000,2.39100000,678.65000000,2.39200000,904.13000000,2.39300000,656.37000000,,,,,,,,,,,,,,,,,,,,,,,,,,,,,,,,,,,,,,,,,0.00005,
0,7,384,2.37000000,2.377,0.2954,1774137188668,2.38300000,177.29000000,2.38200000,568.65000000,2.38100000,1408.03000000,2.38000000,719.19000000,2.37900000,744.67000000,2.37800000,597.51000000,2.37700000,1608.29000000,2.37600000,588.81000000,2.37500000,790.69000000,2.37400000,726.60000000,2.38400000,4.20000000,2.38500000,151.69000000,2.38600000,324.14000000,2.38700000,292.78000000,2.38800000,664.54000000,2.38900000,1339.92000000,2.39000000,1492.62000000,2.39100000,1084.03000000,2.39200000,904.13000000,2.39300000,656.37000000,,,,,,,,,,,,,,,,,,,,,,,,,,,,,,,,,,,,,,,,,0.00005,
0,7,384,2.37000000,2.378,0.3376,1774137188969,2.38400000,183.38000000,2.38300000,745.86000000,2.38200000,443.95000000,2.38100000,869.85000000,2.38000000,719.19000000,2.37900000,744.67000000,2.37800000,597.51000000,2.37700000,1608.29000000,2.37600000,588.81000000,2.37500000,666.87000000,2.38500000,23.10000000,2.38600000,101.86000000,2.38700000,379.00000000,2.38800000,664.54000000,2.38900000,1337.61000000,2.39000000,1695.20000000,2.39100000,678.65000000,2.39200000,1529.03000000,2.39300000,656.37000000,2.39400000,192.59000000,,,,,,,,,,,,,,,,,,,,,,,,,,,,,,,,,,,,,,,,,0.00005,
0,7,384,2.37000000,2.378,0.3376,1774137189269,2.38600000,278.48000000,2.38500000,217.54000000,2.38400000,189.68000000,2.38300000,764.16000000,2.38200000,727.32000000,2.38100000,1288.99000000,2.38000000,1146.99000000,2.37900000,744.67000000,2.37800000,597.51000000,2.37700000,1472.43000000,2.38700000,55.50000000,2.38800000,55.52000000,2.38900000,463.13000000,2.39000000,270.77000000,2.39100000,369.19000000,2.39200000,1385.60000000,2.39300000,1064.55000000,2.39400000,1384.43000000,2.39500000,190.74000000,2.39600000,168.26000000,,,,,,,,,,,,,,,,,,,,,,,,,,,,,,,,,,,,,,,,,0.00005,
0,7,384,2.36900000,2.378,0.3799,1774137189570,2.38600000,45.00000000,2.38500000,221.74000000,2.38400000,377.03000000,2.38300000,764.16000000,2.38200000,816.49000000,2.38100000,1140.66000000,2.38000000,496.91000000,2.37900000,1163.45000000,2.37800000,597.51000000,2.37700000,1185.04000000,2.38700000,53.40000000,2.38800000,193.76000000,2.38900000,463.13000000,2.39000000,270.77000000,2.39100000,576.51000000,2.39200000,1385.60000000,2.39300000,1064.55000000,2.39400000,1384.43000000,2.39500000,190.74000000,2.39600000,168.26000000,,,,,,,,,,,,,,,,,,,,,,,,,,,,,,,,,,,,,,,,,0.00005,
0,7,384,2.36900000,2.378,0.3799,1774137189871,2.38500000,49.20000000,2.38400000,404.28000000,2.38300000,764.16000000,2.38200000,816.49000000,2.38100000,1140.66000000,2.38000000,496.91000000,2.37900000,1163.45000000,2.37800000,597.51000000,2.37700000,1185.04000000,2.37600000,580.39000000,2.38700000,308.77000000,2.38800000,379.56000000,2.38900000,416.76000000,2.39000000,456.10000000,2.39100000,1011.08000000,2.39200000,1703.37000000,2.39300000,1064.55000000,2.39400000,1803.12000000,2.39500000,190.74000000,2.39600000,168.26000000,,,,,,,,,,,,,,,,,,,,,,,,,,,,,,,,,,,,,,,,,0.00005,
0,7,384,2.36900000,2.378,0.3799,1774137190171,2.38500000,160.50000000,2.38400000,510.58000000,2.38300000,764.16000000,2.38200000,816.49000000,2.38100000,1140.66000000,2.38000000,496.91000000,2.37900000,1163.45000000,2.37800000,597.51000000,2.37700000,644.53000000,2.37600000,581.93000000,2.38700000,105.60000000,2.38800000,379.56000000,2.38900000,416.76000000,2.39000000,456.10000000,2.39100000,1011.08000000,2.39200000,1703.37000000,2.39300000,1064.55000000,2.39400000,2156.86000000,2.39500000,190.74000000,2.39600000,168.26000000,,,,,,,,,,,,,,,,,,,,,,,,,,,,,,,,,,,,,,,,,0.00005,
0,7,384,2.36900000,2.378,0.3799,1774137190472,2.38600000,358.99000000,2.38500000,678.15000000,2.38400000,377.03000000,2.38300000,764.16000000,2.38200000,816.49000000,2.38100000,1140.66000000,2.38000000,496.91000000,2.37900000,1163.45000000,2.37800000,597.51000000,2.37700000,526.54000000,2.38700000,4.20000000,2.38800000,148.76000000,2.38900000,465.37000000,2.39000000,456.10000000,2.39100000,576.51000000,2.39200000,1703.37000000,2.39300000,1064.55000000,2.39400000,2032.56000000,2.39500000,190.74000000,2.39600000,168.26000000,,,,,,,,,,,,,,,,,,,,,,,,,,,,,,,,,,,,,,,,,0.00005,
0,7,384,2.36900000,2.38,0.4643,1774137190773,2.38600000,150.00000000,2.38500000,244.18000000,2.38400000,488.07000000,2.38300000,1214.59000000,2.38200000,727.32000000,2.38100000,1171.96000000,2.38000000,496.91000000,2.37900000,1195.10000000,2.37800000,597.51000000,2.37700000,647.95000000,2.38700000,4.20000000,2.38800000,240.73000000,2.38900000,508.19000000,2.39000000,270.77000000,2.39100000,576.51000000,2.39200000,1703.37000000,2.39300000,1064.55000000,2.39400000,1384.16000000,2.39500000,190.74000000,2.39600000,168.26000000,,,,,,,,,,,,,,,,,,,,,,,,,,,,,,,,,,,,,,,,,0.00005,
0,7,384,2.36900000,2.38,0.4643,1774137191074,2.38600000,177.25000000,2.38500000,694.62000000,2.38400000,488.07000000,2.38300000,1214.59000000,2.38200000,727.32000000,2.38100000,1171.96000000,2.38000000,496.91000000,2.37900000,1195.10000000,2.37800000,597.51000000,2.37700000,647.95000000,2.38700000,4.20000000,2.38800000,10.52000000,2.38900000,465.37000000,2.39000000,270.77000000,2.39100000,576.51000000,2.39200000,1703.37000000,2.39300000,1064.55000000,2.39400000,1384.16000000,2.39500000,190.74000000,2.39600000,168.26000000,,,,,,,,,,,,,,,,,,,,,,,,,,,,,,,,,,,,,,,,,0.00005,
0,7,384,2.36900000,2.381,0.5065,1774137191374,2.38800000,45.00000000,2.38700000,366.51000000,2.38600000,600.25000000,2.38500000,1205.01000000,2.38400000,898.70000000,2.38300000,1214.59000000,2.38200000,504.49000000,2.38100000,1171.96000000,2.38000000,496.91000000,2.37900000,1076.76000000,2.38900000,233.06000000,2.39000000,233.17000000,2.39100000,186.29000000,2.39200000,193.58000000,2.39300000,663.87000000,2.39400000,3506.47000000,2.39500000,640.67000000,2.39600000,1390.73000000,2.39700000,184.91000000,2.39800000,192.46000000,,,,,,,,,,,,,,,,,,,,,,,,,,,,,,,,,,,,,,,,,0.00005,
0,7,384,2.36900000,2.382,0.5488,1774137191674,2.38800000,45.00000000,2.38700000,777.42000000,2.38600000,429.21000000,2.38500000,712.27000000,2.38400000,798.70000000,2.38300000,1064.00000000,2.38200000,504.49000000,2.38100000,1171.96000000,2.38000000,496.91000000,2.37900000,1217.07000000,2.38900000,233.06000000,2.39000000,233.17000000,2.39100000,380.71000000,2.39200000,193.58000000,2.39300000,1159.87000000,2.39400000,3870.09000000,2.39500000,1300.07000000,2.39600000,1390.73000000,2.39700000,184.91000000,2.39800000,192.46000000,,,,,,,,,,,,,,,,,,,,,,,,,,,,,,,,,,,,,,,,,0.00005,
0,7,384,2.36900000,2.382,0.5488,1774137191975,2.38700000,160.50000000,2.38600000,302.59000000,2.38500000,1266.63000000,2.38400000,798.70000000,2.38300000,1064.00000000,2.38200000,504.49000000,2.38100000,1171.96000000,2.38000000,496.91000000,2.37900000,1217.07000000,2.37800000,579.52000000,2.38900000,279.37000000,2.39000000,346.81000000,2.39100000,380.71000000,2.39200000,664.19000000,2.39300000,1159.87000000,2.39400000,3420.16000000,2.39500000,1300.07000000,2.39600000,1390.73000000,2.39700000,184.91000000,2.39800000,55.49000000,,,,,,,,,,,,,,,,,,,,,,,,,,,,,,,,,,,,,,,,,0.00005,
0,7,384,2.36900000,2.382,0.5488,1774137192276,2.38700000,154.20000000,2.38600000,603.78000000,2.38500000,1266.63000000,2.38400000,687.66000000,2.38300000,613.57000000,2.38200000,504.49000000,2.38100000,1171.96000000,2.38000000,496.91000000,2.37900000,1217.07000000,2.37800000,579.52000000,2.38900000,233.06000000,2.39000000,346.81000000,2.39100000,578.97000000,2.39200000,664.19000000,2.39300000,1159.87000000,2.39400000,3420.16000000,2.39500000,1300.07000000,2.39600000,1390.73000000,2.39700000,184.91000000,2.39800000,55.49000000,,,,,,,,,,,,,,,,,,,,,,,,,,,,,,,,,,,,,,,,,0.00005,
0,7,384,2.36900000,2.382,0.5488,1774137192577,2.38700000,657.81000000,2.38600000,485.72000000,2.38500000,796.02000000,2.38400000,687.66000000,2.38300000,764.16000000,2.38200000,504.49000000,2.38100000,1171.96000000,2.38000000,496.91000000,2.37900000,1217.07000000,2.37800000,579.52000000,2.38900000,233.06000000,2.39000000,346.81000000,2.39100000,380.71000000,2.39200000,193.58000000,2.39300000,1159.87000000,2.39400000,3247.78000000,2.39500000,640.67000000,2.39600000,1390.73000000,2.39700000,184.91000000,2.39800000,169.49000000,,,,,,,,,,,,,,,,,,,,,,,,,,,,,,,,,,,,,,,,,0.00005,
0,7,384,2.36900000,2.382,0.5488,1774137192877,2.38800000,45.00000000,2.38700000,765.91000000,2.38600000,569.47000000,2.38500000,712.27000000,2.38400000,810.53000000,2.38300000,1254.24000000,2.38200000,504.49000000,2.38100000,1171.96000000,2.38000000,496.91000000,2.37900000,1217.07000000,2.38900000,233.06000000,2.39000000,346.81000000,2.39100000,380.71000000,2.39200000,193.58000000,2.39300000,1159.87000000,2.39400000,3247.78000000,2.39500000,640.67000000,2.39600000,1390.73000000,2.39700000,184.91000000,2.39800000,169.49000000,,,,,,,,,,,,,,,,,,,,,,,,,,,,,,,,,,,,,,,,,0.00005,
