spot_source_id,fut_source_id,symbol_id,ask_spot,bid_futures,spread_pct,ts,s_b1,s_b2,s_b3,s_b4,s_b5,s_b6,s_b7,s_b8,s_b9,s_b10,s_bq1,s_bq2,s_bq3,s_bq4,s_bq5,s_bq6,s_bq7,s_bq8,s_bq9,s_bq10,s_a1,s_a2,s_a3,s_a4,s_a5,s_a6,s_a7,s_a8,s_a9,s_a10,s_aq1,s_aq2,s_aq3,s_aq4,s_aq5,s_aq6,s_aq7,s_aq8,s_aq9,s_aq10,f_b1,f_b2,f_b3,f_b4,f_b5,f_b6,f_b7,f_b8,f_b9,f_b10,f_bq1,f_bq2,f_bq3,f_bq4,f_bq5,f_bq6,f_bq7,f_bq8,f_bq9,f_bq10,f_a1,f_a2,f_a3,f_a4,f_a5,f_a6,f_a7,f_a8,f_a9,f_a10,f_aq1,f_aq2,f_aq3,f_aq4,f_aq5,f_aq6,f_aq7,f_aq8,f_aq9,f_aq10,fr_r,fr_ft
0,7,208,0.00637000,0.00637,0.0,1774137104000,0.00636000,202127.00000000,0.00635000,618624.00000000,0.00634000,594903.00000000,0.00633000,318257.00000000,0.00632000,243924.00000000,0.00631000,462505.00000000,0.00630000,412809.00000000,0.00629000,244400.00000000,0.00628000,316014.00000000,0.00627000,380945.00000000,0.00637000,4267.00000000,0.00638000,101566.00000000,0.00639000,449374.00000000,0.00640000,322406.00000000,0.00641000,252757.00000000,0.00642000,543454.00000000,0.00643000,231713.00000000,0.00644000,322212.00000000,0.00645000,246241.00000000,0.00646000,240792.00000000,,,,,,,,,,,,,,,,,,,,,,,,,,,,,,,,,,,,,,,,,0.00005,
0,7,208,0.00637000,0.00636,-0.157,1774137105000,0.00635000,212382.00000000,0.00634000,798643.00000000,0.00633000,323627.00000000,0.00632000,381886.00000000,0.00631000,459288.00000000,0.00630000,416013.00000000,0.00629000,244400.00000000,0.00628000,316014.00000000,0.00627000,380945.00000000,0.00626000,40736.00000000,0.00637000,485365.00000000,0.00638000,413736.00000000,0.00639000,245570.00000000,0.00640000,250970.00000000,0.00641000,252757.00000000,0.00642000,541498.00000000,0.00643000,232937.00000000,0.00644000,322212.00000000,0.00645000,246241.00000000,0.00646000,240792.00000000,,,,,,,,,,,,,,,,,,,,,,,,,,,,,,,,,,,,,,,,,,
0,7,208,0.00637000,0.00636,-0.157,1774137106000,0.00635000,25466.00000000,0.00634000,720657.00000000,0.00633000,323627.00000000,0.00632000,323467.00000000,0.00631000,244420.00000000,0.00630000,416013.00000000,0.00629000,460819.00000000,0.00628000,316014.00000000,0.00627000,380945.00000000,0.00626000,40736.00000000,0.00637000,584785.00000000,0.00638000,305204.00000000,0.00639000,245570.00000000,0.00640000,250970.00000000,0.00641000,252757.00000000,0.00642000,541498.00000000,0.00643000,232937.00000000,0.00644000,322212.00000000,0.00645000,246241.00000000,0.00646000,240792.00000000,,,,,,,,,,,,,,,,,,,,,,,,,,,,,,,,,,,,,,,,,,
0,7,208,0.00637000,0.00636,-0.157,1774137110000,0.00635000,25466.00000000,0.00634000,832241.00000000,0.00633000,323627.00000000,0.00632000,324332.00000000,0.00631000,243555.00000000,0.00630000,416013.00000000,0.00629000,460819.00000000,0.00628000,316014.00000000,0.00627000,380945.00000000,0.00626000,45705.00000000,0.00637000,696922.00000000,0.00638000,305204.00000000,0.00639000,245570.00000000,0.00640000,250970.00000000,0.00641000,252757.00000000,0.00642000,541498.00000000,0.00643000,232937.00000000,0.00644000,322212.00000000,0.00645000,246241.00000000,0.00646000,240792.00000000,,,,,,,,,,,,,,,,,,,,,,,,,,,,,,,,,,,,,,,,,,
0,7,208,0.00637000,0.00636,-0.157,1774137111000,0.00635000,25466.00000000,0.00634000,624796.00000000,0.00633000,532065.00000000,0.00632000,323467.00000000,0.00631000,244420.00000000,0.00630000,412809.00000000,0.00629000,463972.00000000,0.00628000,316014.00000000,0.00627000,380945.00000000,0.00626000,45705.00000000,0.00636000,122193.00000000,0.00637000,599265.00000000,0.00638000,326172.00000000,0.00639000,245570.00000000,0.00640000,250970.00000000,0.00641000,231789.00000000,0.00642000,541498.00000000,0.00643000,232937.00000000,0.00644000,322212.00000000,0.00645000,246241.00000000,,,,,,,,,,,,,,,,,,,,,,,,,,,,,,,,,,,,,,,,,,
0,7,208,0.00637000,0.00636,-0.157,1774137112000,0.00635000,10339.00000000,0.00634000,517696.00000000,0.00633000,319730.00000000,0.00632000,323467.00000000,0.00631000,248565.00000000,0.00630000,412809.00000000,0.00629000,463972.00000000,0.00628000,316014.00000000,0.00627000,380945.00000000,0.00626000,45705.00000000,0.00636000,117997.00000000,0.00637000,504264.00000000,0.00638000,421251.00000000,0.00639000,245570.00000000,0.00640000,250970.00000000,0.00641000,231789.00000000,0.00642000,541498.00000000,0.00643000,232937.00000000,0.00644000,322212.00000000,0.00645000,246241.00000000,,,,,,,,,,,,,,,,,,,,,,,,,,,,,,,,,,,,,,,,,0.00005,
0,7,208,0.00636000,0.00636,0.0,1774137113000,0.00635000,538732.00000000,0.00634000,593255.00000000,0.00633000,321289.00000000,0.00632000,324332.00000000,0.00631000,243555.00000000,0.00630000,628885.00000000,0.00629000,247553.00000000,0.00628000,316014.00000000,0.00627000,380945.00000000,0.00626000,45705.00000000,0.00637000,204351.00000000,0.00638000,534646.00000000,0.00639000,245570.00000000,0.00640000,250970.00000000,0.00641000,231789.00000000,0.00642000,540274.00000000,0.00643000,232937.00000000,0.00644000,322212.00000000,0.00645000,246241.00000000,0.00646000,248725.00000000,,,,,,,,,,,,,,,,,,,,,,,,,,,,,,,,,,,,,,,,,0.00005,
0,7,208,0.00636000,0.00636,0.0,1774137114000,0.00635000,52910.00000000,0.00634000,591383.00000000,0.00633000,323626.00000000,0.00632000,324332.00000000,0.00631000,243555.00000000,0.00630000,628885.00000000,0.00629000,247553.00000000,0.00628000,316014.00000000,0.00627000,380945.00000000,0.00626000,45705.00000000,0.00636000,60157.00000000,0.00637000,391267.00000000,0.00638000,534646.00000000,0.00639000,245570.00000000,0.00640000,250970.00000000,0.00641000,231789.00000000,0.00642000,540274.00000000,0.00643000,232937.00000000,0.00644000,322212.00000000,0.00645000,246241.00000000,,,,,,,,,,,,,,,,,,,,,,,,,,,,,,,,,,,,,,,,,,
0,7,208,0.00637000,0.00636,-0.157,1774137115000,0.00635000,52910.00000000,0.00634000,615979.00000000,0.00633000,323626.00000000,0.00632000,324332.00000000,0.00631000,243555.00000000,0.00630000,412809.00000000,0.00629000,247553.00000000,0.00628000,532778.00000000,0.00627000,380945.00000000,0.00626000,45705.00000000,0.00636000,92715.00000000,0.00637000,391267.00000000,0.00638000,534646.00000000,0.00639000,245570.00000000,0.00640000,250970.00000000,0.00641000,231789.00000000,0.00642000,540274.00000000,0.00643000,307798.00000000,0.00644000,247351.00000000,0.00645000,327786.00000000,,,,,,,,,,,,,,,,,,,,,,,,,,,,,,,,,,,,,,,,,,
0,7,208,0.00636000,0.00635,-0.1572,1774137121000,0.00634000,146055.00000000,0.00633000,453154.00000000,0.00632000,325803.00000000,0.00631000,244420.00000000,0.00630000,419128.00000000,0.00629000,463972.00000000,0.00628000,316014.00000000,0.00627000,380945.00000000,0.00626000,45705.00000000,0.00625000,203791.00000000,0.00635000,84006.00000000,0.00636000,212038.00000000,0.00637000,431486.00000000,0.00638000,324271.00000000,0.00639000,245570.00000000,0.00640000,250970.00000000,0.00641000,233016.00000000,0.00642000,244928.00000000,0.00643000,307798.00000000,0.00644000,247351.00000000,,,,,,,,,,,,,,,,,,,,,,,,,,,,,,,,,,,,,,,,,0.00005,
0,7,208,0.00636000,0.00636,0.0,1774137122000,0.00634000,146055.00000000,0.00633000,431368.00000000,0.00632000,325803.00000000,0.00631000,370923.00000000,0.00630000,413676.00000000,0.00629000,460819.00000000,0.00628000,334760.00000000,0.00627000,380945.00000000,0.00626000,45705.00000000,0.00625000,203791.00000000,0.00635000,115258.00000000,0.00636000,495251.00000000,0.00637000,335342.00000000,0.00638000,323235.00000000,0.00639000,248780.00000000,0.00640000,247791.00000000,0.00641000,233016.00000000,0.00642000,244928.00000000,0.00643000,307798.00000000,0.00644000,247351.00000000,,,,,,,,,,,,,,,,,,,,,,,,,,,,,,,,,,,,,,,,,0.00005,
0,7,208,0.00635000,0.00635,0.0,1774137123000,0.00634000,137013.00000000,0.00633000,332910.00000000,0.00632000,530942.00000000,0.00631000,370923.00000000,0.00630000,413676.00000000,0.00629000,244400.00000000,0.00628000,551524.00000000,0.00627000,380945.00000000,0.00626000,45705.00000000,0.00625000,203791.00000000,0.00635000,139176.00000000,0.00636000,514243.00000000,0.00637000,411180.00000000,0.00638000,248620.00000000,0.00639000,248780.00000000,0.00640000,227578.00000000,0.00641000,233016.00000000,0.00642000,244928.00000000,0.00643000,307798.00000000,0.00644000,247351.00000000,,,,,,,,,,,,,,,,,,,,,,,,,,,,,,,,,,,,,,,,,0.00005,
0,7,208,0.00635000,0.00635,0.0,1774137124000,0.00634000,137013.00000000,0.00633000,441553.00000000,0.00632000,422102.00000000,0.00631000,370923.00000000,0.00630000,325521.00000000,0.00629000,244400.00000000,0.00628000,551524.00000000,0.00627000,380945.00000000,0.00626000,45705.00000000,0.00625000,203791.00000000,0.00635000,139176.00000000,0.00636000,514243.00000000,0.00637000,411180.00000000,0.00638000,248620.00000000,0.00639000,248780.00000000,0.00640000,227578.00000000,0.00641000,233016.00000000,0.00642000,244928.00000000,0.00643000,232937.00000000,0.00644000,322212.00000000,,,,,,,,,,,,,,,,,,,,,,,,,,,,,,,,,,,,,,,,,,
0,7,208,0.00635000,0.00635,0.0,1774137126000,0.00634000,323929.00000000,0.00633000,611362.00000000,0.00632000,325803.00000000,0.00631000,285893.00000000,0.00630000,243567.00000000,0.00629000,244400.00000000,0.00628000,551524.00000000,0.00627000,380945.00000000,0.00626000,45705.00000000,0.00625000,203791.00000000,0.00635000,25315.00000000,0.00636000,288954.00000000,0.00637000,412047.00000000,0.00638000,248620.00000000,0.00639000,248780.00000000,0.00640000,245703.00000000,0.00641000,233016.00000000,0.00642000,244928.00000000,0.00643000,230326.00000000,0.00644000,322212.00000000,,,,,,,,,,,,,,,,,,,,,,,,,,,,,,,,,,,,,,,,,0.00005,
0,7,208,0.00635000,0.00635,0.0,1774137127000,0.00634000,323929.00000000,0.00633000,406419.00000000,0.00632000,325803.00000000,0.00631000,248567.00000000,0.00630000,242700.00000000,0.00629000,244400.00000000,0.00628000,551524.00000000,0.00627000,380945.00000000,0.00626000,45705.00000000,0.00625000,203791.00000000,0.00636000,493913.00000000,0.00637000,638203.00000000,0.00638000,248620.00000000,0.00639000,248780.00000000,0.00640000,245703.00000000,0.00641000,231789.00000000,0.00642000,244928.00000000,0.00643000,232677.00000000,0.00644000,322212.00000000,0.00645000,325435.00000000,,,,,,,,,,,,,,,,,,,,,,,,,,,,,,,,,,,,,,,,,,
0,7,208,0.00635000,0.0063,-0.7874,1774137135000,0.00632000,531328.00000000,0.00631000,316260.00000000,0.00630000,317988.00000000,0.00629000,368799.00000000,0.00628000,413839.00000000,0.00627000,423429.00000000,0.00626000,450077.00000000,0.00625000,227728.00000000,0.00624000,229642.00000000,0.00623000,296140.00000000,0.00634000,79867.00000000,0.00635000,736521.00000000,0.00636000,227709.00000000,0.00637000,357725.00000000,0.00638000,251857.00000000,0.00639000,239368.00000000,0.00640000,228809.00000000,0.00641000,233017.00000000,0.00642000,319789.00000000,0.00643000,232677.00000000,,,,,,,,,,,,,,,,,,,,,,,,,,,,,,,,,,,,,,,,,0.00005,
0,7,208,0.00635000,0.0063,-0.7874,1774137136000,0.00632000,24338.00000000,0.00631000,238404.00000000,0.00630000,322258.00000000,0.00629000,368799.00000000,0.00628000,413839.00000000,0.00627000,423429.00000000,0.00626000,465786.00000000,0.00625000,227728.00000000,0.00624000,229642.00000000,0.00623000,296140.00000000,0.00633000,36182.00000000,0.00634000,295494.00000000,0.00635000,736521.00000000,0.00636000,227709.00000000,0.00637000,365505.00000000,0.00638000,251857.00000000,0.00639000,239368.00000000,0.00640000,228809.00000000,0.00641000,233017.00000000,0.00642000,319789.00000000,,,,,,,,,,,,,,,,,,,,,,,,,,,,,,,,,,,,,,,,,0.00005,
0,7,208,0.00635000,0.0063,-0.7874,1774137138000,0.00631000,15977.00000000,0.00630000,334391.00000000,0.00629000,374509.00000000,0.00628000,417780.00000000,0.00627000,331674.00000000,0.00626000,251485.00000000,0.00625000,227728.00000000,0.00624000,447795.00000000,0.00623000,296140.00000000,0.00622000,23740.00000000,0.00632000,186916.00000000,0.00633000,584345.00000000,0.00634000,260542.00000000,0.00635000,620580.00000000,0.00636000,230924.00000000,0.00637000,357725.00000000,0.00638000,231495.00000000,0.00639000,240600.00000000,0.00640000,228809.00000000,0.00641000,310229.00000000,,,,,,,,,,,,,,,,,,,,,,,,,,,,,,,,,,,,,,,,,,
0,7,208,0.00635000,0.0063,-0.7874,1774137139000,0.00631000,15977.00000000,0.00630000,441216.00000000,0.00629000,374509.00000000,0.00628000,417780.00000000,0.00627000,331674.00000000,0.00626000,251485.00000000,0.00625000,227728.00000000,0.00624000,447795.00000000,0.00623000,296140.00000000,0.00622000,23740.00000000,0.00632000,236300.00000000,0.00633000,570806.00000000,0.00634000,260542.00000000,0.00635000,627449.00000000,0.00636000,230924.00000000,0.00637000,357725.00000000,0.00638000,231495.00000000,0.00639000,240600.00000000,0.00640000,228809.00000000,0.00641000,310229.00000000,,,,,,,,,,,,,,,,,,,,,,,,,,,,,,,,,,,,,,,,,0.00005,
0,7,208,0.00635000,0.0063,-0.7874,1774137140000,0.00631000,793.00000000,0.00630000,244464.00000000,0.00629000,372175.00000000,0.00628000,419243.00000000,0.00627000,332545.00000000,0.00626000,248330.00000000,0.00625000,248291.00000000,0.00624000,447795.00000000,0.00623000,296140.00000000,0.00622000,47752.00000000,0.00632000,351424.00000000,0.00633000,491118.00000000,0.00634000,259672.00000000,0.00635000,552834.00000000,0.00636000,230924.00000000,0.00637000,357725.00000000,0.00638000,231495.00000000,0.00639000,240600.00000000,0.00640000,228809.00000000,0.00641000,310229.00000000,,,,,,,,,,,,,,,,,,,,,,,,,,,,,,,,,,,,,,,,,0.00005,
0,7,208,0.00636000,0.00631,-0.7862,1774137141000,0.00631000,793.00000000,0.00630000,15178.00000000,0.00629000,292192.00000000,0.00628000,419243.00000000,0.00627000,332545.00000000,0.00626000,248330.00000000,0.00625000,248291.00000000,0.00624000,447795.00000000,0.00623000,296140.00000000,0.00622000,47752.00000000,0.00632000,448473.00000000,0.00633000,302339.00000000,0.00634000,259672.00000000,0.00635000,552834.00000000,0.00636000,227709.00000000,0.00637000,357725.00000000,0.00638000,231495.00000000,0.00639000,240600.00000000,0.00640000,228809.00000000,0.00641000,310229.00000000,,,,,,,,,,,,,,,,,,,,,,,,,,,,,,,,,,,,,,,,,0.00005,
0,7,208,0.00636000,0.0063,-0.9434,1774137142000,0.00630000,15178.00000000,0.00629000,40609.00000000,0.00628000,516293.00000000,0.00627000,406060.00000000,0.00626000,249201.00000000,0.00625000,245141.00000000,0.00624000,468787.00000000,0.00623000,296140.00000000,0.00622000,47752.00000000,0.00621000,293224.00000000,0.00631000,186916.00000000,0.00632000,469633.00000000,0.00633000,227803.00000000,0.00634000,259672.00000000,0.00635000,549197.00000000,0.00636000,227709.00000000,0.00637000,336565.00000000,0.00638000,231495.00000000,0.00639000,240600.00000000,0.00640000,228809.00000000,,,,,,,,,,,,,,,,,,,,,,,,,,,,,,,,,,,,,,,,,0.00005,
0,7,208,0.00636000,0.00633,-0.4717,1774137143000,0.00629000,16785.00000000,0.00628000,514463.00000000,0.00627000,408392.00000000,0.00626000,322376.00000000,0.00625000,245141.00000000,0.00624000,250634.00000000,0.00623000,514644.00000000,0.00622000,47752.00000000,0.00621000,293224.00000000,0.00620000,17754.00000000,0.00631000,283698.00000000,0.00632000,376407.00000000,0.00633000,227803.00000000,0.00634000,254954.00000000,0.00635000,549197.00000000,0.00636000,227709.00000000,0.00637000,336565.00000000,0.00638000,231495.00000000,0.00639000,240600.00000000,0.00640000,228809.00000000,,,,,,,,,,,,,,,,,,,,,,,,,,,,,,,,,,,,,,,,,0.00005,
0,7,208,0.00630000,0.00629,-0.1587,1774137148000,0.00630000,125981.00000000,0.00629000,531717.00000000,0.00628000,417249.00000000,0.00627000,406934.00000000,0.00626000,248330.00000000,0.00625000,245141.00000000,0.00624000,533344.00000000,0.00623000,425328.00000000,0.00622000,47752.00000000,0.00621000,293224.00000000,0.00632000,278677.00000000,0.00633000,400423.00000000,0.00634000,254954.00000000,0.00635000,549153.00000000,0.00636000,227709.00000000,0.00637000,336565.00000000,0.00638000,231495.00000000,0.00639000,240600.00000000,0.00640000,228809.00000000,0.00641000,310229.00000000,,,,,,,,,,,,,,,,,,,,,,,,,,,,,,,,,,,,,,,,,0.00005,
0,7,208,0.00630000,0.0063,0.0,1774137149000,0.00630000,308938.00000000,0.00629000,610465.00000000,0.00628000,417249.00000000,0.00627000,406934.00000000,0.00626000,248330.00000000,0.00625000,248302.00000000,0.00624000,530127.00000000,0.00623000,425328.00000000,0.00622000,23740.00000000,0.00621000,293224.00000000,0.00632000,251767.00000000,0.00633000,325808.00000000,0.00634000,254954.00000000,0.00635000,549153.00000000,0.00636000,227709.00000000,0.00637000,336565.00000000,0.00638000,231495.00000000,0.00639000,240600.00000000,0.00640000,228809.00000000,0.00641000,310229.00000000,,,,,,,,,,,,,,,,,,,,,,,,,,,,,,,,,,,,,,,,,0.00005,
0,7,208,0.00630000,0.00629,-0.1587,1774137150000,0.00631000,28889.00000000,0.00630000,398028.00000000,0.00629000,627340.00000000,0.00628000,417249.00000000,0.00627000,406934.00000000,0.00626000,248330.00000000,0.00625000,230889.00000000,0.00624000,530127.00000000,0.00623000,425328.00000000,0.00622000,23740.00000000,0.00633000,210928.00000000,0.00634000,255828.00000000,0.00635000,545965.00000000,0.00636000,230893.00000000,0.00637000,336565.00000000,0.00638000,230263.00000000,0.00639000,240600.00000000,0.00640000,228809.00000000,0.00641000,307878.00000000,0.00642000,252903.00000000,,,,,,,,,,,,,,,,,,,,,,,,,,,,,,,,,,,,,,,,,,
0,7,208,0.00630000,0.00627,-0.4762,1774137152000,0.00632000,227668.00000000,0.00631000,333055.00000000,0.00630000,417237.00000000,0.00629000,625881.00000000,0.00628000,331544.00000000,0.00627000,334834.00000000,0.00626000,248330.00000000,0.00625000,445532.00000000,0.00624000,311974.00000000,0.00623000,385285.00000000,0.00634000,52804.00000000,0.00635000,546839.00000000,0.00636000,227709.00000000,0.00637000,336565.00000000,0.00638000,233423.00000000,0.00639000,241719.00000000,0.00640000,303670.00000000,0.00641000,318635.00000000,0.00642000,244928.00000000,0.00643000,230326.00000000,,,,,,,,,,,,,,,,,,,,,,,,,,,,,,,,,,,,,,,,,0.00005,
0,7,208,0.00629000,0.00627,-0.318,1774137153000,0.00631000,101259.00000000,0.00630000,487758.00000000,0.00629000,676348.00000000,0.00628000,462592.00000000,0.00627000,548784.00000000,0.00626000,352905.00000000,0.00625000,328987.00000000,0.00624000,311974.00000000,0.00623000,385285.00000000,0.00622000,47752.00000000,0.00633000,189605.00000000,0.00634000,469038.00000000,0.00635000,546839.00000000,0.00636000,244371.00000000,0.00637000,339789.00000000,0.00638000,227652.00000000,0.00639000,241719.00000000,0.00640000,303670.00000000,0.00641000,318635.00000000,0.00642000,244928.00000000,,,,,,,,,,,,,,,,,,,,,,,,,,,,,,,,,,,,,,,,,0.00005,
0,7,208,0.00629000,0.00628,-0.159,1774137154000,0.00630000,28851.00000000,0.00629000,848754.00000000,0.00628000,464051.00000000,0.00627000,429877.00000000,0.00626000,248330.00000000,0.00625000,575373.00000000,0.00624000,413554.00000000,0.00623000,385285.00000000,0.00622000,47752.00000000,0.00621000,293224.00000000,0.00632000,201747.00000000,0.00633000,412172.00000000,0.00634000,288700.00000000,0.00635000,545965.00000000,0.00636000,247598.00000000,0.00637000,336565.00000000,0.00638000,228887.00000000,0.00639000,242954.00000000,0.00640000,303670.00000000,0.00641000,318635.00000000,,,,,,,,,,,,,,,,,,,,,,,,,,,,,,,,,,,,,,,,,,
0,7,208,0.00628000,0.00629,0.1592,1774137155000,0.00629000,16785.00000000,0.00628000,659170.00000000,0.00627000,431335.00000000,0.00626000,389632.00000000,0.00625000,470444.00000000,0.00624000,339191.00000000,0.00623000,487015.00000000,0.00622000,47752.00000000,0.00621000,293224.00000000,0.00620000,41766.00000000,0.00631000,392286.00000000,0.00632000,225759.00000000,0.00633000,309794.00000000,0.00634000,256770.00000000,0.00635000,549170.00000000,0.00636000,244371.00000000,0.00637000,336565.00000000,0.00638000,228887.00000000,0.00639000,242954.00000000,0.00640000,303670.00000000,,,,,,,,,,,,,,,,,,,,,,,,,,,,,,,,,,,,,,,,,0.00005,
0,7,208,0.00628000,0.00631,0.4777,1774137156000,0.00629000,16785.00000000,0.00628000,303074.00000000,0.00627000,431335.00000000,0.00626000,327203.00000000,0.00625000,253514.00000000,0.00624000,554185.00000000,0.00623000,388473.00000000,0.00622000,148417.00000000,0.00621000,203791.00000000,0.00620000,41766.00000000,0.00631000,416298.00000000,0.00632000,243508.00000000,0.00633000,230492.00000000,0.00634000,259953.00000000,0.00635000,545965.00000000,0.00636000,244371.00000000,0.00637000,336565.00000000,0.00638000,228887.00000000,0.00639000,242954.00000000,0.00640000,303670.00000000,,,,,,,,,,,,,,,,,,,,,,,,,,,,,,,,,,,,,,,,,0.00005,
0,7,208,0.00627000,0.00635,1.2759,1774137157702,0.00629000,16785.00000000,0.00628000,219887.00000000,0.00627000,431335.00000000,0.00626000,327203.00000000,0.00625000,253514.00000000,0.00624000,653231.00000000,0.00623000,403806.00000000,0.00622000,146798.00000000,0.00621000,203791.00000000,0.00620000,41766.00000000,0.00630000,6079.00000000,0.00631000,508842.00000000,0.00632000,242150.00000000,0.00633000,230492.00000000,0.00634000,259953.00000000,0.00635000,545965.00000000,0.00636000,244371.00000000,0.00637000,337803.00000000,0.00638000,228887.00000000,0.00639000,242954.00000000,,,,,,,,,,,,,,,,,,,,,,,,,,,,,,,,,,,,,,,,,0.00005,
0,7,208,0.00627000,0.00636,1.4354,1774137158003,0.00629000,1430.00000000,0.00628000,103966.00000000,0.00627000,623217.00000000,0.00626000,329534.00000000,0.00625000,252640.00000000,0.00624000,554185.00000000,0.00623000,502852.00000000,0.00622000,146798.00000000,0.00621000,203791.00000000,0.00620000,41766.00000000,0.00630000,244087.00000000,0.00631000,284729.00000000,0.00632000,241276.00000000,0.00633000,230492.00000000,0.00634000,259953.00000000,0.00635000,545965.00000000,0.00636000,244371.00000000,0.00637000,337803.00000000,0.00638000,228887.00000000,0.00639000,240603.00000000,,,,,,,,,,,,,,,,,,,,,,,,,,,,,,,,,,,,,,,,,0.00005,
0,7,208,0.00627000,0.00635,1.2759,1774137158304,0.00629000,1430.00000000,0.00628000,103966.00000000,0.00627000,599280.00000000,0.00626000,329534.00000000,0.00625000,252640.00000000,0.00624000,555059.00000000,0.00623000,502852.00000000,0.00622000,146798.00000000,0.00621000,203791.00000000,0.00620000,41766.00000000,0.00630000,313990.00000000,0.00631000,222985.00000000,0.00632000,241276.00000000,0.00633000,230492.00000000,0.00634000,259953.00000000,0.00635000,545965.00000000,0.00636000,244371.00000000,0.00637000,337803.00000000,0.00638000,228887.00000000,0.00639000,240603.00000000,,,,,,,,,,,,,,,,,,,,,,,,,,,,,,,,,,,,,,,,,0.00005,
0,7,208,0.00627000,0.00635,1.2759,1774137158605,0.00628000,103966.00000000,0.00627000,317196.00000000,0.00626000,424549.00000000,0.00625000,252640.00000000,0.00624000,555059.00000000,0.00623000,499664.00000000,0.00622000,50973.00000000,0.00621000,203791.00000000,0.00620000,41766.00000000,0.00619000,203791.00000000,0.00630000,340359.00000000,0.00631000,249848.00000000,0.00632000,241276.00000000,0.00633000,230492.00000000,0.00634000,259953.00000000,0.00635000,527840.00000000,0.00636000,244371.00000000,0.00637000,337803.00000000,0.00638000,228887.00000000,0.00639000,240603.00000000,,,,,,,,,,,,,,,,,,,,,,,,,,,,,,,,,,,,,,,,,0.00005,
0,7,208,0.00627000,0.00636,1.4354,1774137158905,0.00628000,103966.00000000,0.00627000,317046.00000000,0.00626000,329534.00000000,0.00625000,338414.00000000,0.00624000,336906.00000000,0.00623000,619122.00000000,0.00622000,50973.00000000,0.00621000,203791.00000000,0.00620000,41766.00000000,0.00619000,203791.00000000,0.00630000,335638.00000000,0.00631000,249848.00000000,0.00632000,241276.00000000,0.00633000,230492.00000000,0.00634000,256770.00000000,0.00635000,527840.00000000,0.00636000,244371.00000000,0.00637000,337803.00000000,0.00638000,228887.00000000,0.00639000,240603.00000000,,,,,,,,,,,,,,,,,,,,,,,,,,,,,,,,,,,,,,,,,0.00005,
0,7,208,0.00627000,0.00636,1.4354,1774137159206,0.00628000,103966.00000000,0.00627000,103946.00000000,0.00626000,523445.00000000,0.00625000,338414.00000000,0.00624000,336906.00000000,0.00623000,619122.00000000,0.00622000,66487.00000000,0.00621000,203791.00000000,0.00620000,41766.00000000,0.00619000,203791.00000000,0.00630000,335638.00000000,0.00631000,249848.00000000,0.00632000,241276.00000000,0.00633000,233635.00000000,0.00634000,256770.00000000,0.00635000,527840.00000000,0.00636000,244371.00000000,0.00637000,337803.00000000,0.00638000,228887.00000000,0.00639000,240603.00000000,,,,,,,,,,,,,,,,,,,,,,,,,,,,,,,,,,,,,,,,,0.00005,
0,7,208,0.00628000,0.00636,1.2739,1774137159506,0.00628000,88436.00000000,0.00627000,103946.00000000,0.00626000,523446.00000000,0.00625000,338414.00000000,0.00624000,336906.00000000,0.00623000,619122.00000000,0.00622000,66487.00000000,0.00621000,203791.00000000,0.00620000,41766.00000000,0.00619000,203791.00000000,0.00629000,105144.00000000,0.00630000,141424.00000000,0.00631000,249848.00000000,0.00632000,238986.00000000,0.00633000,233635.00000000,0.00634000,256770.00000000,0.00635000,529078.00000000,0.00636000,245609.00000000,0.00637000,337803.00000000,0.00638000,228887.00000000,,,,,,,,,,,,,,,,,,,,,,,,,,,,,,,,,,,,,,,,,0.00005,
0,7,208,0.00628000,0.00636,1.2739,1774137159807,0.00628000,88436.00000000,0.00627000,199036.00000000,0.00626000,329534.00000000,0.00625000,338414.00000000,0.00624000,336906.00000000,0.00623000,619122.00000000,0.00622000,66487.00000000,0.00621000,203791.00000000,0.00620000,41766.00000000,0.00619000,203791.00000000,0.00630000,236514.00000000,0.00631000,249848.00000000,0.00632000,238986.00000000,0.00633000,233635.00000000,0.00634000,256770.00000000,0.00635000,529078.00000000,0.00636000,245609.00000000,0.00637000,337803.00000000,0.00638000,228887.00000000,0.00639000,240603.00000000,,,,,,,,,,,,,,,,,,,,,,,,,,,,,,,,,,,,,,,,,0.00005,
0,7,208,0.00628000,0.00636,1.2739,1774137160108,0.00628000,107998.00000000,0.00627000,774246.00000000,0.00626000,329534.00000000,0.00625000,338414.00000000,0.00624000,336906.00000000,0.00623000,424744.00000000,0.00622000,285342.00000000,0.00621000,203791.00000000,0.00620000,41766.00000000,0.00619000,203791.00000000,0.00630000,141424.00000000,0.00631000,249848.00000000,0.00632000,238986.00000000,0.00633000,233635.00000000,0.00634000,256770.00000000,0.00635000,527840.00000000,0.00636000,245609.00000000,0.00637000,337803.00000000,0.00638000,228887.00000000,0.00639000,240603.00000000,,,,,,,,,,,,,,,,,,,,,,,,,,,,,,,,,,,,,,,,,0.00005,
0,7,208,0.00628000,0.00635,1.1146,1774137160408,0.00628000,107998.00000000,0.00627000,776576.00000000,0.00626000,327203.00000000,0.00625000,338414.00000000,0.00624000,336906.00000000,0.00623000,424744.00000000,0.00622000,285342.00000000,0.00621000,203791.00000000,0.00620000,41766.00000000,0.00619000,203791.00000000,0.00630000,141424.00000000,0.00631000,343117.00000000,0.00632000,238986.00000000,0.00633000,233635.00000000,0.00634000,256770.00000000,0.00635000,527840.00000000,0.00636000,245609.00000000,0.00637000,337803.00000000,0.00638000,228887.00000000,0.00639000,240603.00000000,,,,,,,,,,,,,,,,,,,,,,,,,,,,,,,,,,,,,,,,,0.00005,
0,7,208,0.00628000,0.00635,1.1146,1774137160709,0.00628000,410741.00000000,0.00627000,681486.00000000,0.00626000,327203.00000000,0.00625000,338414.00000000,0.00624000,336032.00000000,0.00623000,424744.00000000,0.00622000,285342.00000000,0.00621000,203791.00000000,0.00620000,41766.00000000,0.00619000,203791.00000000,0.00630000,99446.00000000,0.00631000,342243.00000000,0.00632000,238986.00000000,0.00633000,230492.00000000,0.00634000,256770.00000000,0.00635000,527840.00000000,0.00636000,245609.00000000,0.00637000,337803.00000000,0.00638000,228887.00000000,0.00639000,240603.00000000,,,,,,,,,,,,,,,,,,,,,,,,,,,,,,,,,,,,,,,,,0.00005,
0,7,208,0.00629000,0.00633,0.6359,1774137161010,0.00628000,410741.00000000,0.00627000,681486.00000000,0.00626000,331825.00000000,0.00625000,339289.00000000,0.00624000,336032.00000000,0.00623000,424744.00000000,0.00622000,285342.00000000,0.00621000,203791.00000000,0.00620000,41766.00000000,0.00619000,203791.00000000,0.00630000,70433.00000000,0.00631000,342243.00000000,0.00632000,314476.00000000,0.00633000,230492.00000000,0.00634000,259965.00000000,0.00635000,527840.00000000,0.00636000,244371.00000000,0.00637000,337803.00000000,0.00638000,228887.00000000,0.00639000,240603.00000000,,,,,,,,,,,,,,,,,,,,,,,,,,,,,,,,,,,,,,,,,0.00005,
0,7,208,0.00629000,0.00633,0.6359,1774137161310,0.00628000,508190.00000000,0.00627000,681486.00000000,0.00626000,331825.00000000,0.00625000,339289.00000000,0.00624000,336032.00000000,0.00623000,643248.00000000,0.00622000,66487.00000000,0.00621000,203791.00000000,0.00620000,41766.00000000,0.00619000,203791.00000000,0.00630000,70433.00000000,0.00631000,439692.00000000,0.00632000,314476.00000000,0.00633000,230492.00000000,0.00634000,259965.00000000,0.00635000,527840.00000000,0.00636000,244371.00000000,0.00637000,337803.00000000,0.00638000,228887.00000000,0.00639000,240603.00000000,,,,,,,,,,,,,,,,,,,,,,,,,,,,,,,,,,,,,,,,,0.00005,
0,7,208,0.00629000,0.00633,0.6359,1774137161611,0.00628000,508190.00000000,0.00627000,681486.00000000,0.00626000,331825.00000000,0.00625000,339289.00000000,0.00624000,336032.00000000,0.00623000,643248.00000000,0.00622000,66487.00000000,0.00621000,203791.00000000,0.00620000,41766.00000000,0.00619000,203791.00000000,0.00630000,70433.00000000,0.00631000,439692.00000000,0.00632000,314476.00000000,0.00633000,230492.00000000,0.00634000,259965.00000000,0.00635000,527840.00000000,0.00636000,244371.00000000,0.00637000,337803.00000000,0.00638000,228887.00000000,0.00639000,240603.00000000,,,,,,,,,,,,,,,,,,,,,,,,,,,,,,,,,,,,,,,,,0.00005,
0,7,208,0.00629000,0.00634,0.7949,1774137161912,0.00629000,122323.00000000,0.00628000,515571.00000000,0.00627000,698361.00000000,0.00626000,331825.00000000,0.00625000,339289.00000000,0.00624000,336032.00000000,0.00623000,646438.00000000,0.00622000,63266.00000000,0.00621000,203791.00000000,0.00620000,41766.00000000,0.00631000,232099.00000000,0.00632000,416664.00000000,0.00633000,230492.00000000,0.00634000,259965.00000000,0.00635000,527840.00000000,0.00636000,244371.00000000,0.00637000,337803.00000000,0.00638000,228887.00000000,0.00639000,240603.00000000,0.00640000,303670.00000000,,,,,,,,,,,,,,,,,,,,,,,,,,,,,,,,,,,,,,,,,0.00005,
0,7,208,0.00630000,0.00634,0.6349,1774137162212,0.00629000,122323.00000000,0.00628000,515571.00000000,0.00627000,702857.00000000,0.00626000,327203.00000000,0.00625000,262932.00000000,0.00624000,336032.00000000,0.00623000,646438.00000000,0.00622000,63266.00000000,0.00621000,203791.00000000,0.00620000,41766.00000000,0.00631000,232099.00000000,0.00632000,416664.00000000,0.00633000,230492.00000000,0.00634000,259965.00000000,0.00635000,527840.00000000,0.00636000,244371.00000000,0.00637000,337803.00000000,0.00638000,228887.00000000,0.00639000,240603.00000000,0.00640000,303670.00000000,,,,,,,,,,,,,,,,,,,,,,,,,,,,,,,,,,,,,,,,,0.00005,
0,7,208,0.00630000,0.00634,0.6349,1774137162513,0.00629000,29516.00000000,0.00628000,608378.00000000,0.00627000,702857.00000000,0.00626000,327203.00000000,0.00625000,262932.00000000,0.00624000,336032.00000000,0.00623000,646438.00000000,0.00622000,63266.00000000,0.00621000,203791.00000000,0.00620000,41766.00000000,0.00631000,232099.00000000,0.00632000,416664.00000000,0.00633000,230492.00000000,0.00634000,259965.00000000,0.00635000,527840.00000000,0.00636000,244371.00000000,0.00637000,337803.00000000,0.00638000,228887.00000000,0.00639000,240603.00000000,0.00640000,303670.00000000,,,,,,,,,,,,,,,,,,,,,,,,,,,,,,,,,,,,,,,,,0.00005,
0,7,208,0.00630000,0.00634,0.6349,1774137162813,0.00629000,29516.00000000,0.00628000,705222.00000000,0.00627000,702857.00000000,0.00626000,327203.00000000,0.00625000,262932.00000000,0.00624000,336032.00000000,0.00623000,646438.00000000,0.00622000,63266.00000000,0.00621000,203791.00000000,0.00620000,41766.00000000,0.00631000,232099.00000000,0.00632000,513508.00000000,0.00633000,230492.00000000,0.00634000,259965.00000000,0.00635000,527840.00000000,0.00636000,244371.00000000,0.00637000,337803.00000000,0.00638000,228887.00000000,0.00639000,240603.00000000,0.00640000,303670.00000000,,,,,,,,,,,,,,,,,,,,,,,,,,,,,,,,,,,,,,,,,0.00005,
0,7,208,0.00630000,0.00634,0.6349,1774137163114,0.00629000,29516.00000000,0.00628000,608306.00000000,0.00627000,702857.00000000,0.00626000,327203.00000000,0.00625000,262932.00000000,0.00624000,554185.00000000,0.00623000,427934.00000000,0.00622000,63266.00000000,0.00621000,203791.00000000,0.00620000,41766.00000000,0.00630000,94098.00000000,0.00631000,324760.00000000,0.00632000,403285.00000000,0.00633000,237361.00000000,0.00634000,259965.00000000,0.00635000,529080.00000000,0.00636000,245611.00000000,0.00637000,337803.00000000,0.00638000,228887.00000000,0.00639000,240603.00000000,,,,,,,,,,,,,,,,,,,,,,,,,,,,,,,,,,,,,,,,,0.00005,
0,7,208,0.00630000,0.00635,0.7937,1774137163415,0.00629000,29516.00000000,0.00628000,608306.00000000,0.00627000,702857.00000000,0.00626000,327203.00000000,0.00625000,262932.00000000,0.00624000,554185.00000000,0.00623000,427934.00000000,0.00622000,63266.00000000,0.00621000,203791.00000000,0.00620000,41766.00000000,0.00630000,92715.00000000,0.00631000,324760.00000000,0.00632000,403285.00000000,0.00633000,237361.00000000,0.00634000,259965.00000000,0.00635000,529080.00000000,0.00636000,245611.00000000,0.00637000,337803.00000000,0.00638000,228887.00000000,0.00639000,242954.00000000,,,,,,,,,,,,,,,,,,,,,,,,,,,,,,,,,,,,,,,,,0.00005,
0,7,208,0.00630000,0.00635,0.7937,1774137163716,0.00629000,29516.00000000,0.00628000,608306.00000000,0.00627000,702857.00000000,0.00626000,327203.00000000,0.00625000,262932.00000000,0.00624000,554185.00000000,0.00623000,427934.00000000,0.00622000,63266.00000000,0.00621000,203791.00000000,0.00620000,41766.00000000,0.00630000,92715.00000000,0.00631000,324760.00000000,0.00632000,403285.00000000,0.00633000,237361.00000000,0.00634000,259965.00000000,0.00635000,529080.00000000,0.00636000,245611.00000000,0.00637000,337803.00000000,0.00638000,228887.00000000,0.00639000,242954.00000000,,,,,,,,,,,,,,,,,,,,,,,,,,,,,,,,,,,,,,,,,0.00005,
0,7,208,0.00630000,0.00635,0.7937,1774137164016,0.00628000,107998.00000000,0.00627000,702857.00000000,0.00626000,327203.00000000,0.00625000,262932.00000000,0.00624000,554185.00000000,0.00623000,427934.00000000,0.00622000,63266.00000000,0.00621000,203791.00000000,0.00620000,41766.00000000,0.00619000,203791.00000000,0.00630000,94098.00000000,0.00631000,324760.00000000,0.00632000,403285.00000000,0.00633000,237361.00000000,0.00634000,259965.00000000,0.00635000,529080.00000000,0.00636000,245611.00000000,0.00637000,337803.00000000,0.00638000,228887.00000000,0.00639000,242954.00000000,,,,,,,,,,,,,,,,,,,,,,,,,,,,,,,,,,,,,,,,,0.00005,
0,7,208,0.00630000,0.00635,0.7937,1774137164316,0.00628000,107998.00000000,0.00627000,890564.00000000,0.00626000,327203.00000000,0.00625000,253515.00000000,0.00624000,554185.00000000,0.00623000,427934.00000000,0.00622000,63266.00000000,0.00621000,203791.00000000,0.00620000,41766.00000000,0.00619000,203791.00000000,0.00630000,205948.00000000,0.00631000,242094.00000000,0.00632000,323857.00000000,0.00633000,237361.00000000,0.00634000,231112.00000000,0.00635000,529080.00000000,0.00636000,245611.00000000,0.00637000,337803.00000000,0.00638000,228887.00000000,0.00639000,242954.00000000,,,,,,,,,,,,,,,,,,,,,,,,,,,,,,,,,,,,,,,,,0.00005,
0,7,208,0.00630000,0.00635,0.7937,1774137164617,0.00628000,107998.00000000,0.00627000,886068.00000000,0.00626000,365057.00000000,0.00625000,417022.00000000,0.00624000,555060.00000000,0.00623000,427934.00000000,0.00622000,63266.00000000,0.00621000,203791.00000000,0.00620000,41766.00000000,0.00619000,203791.00000000,0.00630000,327158.00000000,0.00631000,339335.00000000,0.00632000,322982.00000000,0.00633000,237361.00000000,0.00634000,231112.00000000,0.00635000,529080.00000000,0.00636000,245611.00000000,0.00637000,337803.00000000,0.00638000,228887.00000000,0.00639000,242954.00000000,,,,,,,,,,,,,,,,,,,,,,,,,,,,,,,,,,,,,,,,,0.00005,
0,7,208,0.00632000,0.00636,0.6329,1774137164918,0.00628000,107998.00000000,0.00627000,886068.00000000,0.00626000,286184.00000000,0.00625000,331248.00000000,0.00624000,340323.00000000,0.00623000,646438.00000000,0.00622000,63266.00000000,0.00621000,203791.00000000,0.00620000,41766.00000000,0.00619000,203791.00000000,0.00630000,230113.00000000,0.00631000,259844.00000000,0.00632000,322982.00000000,0.00633000,237361.00000000,0.00634000,231112.00000000,0.00635000,529080.00000000,0.00636000,245611.00000000,0.00637000,337803.00000000,0.00638000,228887.00000000,0.00639000,242954.00000000,,,,,,,,,,,,,,,,,,,,,,,,,,,,,,,,,,,,,,,,,0.00005,
0,7,208,0.00631000,0.00635,0.6339,1774137165219,0.00628000,107998.00000000,0.00627000,690299.00000000,0.00626000,283854.00000000,0.00625000,331248.00000000,0.00624000,340323.00000000,0.00623000,646438.00000000,0.00622000,63266.00000000,0.00621000,203791.00000000,0.00620000,41766.00000000,0.00619000,203791.00000000,0.00630000,137121.00000000,0.00631000,449881.00000000,0.00632000,322982.00000000,0.00633000,237361.00000000,0.00634000,231112.00000000,0.00635000,529080.00000000,0.00636000,245611.00000000,0.00637000,337803.00000000,0.00638000,228887.00000000,0.00639000,242954.00000000,,,,,,,,,,,,,,,,,,,,,,,,,,,,,,,,,,,,,,,,,0.00005,
0,7,208,0.00632000,0.00635,0.4747,1774137165519,0.00628000,107998.00000000,0.00627000,687969.00000000,0.00626000,321531.00000000,0.00625000,331248.00000000,0.00624000,340323.00000000,0.00623000,646438.00000000,0.00622000,63266.00000000,0.00621000,203791.00000000,0.00620000,41766.00000000,0.00619000,203791.00000000,0.00630000,327294.00000000,0.00631000,259844.00000000,0.00632000,322982.00000000,0.00633000,237361.00000000,0.00634000,231112.00000000,0.00635000,529080.00000000,0.00636000,245611.00000000,0.00637000,337803.00000000,0.00638000,228887.00000000,0.00639000,242954.00000000,,,,,,,,,,,,,,,,,,,,,,,,,,,,,,,,,,,,,,,,,0.00005,
0,7,208,0.00632000,0.00635,0.4747,1774137165819,0.00629000,21359.00000000,0.00628000,107998.00000000,0.00627000,593255.00000000,0.00626000,319201.00000000,0.00625000,331248.00000000,0.00624000,340323.00000000,0.00623000,427934.00000000,0.00622000,282121.00000000,0.00621000,203791.00000000,0.00620000,41766.00000000,0.00630000,137121.00000000,0.00631000,353045.00000000,0.00632000,331126.00000000,0.00633000,237361.00000000,0.00634000,231112.00000000,0.00635000,529080.00000000,0.00636000,245611.00000000,0.00637000,337803.00000000,0.00638000,228887.00000000,0.00639000,317815.00000000,,,,,,,,,,,,,,,,,,,,,,,,,,,,,,,,,,,,,,,,,0.00005,
0,7,208,0.00632000,0.00634,0.3165,1774137166120,0.00628000,107998.00000000,0.00627000,593451.00000000,0.00626000,319201.00000000,0.00625000,331248.00000000,0.00624000,340323.00000000,0.00623000,427934.00000000,0.00622000,282121.00000000,0.00621000,203791.00000000,0.00620000,41766.00000000,0.00619000,203791.00000000,0.00630000,137121.00000000,0.00631000,353032.00000000,0.00632000,331126.00000000,0.00633000,237361.00000000,0.00634000,231112.00000000,0.00635000,529080.00000000,0.00636000,245611.00000000,0.00637000,337803.00000000,0.00638000,228887.00000000,0.00639000,317815.00000000,,,,,,,,,,,,,,,,,,,,,,,,,,,,,,,,,,,,,,,,,0.00005,
0,7,208,0.00632000,0.00634,0.3165,1774137166420,0.00628000,107998.00000000,0.00627000,593451.00000000,0.00626000,319201.00000000,0.00625000,331248.00000000,0.00624000,340323.00000000,0.00623000,427934.00000000,0.00622000,282121.00000000,0.00621000,203791.00000000,0.00620000,41766.00000000,0.00619000,203791.00000000,0.00630000,137121.00000000,0.00631000,353032.00000000,0.00632000,331126.00000000,0.00633000,237361.00000000,0.00634000,231112.00000000,0.00635000,529080.00000000,0.00636000,245611.00000000,0.00637000,337803.00000000,0.00638000,228887.00000000,0.00639000,317815.00000000,,,,,,,,,,,,,,,,,,,,,,,,,,,,,,,,,,,,,,,,,0.00005,
0,7,208,0.00632000,0.00634,0.3165,1774137166720,0.00628000,107998.00000000,0.00627000,593451.00000000,0.00626000,319201.00000000,0.00625000,331248.00000000,0.00624000,340323.00000000,0.00623000,427934.00000000,0.00622000,282121.00000000,0.00621000,203791.00000000,0.00620000,41766.00000000,0.00619000,203791.00000000,0.00630000,137121.00000000,0.00631000,353032.00000000,0.00632000,331126.00000000,0.00633000,237361.00000000,0.00634000,231112.00000000,0.00635000,529080.00000000,0.00636000,245611.00000000,0.00637000,337803.00000000,0.00638000,228887.00000000,0.00639000,317815.00000000,,,,,,,,,,,,,,,,,,,,,,,,,,,,,,,,,,,,,,,,,0.00005,
0,7,208,0.00632000,0.00635,0.4747,1774137167020,0.00628000,107998.00000000,0.00627000,593451.00000000,0.00626000,319201.00000000,0.00625000,331248.00000000,0.00624000,340323.00000000,0.00623000,427934.00000000,0.00622000,282121.00000000,0.00621000,203791.00000000,0.00620000,41766.00000000,0.00619000,203791.00000000,0.00630000,137121.00000000,0.00631000,353032.00000000,0.00632000,331126.00000000,0.00633000,237361.00000000,0.00634000,231112.00000000,0.00635000,529080.00000000,0.00636000,245611.00000000,0.00637000,337803.00000000,0.00638000,228887.00000000,0.00639000,317815.00000000,,,,,,,,,,,,,,,,,,,,,,,,,,,,,,,,,,,,,,,,,0.00005,
0,7,208,0.00633000,0.00635,0.316,1774137167322,0.00628000,107998.00000000,0.00627000,497932.00000000,0.00626000,414760.00000000,0.00625000,331248.00000000,0.00624000,340323.00000000,0.00623000,424744.00000000,0.00622000,285283.00000000,0.00621000,203791.00000000,0.00620000,41766.00000000,0.00619000,203791.00000000,0.00630000,230350.00000000,0.00631000,259844.00000000,0.00632000,331126.00000000,0.00633000,237361.00000000,0.00634000,231112.00000000,0.00635000,529080.00000000,0.00636000,245611.00000000,0.00637000,337803.00000000,0.00638000,228887.00000000,0.00639000,317815.00000000,,,,,,,,,,,,,,,,,,,,,,,,,,,,,,,,,,,,,,,,,0.00005,
0,7,208,0.00633000,0.00635,0.316,1774137167623,0.00628000,107998.00000000,0.00627000,423110.00000000,0.00626000,511760.00000000,0.00625000,331248.00000000,0.00624000,340323.00000000,0.00623000,643248.00000000,0.00622000,66428.00000000,0.00621000,203791.00000000,0.00620000,41766.00000000,0.00619000,203791.00000000,0.00630000,327215.00000000,0.00631000,259844.00000000,0.00632000,331126.00000000,0.00633000,237361.00000000,0.00634000,231112.00000000,0.00635000,529080.00000000,0.00636000,245611.00000000,0.00637000,337803.00000000,0.00638000,228887.00000000,0.00639000,317815.00000000,,,,,,,,,,,,,,,,,,,,,,,,,,,,,,,,,,,,,,,,,0.00005,
0,7,208,0.00633000,0.00635,0.316,1774137167923,0.00627000,103946.00000000,0.00626000,511837.00000000,0.00625000,331248.00000000,0.00624000,340323.00000000,0.00623000,643248.00000000,0.00622000,66428.00000000,0.00621000,203791.00000000,0.00620000,41766.00000000,0.00619000,203791.00000000,0.00618000,130868.00000000,0.00628000,12506.00000000,0.00629000,131436.00000000,0.00630000,43023.00000000,0.00631000,259844.00000000,0.00632000,256511.00000000,0.00633000,260109.00000000,0.00634000,227917.00000000,0.00635000,529080.00000000,0.00636000,245611.00000000,0.00637000,337803.00000000,,,,,,,,,,,,,,,,,,,,,,,,,,,,,,,,,,,,,,,,,0.00005,
0,7,208,0.00632000,0.00635,0.4747,1774137168224,0.00627000,12965.00000000,0.00626000,20678.00000000,0.00625000,333577.00000000,0.00624000,339448.00000000,0.00623000,643248.00000000,0.00622000,63266.00000000,0.00621000,221898.00000000,0.00620000,41766.00000000,0.00619000,203791.00000000,0.00618000,130868.00000000,0.00628000,94365.00000000,0.00629000,120008.00000000,0.00630000,59898.00000000,0.00631000,258969.00000000,0.00632000,256511.00000000,0.00633000,258163.00000000,0.00634000,229157.00000000,0.00635000,529080.00000000,0.00636000,245611.00000000,0.00637000,337803.00000000,,,,,,,,,,,,,,,,,,,,,,,,,,,,,,,,,,,,,,,,,0.00005,
0,7,208,0.00632000,0.00635,0.4747,1774137168525,0.00626000,4969.00000000,0.00625000,41787.00000000,0.00624000,512529.00000000,0.00623000,424744.00000000,0.00622000,282997.00000000,0.00621000,221898.00000000,0.00620000,60337.00000000,0.00619000,203791.00000000,0.00618000,130868.00000000,0.00617000,214974.00000000,0.00628000,227908.00000000,0.00629000,63882.00000000,0.00630000,59898.00000000,0.00631000,258969.00000000,0.00632000,259682.00000000,0.00633000,238601.00000000,0.00634000,229157.00000000,0.00635000,529080.00000000,0.00636000,245611.00000000,0.00637000,337803.00000000,,,,,,,,,,,,,,,,,,,,,,,,,,,,,,,,,,,,,,,,,0.00005,
0,7,208,0.00632000,0.00635,0.4747,1774137168825,0.00626000,4969.00000000,0.00625000,41787.00000000,0.00624000,514857.00000000,0.00623000,424744.00000000,0.00622000,282997.00000000,0.00621000,221898.00000000,0.00620000,60337.00000000,0.00619000,203791.00000000,0.00618000,130868.00000000,0.00617000,214974.00000000,0.00628000,227908.00000000,0.00629000,63882.00000000,0.00630000,59898.00000000,0.00631000,258969.00000000,0.00632000,256511.00000000,0.00633000,238601.00000000,0.00634000,229157.00000000,0.00635000,529080.00000000,0.00636000,245611.00000000,0.00637000,337803.00000000,,,,,,,,,,,,,,,,,,,,,,,,,,,,,,,,,,,,,,,,,0.00005,
0,7,208,0.00632000,0.00635,0.4747,1774137169126,0.00626000,26138.00000000,0.00625000,41787.00000000,0.00624000,515058.00000000,0.00623000,505428.00000000,0.00622000,282997.00000000,0.00621000,221898.00000000,0.00620000,60337.00000000,0.00619000,203791.00000000,0.00618000,130868.00000000,0.00617000,214974.00000000,0.00628000,227908.00000000,0.00629000,151729.00000000,0.00630000,59898.00000000,0.00631000,262118.00000000,0.00632000,256511.00000000,0.00633000,238601.00000000,0.00634000,229157.00000000,0.00635000,529080.00000000,0.00636000,245611.00000000,0.00637000,337803.00000000,,,,,,,,,,,,,,,,,,,,,,,,,,,,,,,,,,,,,,,,,0.00005,
0,7,208,0.00632000,0.00635,0.4747,1774137169427,0.00626000,26138.00000000,0.00625000,41787.00000000,0.00624000,612267.00000000,0.00623000,505428.00000000,0.00622000,282997.00000000,0.00621000,221898.00000000,0.00620000,157546.00000000,0.00619000,301000.00000000,0.00618000,130868.00000000,0.00617000,214974.00000000,0.00627000,1640.00000000,0.00628000,227908.00000000,0.00629000,63882.00000000,0.00630000,59898.00000000,0.00631000,262118.00000000,0.00632000,256511.00000000,0.00633000,238601.00000000,0.00634000,229157.00000000,0.00635000,529080.00000000,0.00636000,245611.00000000,,,,,,,,,,,,,,,,,,,,,,,,,,,,,,,,,,,,,,,,,0.00005,
0,7,208,0.00633000,0.00635,0.316,1774137169727,0.00626000,4969.00000000,0.00625000,41787.00000000,0.00624000,515552.00000000,0.00623000,505428.00000000,0.00622000,282997.00000000,0.00621000,246063.00000000,0.00620000,157546.00000000,0.00619000,301000.00000000,0.00618000,130868.00000000,0.00617000,239139.00000000,0.00627000,1640.00000000,0.00628000,227908.00000000,0.00629000,63882.00000000,0.00630000,59898.00000000,0.00631000,262118.00000000,0.00632000,256511.00000000,0.00633000,238601.00000000,0.00634000,229157.00000000,0.00635000,529080.00000000,0.00636000,245611.00000000,,,,,,,,,,,,,,,,,,,,,,,,,,,,,,,,,,,,,,,,,0.00005,
0,7,208,0.00632000,0.00635,0.4747,1774137170027,0.00626000,4969.00000000,0.00625000,41787.00000000,0.00624000,515552.00000000,0.00623000,505428.00000000,0.00622000,282997.00000000,0.00621000,246063.00000000,0.00620000,157546.00000000,0.00619000,301000.00000000,0.00618000,130868.00000000,0.00617000,239139.00000000,0.00627000,1640.00000000,0.00628000,227908.00000000,0.00629000,63882.00000000,0.00630000,59898.00000000,0.00631000,262118.00000000,0.00632000,256511.00000000,0.00633000,238601.00000000,0.00634000,229157.00000000,0.00635000,529080.00000000,0.00636000,245611.00000000,,,,,,,,,,,,,,,,,,,,,,,,,,,,,,,,,,,,,,,,,0.00005,
0,7,208,0.00632000,0.00635,0.4747,1774137170328,0.00626000,4969.00000000,0.00625000,41787.00000000,0.00624000,515552.00000000,0.00623000,505428.00000000,0.00622000,282997.00000000,0.00621000,246063.00000000,0.00620000,157546.00000000,0.00619000,301000.00000000,0.00618000,130868.00000000,0.00617000,239139.00000000,0.00627000,1640.00000000,0.00628000,227908.00000000,0.00629000,63882.00000000,0.00630000,59898.00000000,0.00631000,262118.00000000,0.00632000,256511.00000000,0.00633000,238601.00000000,0.00634000,229157.00000000,0.00635000,529080.00000000,0.00636000,245611.00000000,,,,,,,,,,,,,,,,,,,,,,,,,,,,,,,,,,,,,,,,,0.00005,
0,7,208,0.00633000,0.00635,0.316,1774137170629,0.00626000,4969.00000000,0.00625000,41787.00000000,0.00624000,515552.00000000,0.00623000,505428.00000000,0.00622000,64142.00000000,0.00621000,465270.00000000,0.00620000,157546.00000000,0.00619000,301000.00000000,0.00618000,130868.00000000,0.00617000,239139.00000000,0.00627000,1640.00000000,0.00628000,134320.00000000,0.00629000,158581.00000000,0.00630000,59898.00000000,0.00631000,262118.00000000,0.00632000,256511.00000000,0.00633000,238601.00000000,0.00634000,229157.00000000,0.00635000,529080.00000000,0.00636000,245611.00000000,,,,,,,,,,,,,,,,,,,,,,,,,,,,,,,,,,,,,,,,,0.00005,
0,7,208,0.00634000,0.00635,0.1577,1774137170929,0.00626000,22650.00000000,0.00625000,337416.00000000,0.00624000,421195.00000000,0.00623000,503023.00000000,0.00622000,262241.00000000,0.00621000,562800.00000000,0.00620000,258436.00000000,0.00619000,301000.00000000,0.00618000,130868.00000000,0.00617000,239139.00000000,0.00627000,1640.00000000,0.00628000,134320.00000000,0.00629000,158581.00000000,0.00630000,59898.00000000,0.00631000,262118.00000000,0.00632000,256511.00000000,0.00633000,238601.00000000,0.00634000,229157.00000000,0.00635000,529080.00000000,0.00636000,245611.00000000,,,,,,,,,,,,,,,,,,,,,,,,,,,,,,,,,,,,,,,,,0.00005,
0,7,208,0.00634000,0.00635,0.1577,1774137171229,0.00626000,22650.00000000,0.00625000,458389.00000000,0.00624000,418867.00000000,0.00623000,499819.00000000,0.00622000,262241.00000000,0.00621000,562800.00000000,0.00620000,258436.00000000,0.00619000,301000.00000000,0.00618000,130868.00000000,0.00617000,214974.00000000,0.00628000,134320.00000000,0.00629000,255967.00000000,0.00630000,59898.00000000,0.00631000,262118.00000000,0.00632000,256511.00000000,0.00633000,238601.00000000,0.00634000,229157.00000000,0.00635000,529080.00000000,0.00636000,245611.00000000,0.00637000,337803.00000000,,,,,,,,,,,,,,,,,,,,,,,,,,,,,,,,,,,,,,,,,0.00005,
0,7,208,0.00635000,0.00635,0.0,1774137171530,0.00626000,27827.00000000,0.00625000,458389.00000000,0.00624000,418867.00000000,0.00623000,499819.00000000,0.00622000,262241.00000000,0.00621000,562800.00000000,0.00620000,258436.00000000,0.00619000,301000.00000000,0.00618000,130868.00000000,0.00617000,214974.00000000,0.00628000,134320.00000000,0.00629000,255967.00000000,0.00630000,59898.00000000,0.00631000,262118.00000000,0.00632000,256511.00000000,0.00633000,238601.00000000,0.00634000,229157.00000000,0.00635000,529080.00000000,0.00636000,245611.00000000,0.00637000,337803.00000000,,,,,,,,,,,,,,,,,,,,,,,,,,,,,,,,,,,,,,,,,0.00005,
0,7,208,0.00634000,0.00635,0.1577,1774137171831,0.00626000,27827.00000000,0.00625000,456061.00000000,0.00624000,421195.00000000,0.00623000,499819.00000000,0.00622000,262241.00000000,0.00621000,562800.00000000,0.00620000,258436.00000000,0.00619000,301000.00000000,0.00618000,130868.00000000,0.00617000,214974.00000000,0.00628000,241145.00000000,0.00629000,255967.00000000,0.00630000,59898.00000000,0.00631000,262118.00000000,0.00632000,256511.00000000,0.00633000,238601.00000000,0.00634000,229157.00000000,0.00635000,529080.00000000,0.00636000,245611.00000000,0.00637000,230978.00000000,,,,,,,,,,,,,,,,,,,,,,,,,,,,,,,,,,,,,,,,,0.00005,
0,7,208,0.00635000,0.00635,0.0,1774137172132,0.00626000,22650.00000000,0.00625000,508320.00000000,0.00624000,421195.00000000,0.00623000,555139.00000000,0.00622000,481096.00000000,0.00621000,343593.00000000,0.00620000,258436.00000000,0.00619000,301000.00000000,0.00618000,130868.00000000,0.00617000,239216.00000000,0.00628000,241145.00000000,0.00629000,255967.00000000,0.00630000,59898.00000000,0.00631000,262118.00000000,0.00632000,256511.00000000,0.00633000,238601.00000000,0.00634000,229157.00000000,0.00635000,529080.00000000,0.00636000,245611.00000000,0.00637000,230978.00000000,,,,,,,,,,,,,,,,,,,,,,,,,,,,,,,,,,,,,,,,,0.00005,
0,7,208,0.00635000,0.00635,0.0,1774137172433,0.00627000,29508.00000000,0.00626000,342107.00000000,0.00625000,342881.00000000,0.00624000,418867.00000000,0.00623000,422418.00000000,0.00622000,480220.00000000,0.00621000,231149.00000000,0.00620000,255265.00000000,0.00619000,203791.00000000,0.00618000,130868.00000000,0.00628000,2689.00000000,0.00629000,46131.00000000,0.00630000,60776.00000000,0.00631000,258969.00000000,0.00632000,259724.00000000,0.00633000,234672.00000000,0.00634000,229157.00000000,0.00635000,529080.00000000,0.00636000,245611.00000000,0.00637000,230978.00000000,,,,,,,,,,,,,,,,,,,,,,,,,,,,,,,,,,,,,,,,,0.00005,
0,7,208,0.00635000,0.00635,0.0,1774137172734,0.00628000,24242.00000000,0.00627000,334815.00000000,0.00626000,341403.00000000,0.00625000,342881.00000000,0.00624000,333766.00000000,0.00623000,519419.00000000,0.00622000,480220.00000000,0.00621000,329028.00000000,0.00620000,255265.00000000,0.00619000,203791.00000000,0.00629000,56269.00000000,0.00630000,157777.00000000,0.00631000,354484.00000000,0.00632000,256511.00000000,0.00633000,237856.00000000,0.00634000,229157.00000000,0.00635000,529080.00000000,0.00636000,245611.00000000,0.00637000,230978.00000000,0.00638000,236815.00000000,,,,,,,,,,,,,,,,,,,,,,,,,,,,,,,,,,,,,,,,,0.00005,
0,7,208,0.00636000,0.00635,-0.1572,1774137173034,0.00628000,24242.00000000,0.00627000,281248.00000000,0.00626000,341403.00000000,0.00625000,342881.00000000,0.00624000,254578.00000000,0.00623000,519419.00000000,0.00622000,483377.00000000,0.00621000,325835.00000000,0.00620000,239865.00000000,0.00619000,203791.00000000,0.00630000,43023.00000000,0.00631000,452213.00000000,0.00632000,256511.00000000,0.00633000,237856.00000000,0.00634000,227917.00000000,0.00635000,529080.00000000,0.00636000,245611.00000000,0.00637000,230978.00000000,0.00638000,236815.00000000,0.00639000,317815.00000000,,,,,,,,,,,,,,,,,,,,,,,,,,,,,,,,,,,,,,,,,0.00005,
0,7,208,0.00636000,0.00635,-0.1572,1774137173335,0.00628000,24242.00000000,0.00627000,281248.00000000,0.00626000,341403.00000000,0.00625000,342881.00000000,0.00624000,254578.00000000,0.00623000,519419.00000000,0.00622000,483377.00000000,0.00621000,325835.00000000,0.00620000,239865.00000000,0.00619000,203791.00000000,0.00630000,43023.00000000,0.00631000,452213.00000000,0.00632000,256511.00000000,0.00633000,237856.00000000,0.00634000,227917.00000000,0.00635000,529080.00000000,0.00636000,245611.00000000,0.00637000,230978.00000000,0.00638000,236815.00000000,0.00639000,317815.00000000,,,,,,,,,,,,,,,,,,,,,,,,,,,,,,,,,,,,,,,,,0.00005,
0,7,208,0.00636000,0.00635,-0.1572,1774137173635,0.00628000,326546.00000000,0.00627000,347802.00000000,0.00626000,341403.00000000,0.00625000,340552.00000000,0.00624000,254578.00000000,0.00623000,519419.00000000,0.00622000,483377.00000000,0.00621000,325835.00000000,0.00620000,239865.00000000,0.00619000,203791.00000000,0.00630000,18858.00000000,0.00631000,339338.00000000,0.00632000,256511.00000000,0.00633000,237856.00000000,0.00634000,227917.00000000,0.00635000,529080.00000000,0.00636000,245611.00000000,0.00637000,230978.00000000,0.00638000,236815.00000000,0.00639000,317815.00000000,,,,,,,,,,,,,,,,,,,,,,,,,,,,,,,,,,,,,,,,,0.00005,
0,7,208,0.00637000,0.00635,-0.314,1774137173935,0.00629000,24242.00000000,0.00628000,406577.00000000,0.00627000,347802.00000000,0.00626000,341403.00000000,0.00625000,340552.00000000,0.00624000,254578.00000000,0.00623000,519419.00000000,0.00622000,483377.00000000,0.00621000,325835.00000000,0.00620000,215853.00000000,0.00630000,28369.00000000,0.00631000,339338.00000000,0.00632000,256511.00000000,0.00633000,237856.00000000,0.00634000,227917.00000000,0.00635000,529080.00000000,0.00636000,245611.00000000,0.00637000,230978.00000000,0.00638000,236815.00000000,0.00639000,317815.00000000,,,,,,,,,,,,,,,,,,,,,,,,,,,,,,,,,,,,,,,,,0.00005,
0,7,208,0.00636000,0.00635,-0.1572,1774137174236,0.00629000,24242.00000000,0.00628000,406577.00000000,0.00627000,347802.00000000,0.00626000,341403.00000000,0.00625000,341430.00000000,0.00624000,253700.00000000,0.00623000,737923.00000000,0.00622000,264522.00000000,0.00621000,325835.00000000,0.00620000,215853.00000000,0.00630000,56040.00000000,0.00631000,321585.00000000,0.00632000,257389.00000000,0.00633000,234672.00000000,0.00634000,231108.00000000,0.00635000,529080.00000000,0.00636000,245611.00000000,0.00637000,230978.00000000,0.00638000,228887.00000000,0.00639000,317815.00000000,,,,,,,,,,,,,,,,,,,,,,,,,,,,,,,,,,,,,,,,,0.00005,
0,7,208,0.00636000,0.00635,-0.1572,1774137174537,0.00629000,24242.00000000,0.00628000,406577.00000000,0.00627000,347802.00000000,0.00626000,341403.00000000,0.00625000,341430.00000000,0.00624000,253700.00000000,0.00623000,624711.00000000,0.00622000,249008.00000000,0.00621000,325835.00000000,0.00620000,215853.00000000,0.00631000,321585.00000000,0.00632000,257389.00000000,0.00633000,234672.00000000,0.00634000,231108.00000000,0.00635000,527840.00000000,0.00636000,245611.00000000,0.00637000,230978.00000000,0.00638000,228887.00000000,0.00639000,317815.00000000,0.00640000,228809.00000000,,,,,,,,,,,,,,,,,,,,,,,,,,,,,,,,,,,,,,,,,0.00005,
0,7,208,0.00636000,0.00635,-0.1572,1774137174837,0.00630000,24242.00000000,0.00629000,138573.00000000,0.00628000,621551.00000000,0.00627000,345095.00000000,0.00626000,342281.00000000,0.00625000,264128.00000000,0.00624000,232814.00000000,0.00623000,624711.00000000,0.00622000,245851.00000000,0.00621000,227956.00000000,0.00632000,239636.00000000,0.00633000,228681.00000000,0.00634000,227917.00000000,0.00635000,531070.00000000,0.00636000,244371.00000000,0.00637000,230978.00000000,0.00638000,228887.00000000,0.00639000,317815.00000000,0.00640000,228809.00000000,0.00641000,302879.00000000,,,,,,,,,,,,,,,,,,,,,,,,,,,,,,,,,,,,,,,,,0.00005,
0,7,208,0.00636000,0.00635,-0.1572,1774137175138,0.00630000,24242.00000000,0.00629000,138573.00000000,0.00628000,621551.00000000,0.00627000,345095.00000000,0.00626000,342281.00000000,0.00625000,264128.00000000,0.00624000,232814.00000000,0.00623000,624711.00000000,0.00622000,245851.00000000,0.00621000,227956.00000000,0.00632000,41537.00000000,0.00633000,323288.00000000,0.00634000,227917.00000000,0.00635000,531070.00000000,0.00636000,244371.00000000,0.00637000,230978.00000000,0.00638000,228887.00000000,0.00639000,317815.00000000,0.00640000,228809.00000000,0.00641000,302879.00000000,,,,,,,,,,,,,,,,,,,,,,,,,,,,,,,,,,,,,,,,,0.00005,
0,7,208,0.00637000,0.00635,-0.314,1774137175438,0.00630000,24242.00000000,0.00629000,46148.00000000,0.00628000,621551.00000000,0.00627000,342765.00000000,0.00626000,262744.00000000,0.00625000,239216.00000000,0.00624000,321817.00000000,0.00623000,624711.00000000,0.00622000,245851.00000000,0.00621000,227956.00000000,0.00633000,41765.00000000,0.00634000,322524.00000000,0.00635000,531070.00000000,0.00636000,244371.00000000,0.00637000,229740.00000000,0.00638000,228887.00000000,0.00639000,317815.00000000,0.00640000,228809.00000000,0.00641000,302879.00000000,0.00642000,268247.00000000,,,,,,,,,,,,,,,,,,,,,,,,,,,,,,,,,,,,,,,,,0.00005,
0,7,208,0.00637000,0.00635,-0.314,1774137175739,0.00631000,24242.00000000,0.00630000,118775.00000000,0.00629000,46148.00000000,0.00628000,621551.00000000,0.00627000,343643.00000000,0.00626000,261866.00000000,0.00625000,242394.00000000,0.00624000,318645.00000000,0.00623000,624711.00000000,0.00622000,245851.00000000,0.00633000,24012.00000000,0.00634000,323328.00000000,0.00635000,527840.00000000,0.00636000,247593.00000000,0.00637000,229740.00000000,0.00638000,228887.00000000,0.00639000,317815.00000000,0.00640000,228809.00000000,0.00641000,327121.00000000,0.00642000,268247.00000000,,,,,,,,,,,,,,,,,,,,,,,,,,,,,,,,,,,,,,,,,0.00005,
0,7,208,0.00636000,0.00635,-0.1572,1774137176040,0.00630000,24242.00000000,0.00629000,299212.00000000,0.00628000,621551.00000000,0.00627000,343643.00000000,0.00626000,261866.00000000,0.00625000,460198.00000000,0.00624000,318645.00000000,0.00623000,406207.00000000,0.00622000,245851.00000000,0.00621000,203791.00000000,0.00632000,33988.00000000,0.00633000,316644.00000000,0.00634000,228795.00000000,0.00635000,527840.00000000,0.00636000,247593.00000000,0.00637000,229740.00000000,0.00638000,228887.00000000,0.00639000,317815.00000000,0.00640000,228809.00000000,0.00641000,327121.00000000,,,,,,,,,,,,,,,,,,,,,,,,,,,,,,,,,,,,,,,,,0.00005,
0,7,208,0.00637000,0.00635,-0.314,1774137176340,0.00630000,195395.00000000,0.00629000,201981.00000000,0.00628000,621551.00000000,0.00627000,343643.00000000,0.00626000,261866.00000000,0.00625000,460198.00000000,0.00624000,318645.00000000,0.00623000,406207.00000000,0.00622000,245851.00000000,0.00621000,203791.00000000,0.00632000,1631.00000000,0.00633000,316644.00000000,0.00634000,228795.00000000,0.00635000,527840.00000000,0.00636000,247593.00000000,0.00637000,229740.00000000,0.00638000,228887.00000000,0.00639000,317815.00000000,0.00640000,228809.00000000,0.00641000,327121.00000000,,,,,,,,,,,,,,,,,,,,,,,,,,,,,,,,,,,,,,,,,0.00005,
0,7,208,0.00637000,0.00635,-0.314,1774137176641,0.00631000,24242.00000000,0.00630000,121602.00000000,0.00629000,201981.00000000,0.00628000,599895.00000000,0.00627000,269602.00000000,0.00626000,261866.00000000,0.00625000,460198.00000000,0.00624000,318645.00000000,0.00623000,406207.00000000,0.00622000,245851.00000000,0.00632000,59319.00000000,0.00633000,24012.00000000,0.00634000,323386.00000000,0.00635000,527840.00000000,0.00636000,247593.00000000,0.00637000,229740.00000000,0.00638000,228887.00000000,0.00639000,317815.00000000,0.00640000,228809.00000000,0.00641000,327121.00000000,,,,,,,,,,,,,,,,,,,,,,,,,,,,,,,,,,,,,,,,,0.00005,
0,7,208,0.00636000,0.00635,-0.1572,1774137176942,0.00631000,24242.00000000,0.00630000,121602.00000000,0.00629000,201981.00000000,0.00628000,599895.00000000,0.00627000,269602.00000000,0.00626000,244185.00000000,0.00625000,242394.00000000,0.00624000,536798.00000000,0.00623000,406207.00000000,0.00622000,245851.00000000,0.00633000,9091.00000000,0.00634000,323386.00000000,0.00635000,527840.00000000,0.00636000,247593.00000000,0.00637000,229740.00000000,0.00638000,228887.00000000,0.00639000,317815.00000000,0.00640000,228809.00000000,0.00641000,327121.00000000,0.00642000,268247.00000000,,,,,,,,,,,,,,,,,,,,,,,,,,,,,,,,,,,,,,,,,0.00005,
0,7,208,0.00636000,0.00635,-0.1572,1774137177243,0.00631000,24242.00000000,0.00630000,121602.00000000,0.00629000,201981.00000000,0.00628000,599895.00000000,0.00627000,269602.00000000,0.00626000,244185.00000000,0.00625000,242394.00000000,0.00624000,536798.00000000,0.00623000,406207.00000000,0.00622000,245851.00000000,0.00633000,31457.00000000,0.00634000,323386.00000000,0.00635000,527840.00000000,0.00636000,247593.00000000,0.00637000,229740.00000000,0.00638000,228887.00000000,0.00639000,317815.00000000,0.00640000,228809.00000000,0.00641000,327121.00000000,0.00642000,268247.00000000,,,,,,,,,,,,,,,,,,,,,,,,,,,,,,,,,,,,,,,,,0.00005,
0,7,208,0.00636000,0.00635,-0.1572,1774137177543,0.00631000,24242.00000000,0.00630000,121602.00000000,0.00629000,206225.00000000,0.00628000,599895.00000000,0.00627000,269602.00000000,0.00626000,244185.00000000,0.00625000,242394.00000000,0.00624000,536798.00000000,0.00623000,406207.00000000,0.00622000,245851.00000000,0.00633000,141841.00000000,0.00634000,323386.00000000,0.00635000,602455.00000000,0.00636000,247593.00000000,0.00637000,229740.00000000,0.00638000,228887.00000000,0.00639000,317815.00000000,0.00640000,228809.00000000,0.00641000,327121.00000000,0.00642000,268247.00000000,,,,,,,,,,,,,,,,,,,,,,,,,,,,,,,,,,,,,,,,,0.00005,
0,7,208,0.00635000,0.00635,0.0,1774137177844,0.00631000,24242.00000000,0.00630000,121602.00000000,0.00629000,206225.00000000,0.00628000,599895.00000000,0.00627000,269602.00000000,0.00626000,244185.00000000,0.00625000,242394.00000000,0.00624000,536798.00000000,0.00623000,406207.00000000,0.00622000,245851.00000000,0.00632000,75669.00000000,0.00633000,229556.00000000,0.00634000,323386.00000000,0.00635000,602455.00000000,0.00636000,247593.00000000,0.00637000,229740.00000000,0.00638000,228887.00000000,0.00639000,242954.00000000,0.00640000,228809.00000000,0.00641000,327121.00000000,,,,,,,,,,,,,,,,,,,,,,,,,,,,,,,,,,,,,,,,,0.00005,
0,7,208,0.00635000,0.00635,0.0,1774137178145,0.00631000,118326.00000000,0.00630000,43811.00000000,0.00629000,206225.00000000,0.00628000,600773.00000000,0.00627000,239216.00000000,0.00626000,244185.00000000,0.00625000,242394.00000000,0.00624000,536798.00000000,0.00623000,406207.00000000,0.00622000,245851.00000000,0.00634000,41001.00000000,0.00635000,696539.00000000,0.00636000,245249.00000000,0.00637000,229740.00000000,0.00638000,230831.00000000,0.00639000,242954.00000000,0.00640000,228809.00000000,0.00641000,413230.00000000,0.00642000,362331.00000000,0.00643000,292357.00000000,,,,,,,,,,,,,,,,,,,,,,,,,,,,,,,,,,,,,,,,,0.00005,
0,7,208,0.00635000,0.00635,0.0,1774137178445,0.00632000,24088.00000000,0.00631000,118326.00000000,0.00630000,46146.00000000,0.00629000,203892.00000000,0.00628000,542398.00000000,0.00627000,239216.00000000,0.00626000,247363.00000000,0.00625000,239216.00000000,0.00624000,536798.00000000,0.00623000,406207.00000000,0.00634000,51678.00000000,0.00635000,696539.00000000,0.00636000,245249.00000000,0.00637000,229740.00000000,0.00638000,230831.00000000,0.00639000,242954.00000000,0.00640000,228809.00000000,0.00641000,413230.00000000,0.00642000,362331.00000000,0.00643000,292357.00000000,,,,,,,,,,,,,,,,,,,,,,,,,,,,,,,,,,,,,,,,,0.00005,
0,7,208,0.00634000,0.00635,0.1577,1774137178746,0.00632000,117949.00000000,0.00631000,24242.00000000,0.00630000,46146.00000000,0.00629000,199648.00000000,0.00628000,542398.00000000,0.00627000,239216.00000000,0.00626000,247363.00000000,0.00625000,239216.00000000,0.00624000,536798.00000000,0.00623000,406207.00000000,0.00634000,34803.00000000,0.00635000,602455.00000000,0.00636000,457177.00000000,0.00637000,229740.00000000,0.00638000,230831.00000000,0.00639000,242954.00000000,0.00640000,228809.00000000,0.00641000,319146.00000000,0.00642000,456192.00000000,0.00643000,292357.00000000,,,,,,,,,,,,,,,,,,,,,,,,,,,,,,,,,,,,,,,,,0.00005,
0,7,208,0.00634000,0.00635,0.1577,1774137179046,0.00632000,117949.00000000,0.00631000,45112.00000000,0.00630000,46146.00000000,0.00629000,200526.00000000,0.00628000,541520.00000000,0.00627000,239216.00000000,0.00626000,247363.00000000,0.00625000,239216.00000000,0.00624000,536798.00000000,0.00623000,406207.00000000,0.00634000,11721.00000000,0.00635000,539023.00000000,0.00636000,457176.00000000,0.00637000,304355.00000000,0.00638000,230831.00000000,0.00639000,242954.00000000,0.00640000,228809.00000000,0.00641000,319146.00000000,0.00642000,456192.00000000,0.00643000,292357.00000000,,,,,,,,,,,,,,,,,,,,,,,,,,,,,,,,,,,,,,,,,0.00005,
0,7,208,0.00634000,0.00635,0.1577,1774137179347,0.00632000,117770.00000000,0.00631000,45112.00000000,0.00630000,46146.00000000,0.00629000,200526.00000000,0.00628000,541520.00000000,0.00627000,239216.00000000,0.00626000,247363.00000000,0.00625000,457020.00000000,0.00624000,318645.00000000,0.00623000,406207.00000000,0.00634000,11721.00000000,0.00635000,539023.00000000,0.00636000,339109.00000000,0.00637000,304355.00000000,0.00638000,230831.00000000,0.00639000,242954.00000000,0.00640000,228809.00000000,0.00641000,319146.00000000,0.00642000,456192.00000000,0.00643000,292357.00000000,,,,,,,,,,,,,,,,,,,,,,,,,,,,,,,,,,,,,,,,,0.00005,
0,7,208,0.00634000,0.00635,0.1577,1774137179648,0.00632000,117770.00000000,0.00631000,45112.00000000,0.00630000,46146.00000000,0.00629000,200526.00000000,0.00628000,541520.00000000,0.00627000,239216.00000000,0.00626000,247363.00000000,0.00625000,457020.00000000,0.00624000,318645.00000000,0.00623000,406207.00000000,0.00635000,539023.00000000,0.00636000,339109.00000000,0.00637000,311224.00000000,0.00638000,230831.00000000,0.00639000,242954.00000000,0.00640000,228809.00000000,0.00641000,319146.00000000,0.00642000,456192.00000000,0.00643000,292357.00000000,0.00644000,228127.00000000,,,,,,,,,,,,,,,,,,,,,,,,,,,,,,,,,,,,,,,,,0.00005,
0,7,208,0.00634000,0.00635,0.1577,1774137179949,0.00632000,117770.00000000,0.00631000,45112.00000000,0.00630000,46146.00000000,0.00629000,200526.00000000,0.00628000,541520.00000000,0.00627000,242380.00000000,0.00626000,244185.00000000,0.00625000,457020.00000000,0.00624000,318645.00000000,0.00623000,406207.00000000,0.00635000,539023.00000000,0.00636000,337979.00000000,0.00637000,305233.00000000,0.00638000,227652.00000000,0.00639000,246118.00000000,0.00640000,228809.00000000,0.00641000,319146.00000000,0.00642000,362108.00000000,0.00643000,385964.00000000,0.00644000,228127.00000000,,,,,,,,,,,,,,,,,,,,,,,,,,,,,,,,,,,,,,,,,0.00005,
0,7,208,0.00634000,0.00636,0.3155,1774137180250,0.00632000,117770.00000000,0.00631000,45112.00000000,0.00630000,46146.00000000,0.00629000,200526.00000000,0.00628000,541520.00000000,0.00627000,242380.00000000,0.00626000,244185.00000000,0.00625000,457020.00000000,0.00624000,318645.00000000,0.00623000,406207.00000000,0.00635000,539023.00000000,0.00636000,337979.00000000,0.00637000,305233.00000000,0.00638000,227652.00000000,0.00639000,244883.00000000,0.00640000,228809.00000000,0.00641000,319146.00000000,0.00642000,362108.00000000,0.00643000,385964.00000000,0.00644000,228127.00000000,,,,,,,,,,,,,,,,,,,,,,,,,,,,,,,,,,,,,,,,,0.00005,
0,7,208,0.00634000,0.00636,0.3155,1774137180550,0.00634000,348696.00000000,0.00633000,137954.00000000,0.00632000,47169.00000000,0.00631000,41117.00000000,0.00630000,41995.00000000,0.00629000,199648.00000000,0.00628000,242431.00000000,0.00627000,239216.00000000,0.00626000,244185.00000000,0.00625000,457020.00000000,0.00636000,359207.00000000,0.00637000,130046.00000000,0.00638000,303145.00000000,0.00639000,241719.00000000,0.00640000,230793.00000000,0.00641000,319146.00000000,0.00642000,268247.00000000,0.00643000,292357.00000000,0.00644000,314369.00000000,0.00645000,343109.00000000,,,,,,,,,,,,,,,,,,,,,,,,,,,,,,,,,,,,,,,,,0.00005,
0,7,208,0.00634000,0.00636,0.3155,1774137180851,0.00634000,348696.00000000,0.00633000,137954.00000000,0.00632000,47169.00000000,0.00631000,41117.00000000,0.00630000,41995.00000000,0.00629000,199648.00000000,0.00628000,242431.00000000,0.00627000,239216.00000000,0.00626000,244185.00000000,0.00625000,457020.00000000,0.00636000,359207.00000000,0.00637000,130046.00000000,0.00638000,434705.00000000,0.00639000,241719.00000000,0.00640000,230793.00000000,0.00641000,319146.00000000,0.00642000,268247.00000000,0.00643000,292357.00000000,0.00644000,314369.00000000,0.00645000,343109.00000000,,,,,,,,,,,,,,,,,,,,,,,,,,,,,,,,,,,,,,,,,0.00005,
0,7,208,0.00634000,0.00636,0.3155,1774137181151,0.00634000,446197.00000000,0.00633000,40963.00000000,0.00632000,47169.00000000,0.00631000,41117.00000000,0.00630000,41995.00000000,0.00629000,41117.00000000,0.00628000,242431.00000000,0.00627000,538196.00000000,0.00626000,244185.00000000,0.00625000,239216.00000000,0.00636000,15165.00000000,0.00637000,370086.00000000,0.00638000,400646.00000000,0.00639000,241719.00000000,0.00640000,230793.00000000,0.00641000,319146.00000000,0.00642000,268247.00000000,0.00643000,292357.00000000,0.00644000,314369.00000000,0.00645000,343109.00000000,,,,,,,,,,,,,,,,,,,,,,,,,,,,,,,,,,,,,,,,,0.00005,
0,7,208,0.00634000,0.00636,0.3155,1774137181452,0.00634000,446197.00000000,0.00633000,40963.00000000,0.00632000,47169.00000000,0.00631000,41117.00000000,0.00630000,41995.00000000,0.00629000,41117.00000000,0.00628000,242431.00000000,0.00627000,538196.00000000,0.00626000,244185.00000000,0.00625000,239216.00000000,0.00636000,1358.00000000,0.00637000,370086.00000000,0.00638000,400646.00000000,0.00639000,241719.00000000,0.00640000,305654.00000000,0.00641000,319146.00000000,0.00642000,268247.00000000,0.00643000,292357.00000000,0.00644000,314369.00000000,0.00645000,343109.00000000,,,,,,,,,,,,,,,,,,,,,,,,,,,,,,,,,,,,,,,,,0.00005,
0,7,208,0.00635000,0.00636,0.1575,1774137181753,0.00634000,442279.00000000,0.00633000,40963.00000000,0.00632000,47169.00000000,0.00631000,41117.00000000,0.00630000,41995.00000000,0.00629000,41117.00000000,0.00628000,242431.00000000,0.00627000,538196.00000000,0.00626000,244185.00000000,0.00625000,239216.00000000,0.00637000,759181.00000000,0.00638000,303145.00000000,0.00639000,241719.00000000,0.00640000,305654.00000000,0.00641000,319146.00000000,0.00642000,268247.00000000,0.00643000,385940.00000000,0.00644000,313763.00000000,0.00645000,343109.00000000,0.00646000,212697.00000000,,,,,,,,,,,,,,,,,,,,,,,,,,,,,,,,,,,,,,,,,0.00005,
0,7,208,0.00635000,0.00636,0.1575,1774137182054,0.00634000,442279.00000000,0.00633000,40963.00000000,0.00632000,47169.00000000,0.00631000,41117.00000000,0.00630000,41995.00000000,0.00629000,41117.00000000,0.00628000,242431.00000000,0.00627000,538196.00000000,0.00626000,244185.00000000,0.00625000,239216.00000000,0.00636000,32819.00000000,0.00637000,568185.00000000,0.00638000,493992.00000000,0.00639000,241719.00000000,0.00640000,305654.00000000,0.00641000,319146.00000000,0.00642000,268247.00000000,0.00643000,292357.00000000,0.00644000,407273.00000000,0.00645000,343109.00000000,,,,,,,,,,,,,,,,,,,,,,,,,,,,,,,,,,,,,,,,,0.00005,
0,7,208,0.00635000,0.00637,0.315,1774137182354,0.00634000,539692.00000000,0.00633000,40963.00000000,0.00632000,47169.00000000,0.00631000,41117.00000000,0.00630000,41995.00000000,0.00629000,41117.00000000,0.00628000,242431.00000000,0.00627000,538196.00000000,0.00626000,244185.00000000,0.00625000,239216.00000000,0.00636000,5856.00000000,0.00637000,568185.00000000,0.00638000,572808.00000000,0.00639000,241719.00000000,0.00640000,305654.00000000,0.00641000,319146.00000000,0.00642000,268247.00000000,0.00643000,292357.00000000,0.00644000,407273.00000000,0.00645000,343109.00000000,,,,,,,,,,,,,,,,,,,,,,,,,,,,,,,,,,,,,,,,,0.00005,
0,7,208,0.00635000,0.00637,0.315,1774137182654,0.00634000,539692.00000000,0.00633000,40963.00000000,0.00632000,47169.00000000,0.00631000,41995.00000000,0.00630000,41117.00000000,0.00629000,41117.00000000,0.00628000,242431.00000000,0.00627000,538196.00000000,0.00626000,244185.00000000,0.00625000,239216.00000000,0.00637000,370086.00000000,0.00638000,572805.00000000,0.00639000,241719.00000000,0.00640000,305654.00000000,0.00641000,319146.00000000,0.00642000,268247.00000000,0.00643000,292357.00000000,0.00644000,313763.00000000,0.00645000,343109.00000000,0.00646000,212697.00000000,,,,,,,,,,,,,,,,,,,,,,,,,,,,,,,,,,,,,,,,,0.00005,
0,7,208,0.00635000,0.00638,0.4724,1774137182955,0.00634000,539692.00000000,0.00633000,40963.00000000,0.00632000,47169.00000000,0.00631000,41995.00000000,0.00630000,41117.00000000,0.00629000,41117.00000000,0.00628000,242431.00000000,0.00627000,538196.00000000,0.00626000,244185.00000000,0.00625000,239216.00000000,0.00636000,1358.00000000,0.00637000,370086.00000000,0.00638000,572805.00000000,0.00639000,378195.00000000,0.00640000,305654.00000000,0.00641000,319146.00000000,0.00642000,268247.00000000,0.00643000,292357.00000000,0.00644000,313763.00000000,0.00645000,343109.00000000,,,,,,,,,,,,,,,,,,,,,,,,,,,,,,,,,,,,,,,,,0.00005,
0,7,208,0.00635000,0.00638,0.4724,1774137183255,0.00634000,539692.00000000,0.00633000,40963.00000000,0.00632000,47169.00000000,0.00631000,41995.00000000,0.00630000,41117.00000000,0.00629000,41117.00000000,0.00628000,242431.00000000,0.00627000,538196.00000000,0.00626000,244185.00000000,0.00625000,239216.00000000,0.00636000,1358.00000000,0.00637000,666515.00000000,0.00638000,475468.00000000,0.00639000,239368.00000000,0.00640000,305654.00000000,0.00641000,319146.00000000,0.00642000,268247.00000000,0.00643000,292357.00000000,0.00644000,313763.00000000,0.00645000,343109.00000000,,,,,,,,,,,,,,,,,,,,,,,,,,,,,,,,,,,,,,,,,0.00005,
0,7,208,0.00635000,0.00638,0.4724,1774137183556,0.00634000,539692.00000000,0.00633000,40963.00000000,0.00632000,47169.00000000,0.00631000,41995.00000000,0.00630000,41117.00000000,0.00629000,41117.00000000,0.00628000,242431.00000000,0.00627000,538196.00000000,0.00626000,244185.00000000,0.00625000,239216.00000000,0.00637000,568185.00000000,0.00638000,495058.00000000,0.00639000,239368.00000000,0.00640000,305654.00000000,0.00641000,321497.00000000,0.00642000,268247.00000000,0.00643000,292357.00000000,0.00644000,313763.00000000,0.00645000,343109.00000000,0.00646000,212697.00000000,,,,,,,,,,,,,,,,,,,,,,,,,,,,,,,,,,,,,,,,,0.00005,
0,7,208,0.00635000,0.00638,0.4724,1774137183856,0.00634000,539692.00000000,0.00633000,40963.00000000,0.00632000,47169.00000000,0.00631000,41995.00000000,0.00630000,41117.00000000,0.00629000,41117.00000000,0.00628000,242431.00000000,0.00627000,538196.00000000,0.00626000,244185.00000000,0.00625000,239216.00000000,0.00637000,370086.00000000,0.00638000,494102.00000000,0.00639000,240246.00000000,0.00640000,302439.00000000,0.00641000,324674.00000000,0.00642000,268247.00000000,0.00643000,292357.00000000,0.00644000,313763.00000000,0.00645000,343109.00000000,0.00646000,212697.00000000,,,,,,,,,,,,,,,,,,,,,,,,,,,,,,,,,,,,,,,,,0.00005,
0,7,208,0.00636000,0.00638,0.3145,1774137184157,0.00634000,539692.00000000,0.00633000,40963.00000000,0.00632000,47169.00000000,0.00631000,41995.00000000,0.00630000,41117.00000000,0.00629000,41117.00000000,0.00628000,242431.00000000,0.00627000,538196.00000000,0.00626000,244185.00000000,0.00625000,239216.00000000,0.00636000,2752.00000000,0.00637000,568185.00000000,0.00638000,494102.00000000,0.00639000,240246.00000000,0.00640000,227578.00000000,0.00641000,324674.00000000,0.00642000,268247.00000000,0.00643000,292357.00000000,0.00644000,313763.00000000,0.00645000,343109.00000000,,,,,,,,,,,,,,,,,,,,,,,,,,,,,,,,,,,,,,,,,0.00005,
0,7,208,0.00636000,0.00638,0.3145,1774137184458,0.00634000,348696.00000000,0.00633000,135275.00000000,0.00632000,47169.00000000,0.00631000,46045.00000000,0.00630000,41117.00000000,0.00629000,41117.00000000,0.00628000,242431.00000000,0.00627000,538196.00000000,0.00626000,244185.00000000,0.00625000,239216.00000000,0.00636000,2752.00000000,0.00637000,760572.00000000,0.00638000,302267.00000000,0.00639000,239368.00000000,0.00640000,227578.00000000,0.00641000,324674.00000000,0.00642000,268247.00000000,0.00643000,292357.00000000,0.00644000,313763.00000000,0.00645000,343109.00000000,,,,,,,,,,,,,,,,,,,,,,,,,,,,,,,,,,,,,,,,,0.00005,
0,7,208,0.00636000,0.00639,0.4717,1774137184759,0.00634000,11194.00000000,0.00633000,361860.00000000,0.00632000,240503.00000000,0.00631000,45167.00000000,0.00630000,41995.00000000,0.00629000,41117.00000000,0.00628000,242431.00000000,0.00627000,538196.00000000,0.00626000,244185.00000000,0.00625000,239216.00000000,0.00635000,91613.00000000,0.00636000,196086.00000000,0.00637000,568185.00000000,0.00638000,303145.00000000,0.00639000,240595.00000000,0.00640000,231991.00000000,0.00641000,321497.00000000,0.00642000,268247.00000000,0.00643000,292357.00000000,0.00644000,220180.00000000,,,,,,,,,,,,,,,,,,,,,,,,,,,,,,,,,,,,,,,,,0.00005,
0,7,208,0.00636000,0.00639,0.4717,1774137185060,0.00633000,361860.00000000,0.00632000,234297.00000000,0.00631000,43453.00000000,0.00630000,41117.00000000,0.00629000,41117.00000000,0.00628000,242431.00000000,0.00627000,538196.00000000,0.00626000,244185.00000000,0.00625000,239216.00000000,0.00624000,318645.00000000,0.00635000,100130.00000000,0.00636000,396862.00000000,0.00637000,569063.00000000,0.00638000,227652.00000000,0.00639000,240595.00000000,0.00640000,231991.00000000,0.00641000,321497.00000000,0.00642000,268247.00000000,0.00643000,292357.00000000,0.00644000,220180.00000000,,,,,,,,,,,,,,,,,,,,,,,,,,,,,,,,,,,,,,,,,0.00005,
0,7,208,0.00636000,0.00639,0.4717,1774137185360,0.00633000,2685.00000000,0.00632000,180459.00000000,0.00631000,135577.00000000,0.00630000,43452.00000000,0.00629000,113401.00000000,0.00628000,239216.00000000,0.00627000,541409.00000000,0.00626000,244185.00000000,0.00625000,239216.00000000,0.00624000,318645.00000000,0.00635000,494392.00000000,0.00636000,217726.00000000,0.00637000,569063.00000000,0.00638000,227652.00000000,0.00639000,243814.00000000,0.00640000,228805.00000000,0.00641000,396358.00000000,0.00642000,268247.00000000,0.00643000,292357.00000000,0.00644000,220180.00000000,,,,,,,,,,,,,,,,,,,,,,,,,,,,,,,,,,,,,,,,,0.00005,
0,7,208,0.00636000,0.00639,0.4717,1774137185661,0.00633000,2685.00000000,0.00632000,24088.00000000,0.00631000,234603.00000000,0.00630000,43452.00000000,0.00629000,41995.00000000,0.00628000,239216.00000000,0.00627000,324299.00000000,0.00626000,461641.00000000,0.00625000,239216.00000000,0.00624000,318645.00000000,0.00634000,23955.00000000,0.00635000,494392.00000000,0.00636000,218604.00000000,0.00637000,568185.00000000,0.00638000,227652.00000000,0.00639000,243814.00000000,0.00640000,228805.00000000,0.00641000,372116.00000000,0.00642000,268247.00000000,0.00643000,292357.00000000,,,,,,,,,,,,,,,,,,,,,,,,,,,,,,,,,,,,,,,,,0.00005,
0,7,208,0.00636000,0.00639,0.4717,1774137185962,0.00633000,2685.00000000,0.00632000,24088.00000000,0.00631000,234754.00000000,0.00630000,43452.00000000,0.00629000,41995.00000000,0.00628000,239216.00000000,0.00627000,324299.00000000,0.00626000,461641.00000000,0.00625000,239216.00000000,0.00624000,318645.00000000,0.00634000,23955.00000000,0.00635000,494392.00000000,0.00636000,218604.00000000,0.00637000,568185.00000000,0.00638000,227652.00000000,0.00639000,243814.00000000,0.00640000,228805.00000000,0.00641000,372116.00000000,0.00642000,268247.00000000,0.00643000,292357.00000000,,,,,,,,,,,,,,,,,,,,,,,,,,,,,,,,,,,,,,,,,0.00005,
0,7,208,0.00636000,0.00639,0.4717,1774137186263,0.00631000,574917.00000000,0.00630000,77039.00000000,0.00629000,112523.00000000,0.00628000,318718.00000000,0.00627000,321086.00000000,0.00626000,464812.00000000,0.00625000,239216.00000000,0.00624000,318645.00000000,0.00623000,406207.00000000,0.00622000,245851.00000000,0.00634000,29317.00000000,0.00635000,483198.00000000,0.00636000,218604.00000000,0.00637000,568185.00000000,0.00638000,227652.00000000,0.00639000,243814.00000000,0.00640000,228805.00000000,0.00641000,372116.00000000,0.00642000,268247.00000000,0.00643000,292357.00000000,,,,,,,,,,,,,,,,,,,,,,,,,,,,,,,,,,,,,,,,,0.00005,
0,7,208,0.00635000,0.00638,0.4724,1774137186563,0.00632000,23955.00000000,0.00631000,380226.00000000,0.00630000,77039.00000000,0.00629000,112523.00000000,0.00628000,240094.00000000,0.00627000,321086.00000000,0.00626000,247356.00000000,0.00625000,457020.00000000,0.00624000,318645.00000000,0.00623000,406207.00000000,0.00634000,29317.00000000,0.00635000,388738.00000000,0.00636000,313791.00000000,0.00637000,568185.00000000,0.00638000,227652.00000000,0.00639000,243814.00000000,0.00640000,228805.00000000,0.00641000,372116.00000000,0.00642000,268247.00000000,0.00643000,292357.00000000,,,,,,,,,,,,,,,,,,,,,,,,,,,,,,,,,,,,,,,,,0.00005,
0,7,208,0.00635000,0.00638,0.4724,1774137186864,0.00632000,23955.00000000,0.00631000,380226.00000000,0.00630000,43451.00000000,0.00629000,112523.00000000,0.00628000,249116.00000000,0.00627000,321086.00000000,0.00626000,247356.00000000,0.00625000,457020.00000000,0.00624000,318645.00000000,0.00623000,406207.00000000,0.00634000,29317.00000000,0.00635000,91613.00000000,0.00636000,413449.00000000,0.00637000,568185.00000000,0.00638000,227652.00000000,0.00639000,243814.00000000,0.00640000,228805.00000000,0.00641000,286498.00000000,0.00642000,268247.00000000,0.00643000,206650.00000000,,,,,,,,,,,,,,,,,,,,,,,,,,,,,,,,,,,,,,,,,0.00005,
0,7,208,0.00635000,0.00638,0.4724,1774137187165,0.00632000,332296.00000000,0.00631000,380226.00000000,0.00630000,43451.00000000,0.00629000,112523.00000000,0.00628000,249116.00000000,0.00627000,321086.00000000,0.00626000,247356.00000000,0.00625000,457020.00000000,0.00624000,318645.00000000,0.00623000,406207.00000000,0.00634000,29317.00000000,0.00635000,91613.00000000,0.00636000,413449.00000000,0.00637000,568185.00000000,0.00638000,227652.00000000,0.00639000,243814.00000000,0.00640000,228805.00000000,0.00641000,286498.00000000,0.00642000,268247.00000000,0.00643000,206650.00000000,,,,,,,,,,,,,,,,,,,,,,,,,,,,,,,,,,,,,,,,,0.00005,
0,7,208,0.00635000,0.00638,0.4724,1774137187466,0.00632000,332296.00000000,0.00631000,380226.00000000,0.00630000,43451.00000000,0.00629000,112523.00000000,0.00628000,249116.00000000,0.00627000,321086.00000000,0.00626000,247356.00000000,0.00625000,457020.00000000,0.00624000,318645.00000000,0.00623000,406207.00000000,0.00634000,29317.00000000,0.00635000,91613.00000000,0.00636000,413449.00000000,0.00637000,568185.00000000,0.00638000,227652.00000000,0.00639000,243814.00000000,0.00640000,228805.00000000,0.00641000,286498.00000000,0.00642000,268247.00000000,0.00643000,206650.00000000,,,,,,,,,,,,,,,,,,,,,,,,,,,,,,,,,,,,,,,,,0.00005,
0,7,208,0.00635000,0.00638,0.4724,1774137187766,0.00632000,332435.00000000,0.00631000,380226.00000000,0.00630000,43451.00000000,0.00629000,112523.00000000,0.00628000,249116.00000000,0.00627000,321086.00000000,0.00626000,247356.00000000,0.00625000,457020.00000000,0.00624000,318645.00000000,0.00623000,406207.00000000,0.00634000,29317.00000000,0.00635000,289712.00000000,0.00636000,410697.00000000,0.00637000,568185.00000000,0.00638000,227652.00000000,0.00639000,243814.00000000,0.00640000,228805.00000000,0.00641000,286498.00000000,0.00642000,268247.00000000,0.00643000,292268.00000000,,,,,,,,,,,,,,,,,,,,,,,,,,,,,,,,,,,,,,,,,0.00005,
0,7,208,0.00635000,0.00638,0.4724,1774137188067,0.00632000,332435.00000000,0.00631000,380226.00000000,0.00630000,43451.00000000,0.00629000,112523.00000000,0.00628000,249116.00000000,0.00627000,321086.00000000,0.00626000,464812.00000000,0.00625000,239216.00000000,0.00624000,318645.00000000,0.00623000,406207.00000000,0.00634000,29317.00000000,0.00635000,262468.00000000,0.00636000,410834.00000000,0.00637000,568185.00000000,0.00638000,227652.00000000,0.00639000,243814.00000000,0.00640000,228805.00000000,0.00641000,286498.00000000,0.00642000,268247.00000000,0.00643000,292268.00000000,,,,,,,,,,,,,,,,,,,,,,,,,,,,,,,,,,,,,,,,,0.00005,
0,7,208,0.00635000,0.00638,0.4724,1774137188367,0.00632000,332435.00000000,0.00631000,380226.00000000,0.00630000,43451.00000000,0.00629000,113401.00000000,0.00628000,248238.00000000,0.00627000,321086.00000000,0.00626000,464812.00000000,0.00625000,239216.00000000,0.00624000,318645.00000000,0.00623000,406207.00000000,0.00634000,29317.00000000,0.00635000,198099.00000000,0.00636000,215852.00000000,0.00637000,568185.00000000,0.00638000,227652.00000000,0.00639000,243814.00000000,0.00640000,228805.00000000,0.00641000,286498.00000000,0.00642000,268247.00000000,0.00643000,292268.00000000,,,,,,,,,,,,,,,,,,,,,,,,,,,,,,,,,,,,,,,,,0.00005,
0,7,208,0.00635000,0.00638,0.4724,1774137188668,0.00632000,332435.00000000,0.00631000,380226.00000000,0.00630000,43451.00000000,0.00629000,113401.00000000,0.00628000,248238.00000000,0.00627000,324249.00000000,0.00626000,461641.00000000,0.00625000,239216.00000000,0.00624000,318645.00000000,0.00623000,406207.00000000,0.00635000,198099.00000000,0.00636000,411274.00000000,0.00637000,569063.00000000,0.00638000,227652.00000000,0.00639000,243814.00000000,0.00640000,228805.00000000,0.00641000,286498.00000000,0.00642000,268247.00000000,0.00643000,292268.00000000,0.00644000,220180.00000000,,,,,,,,,,,,,,,,,,,,,,,,,,,,,,,,,,,,,,,,,0.00005,
0,7,208,0.00635000,0.00638,0.4724,1774137188969,0.00633000,89308.00000000,0.00632000,332435.00000000,0.00631000,380226.00000000,0.00630000,43451.00000000,0.00629000,41995.00000000,0.00628000,248238.00000000,0.00627000,324249.00000000,0.00626000,461641.00000000,0.00625000,239216.00000000,0.00624000,318645.00000000,0.00635000,23955.00000000,0.00636000,214974.00000000,0.00637000,765208.00000000,0.00638000,227652.00000000,0.00639000,242587.00000000,0.00640000,228805.00000000,0.00641000,211637.00000000,0.00642000,268247.00000000,0.00643000,378641.00000000,0.00644000,220180.00000000,,,,,,,,,,,,,,,,,,,,,,,,,,,,,,,,,,,,,,,,,0.00005,
0,7,208,0.00635000,0.00638,0.4724,1774137189269,0.00634000,2681.00000000,0.00633000,219945.00000000,0.00632000,156664.00000000,0.00631000,380226.00000000,0.00630000,41995.00000000,0.00629000,41117.00000000,0.00628000,251408.00000000,0.00627000,321086.00000000,0.00626000,461641.00000000,0.00625000,239216.00000000,0.00636000,30678.00000000,0.00637000,370086.00000000,0.00638000,323861.00000000,0.00639000,239368.00000000,0.00640000,230782.00000000,0.00641000,211637.00000000,0.00642000,268247.00000000,0.00643000,378641.00000000,0.00644000,220180.00000000,0.00645000,428816.00000000,,,,,,,,,,,,,,,,,,,,,,,,,,,,,,,,,,,,,,,,,0.00005,
0,7,208,0.00635000,0.00638,0.4724,1774137189570,0.00634000,121817.00000000,0.00633000,23955.00000000,0.00632000,156664.00000000,0.00631000,380226.00000000,0.00630000,41995.00000000,0.00629000,41117.00000000,0.00628000,251408.00000000,0.00627000,321086.00000000,0.00626000,461641.00000000,0.00625000,239216.00000000,0.00636000,30678.00000000,0.00637000,370086.00000000,0.00638000,323861.00000000,0.00639000,243422.00000000,0.00640000,313423.00000000,0.00641000,211637.00000000,0.00642000,268247.00000000,0.00643000,378641.00000000,0.00644000,220180.00000000,0.00645000,428816.00000000,,,,,,,,,,,,,,,,,,,,,,,,,,,,,,,,,,,,,,,,,0.00005,
0,7,208,0.00635000,0.00638,0.4724,1774137189871,0.00634000,26636.00000000,0.00633000,119136.00000000,0.00632000,154327.00000000,0.00631000,382563.00000000,0.00630000,41995.00000000,0.00629000,41117.00000000,0.00628000,251408.00000000,0.00627000,321086.00000000,0.00626000,461641.00000000,0.00625000,239216.00000000,0.00636000,240105.00000000,0.00637000,663366.00000000,0.00638000,228530.00000000,0.00639000,239368.00000000,0.00640000,313423.00000000,0.00641000,211637.00000000,0.00642000,268247.00000000,0.00643000,378641.00000000,0.00644000,220180.00000000,0.00645000,428816.00000000,,,,,,,,,,,,,,,,,,,,,,,,,,,,,,,,,,,,,,,,,0.00005,
0,7,208,0.00635000,0.00638,0.4724,1774137190171,0.00634000,121817.00000000,0.00633000,40830.00000000,0.00632000,156664.00000000,0.00631000,380226.00000000,0.00630000,41995.00000000,0.00629000,41117.00000000,0.00628000,251408.00000000,0.00627000,538196.00000000,0.00626000,244185.00000000,0.00625000,239216.00000000,0.00636000,1702.00000000,0.00637000,568185.00000000,0.00638000,323710.00000000,0.00639000,239368.00000000,0.00640000,313423.00000000,0.00641000,211637.00000000,0.00642000,268247.00000000,0.00643000,378641.00000000,0.00644000,220180.00000000,0.00645000,428816.00000000,,,,,,,,,,,,,,,,,,,,,,,,,,,,,,,,,,,,,,,,,0.00005,
0,7,208,0.00635000,0.00638,0.4724,1774137190472,0.00634000,26636.00000000,0.00633000,237618.00000000,0.00632000,156664.00000000,0.00631000,380226.00000000,0.00630000,41995.00000000,0.00629000,41117.00000000,0.00628000,251408.00000000,0.00627000,538196.00000000,0.00626000,244185.00000000,0.00625000,239216.00000000,0.00636000,4168.00000000,0.00637000,764973.00000000,0.00638000,228530.00000000,0.00639000,239368.00000000,0.00640000,313423.00000000,0.00641000,214248.00000000,0.00642000,268247.00000000,0.00643000,378641.00000000,0.00644000,220180.00000000,0.00645000,428816.00000000,,,,,,,,,,,,,,,,,,,,,,,,,,,,,,,,,,,,,,,,,0.00005,
0,7,208,0.00635000,0.00638,0.4724,1774137190773,0.00634000,26636.00000000,0.00633000,237618.00000000,0.00632000,156664.00000000,0.00631000,380226.00000000,0.00630000,41995.00000000,0.00629000,41117.00000000,0.00628000,251408.00000000,0.00627000,538196.00000000,0.00626000,244185.00000000,0.00625000,239216.00000000,0.00636000,4168.00000000,0.00637000,764973.00000000,0.00638000,228530.00000000,0.00639000,239368.00000000,0.00640000,313423.00000000,0.00641000,214248.00000000,0.00642000,268247.00000000,0.00643000,378641.00000000,0.00644000,220180.00000000,0.00645000,428816.00000000,,,,,,,,,,,,,,,,,,,,,,,,,,,,,,,,,,,,,,,,,0.00005,
0,7,208,0.00635000,0.00638,0.4724,1774137191074,0.00634000,26636.00000000,0.00633000,237618.00000000,0.00632000,156664.00000000,0.00631000,380226.00000000,0.00630000,41995.00000000,0.00629000,41117.00000000,0.00628000,251408.00000000,0.00627000,538196.00000000,0.00626000,244185.00000000,0.00625000,239216.00000000,0.00636000,1702.00000000,0.00637000,663367.00000000,0.00638000,228530.00000000,0.00639000,239368.00000000,0.00640000,313423.00000000,0.00641000,214248.00000000,0.00642000,268247.00000000,0.00643000,378641.00000000,0.00644000,220180.00000000,0.00645000,428816.00000000,,,,,,,,,,,,,,,,,,,,,,,,,,,,,,,,,,,,,,,,,0.00005,
0,7,208,0.00635000,0.00638,0.4724,1774137191374,0.00634000,26636.00000000,0.00633000,237618.00000000,0.00632000,160429.00000000,0.00631000,380226.00000000,0.00630000,41995.00000000,0.00629000,41117.00000000,0.00628000,251408.00000000,0.00627000,538196.00000000,0.00626000,244185.00000000,0.00625000,239216.00000000,0.00636000,1702.00000000,0.00637000,765199.00000000,0.00638000,303145.00000000,0.00639000,239368.00000000,0.00640000,313423.00000000,0.00641000,214248.00000000,0.00642000,268247.00000000,0.00643000,378641.00000000,0.00644000,220180.00000000,0.00645000,428816.00000000,,,,,,,,,,,,,,,,,,,,,,,,,,,,,,,,,,,,,,,,,0.00005,
0,7,208,0.00635000,0.00638,0.4724,1774137191674,0.00634000,2681.00000000,0.00633000,238147.00000000,0.00632000,160428.00000000,0.00631000,380226.00000000,0.00630000,41995.00000000,0.00629000,41117.00000000,0.00628000,251408.00000000,0.00627000,538196.00000000,0.00626000,244185.00000000,0.00625000,239216.00000000,0.00635000,59320.00000000,0.00636000,224473.00000000,0.00637000,765199.00000000,0.00638000,303145.00000000,0.00639000,240599.00000000,0.00640000,314654.00000000,0.00641000,214248.00000000,0.00642000,268247.00000000,0.00643000,378641.00000000,0.00644000,220180.00000000,,,,,,,,,,,,,,,,,,,,,,,,,,,,,,,,,,,,,,,,,0.00005,
0,7,208,0.00635000,0.00638,0.4724,1774137191975,0.00634000,2681.00000000,0.00633000,238147.00000000,0.00632000,158092.00000000,0.00631000,382562.00000000,0.00630000,41995.00000000,0.00629000,41117.00000000,0.00628000,251408.00000000,0.00627000,538196.00000000,0.00626000,244185.00000000,0.00625000,239216.00000000,0.00635000,47222.00000000,0.00636000,331298.00000000,0.00637000,765199.00000000,0.00638000,303145.00000000,0.00639000,239368.00000000,0.00640000,314654.00000000,0.00641000,214248.00000000,0.00642000,221216.00000000,0.00643000,378641.00000000,0.00644000,220180.00000000,,,,,,,,,,,,,,,,,,,,,,,,,,,,,,,,,,,,,,,,,0.00005,
0,7,208,0.00635000,0.00638,0.4724,1774137192276,0.00634000,2681.00000000,0.00633000,238147.00000000,0.00632000,158092.00000000,0.00631000,382562.00000000,0.00630000,41995.00000000,0.00629000,41117.00000000,0.00628000,251408.00000000,0.00627000,321086.00000000,0.00626000,461641.00000000,0.00625000,239216.00000000,0.00635000,184595.00000000,0.00636000,224473.00000000,0.00637000,765199.00000000,0.00638000,303145.00000000,0.00639000,239368.00000000,0.00640000,314654.00000000,0.00641000,214248.00000000,0.00642000,221216.00000000,0.00643000,378641.00000000,0.00644000,220180.00000000,,,,,,,,,,,,,,,,,,,,,,,,,,,,,,,,,,,,,,,,,0.00005,
0,7,208,0.00635000,0.00638,0.4724,1774137192577,0.00634000,2681.00000000,0.00633000,23955.00000000,0.00632000,355844.00000000,0.00631000,382562.00000000,0.00630000,41995.00000000,0.00629000,41117.00000000,0.00628000,251408.00000000,0.00627000,321086.00000000,0.00626000,461641.00000000,0.00625000,239216.00000000,0.00635000,201190.00000000,0.00636000,420523.00000000,0.00637000,569063.00000000,0.00638000,302267.00000000,0.00639000,239368.00000000,0.00640000,361685.00000000,0.00641000,214248.00000000,0.00642000,221216.00000000,0.00643000,430627.00000000,0.00644000,220180.00000000,,,,,,,,,,,,,,,,,,,,,,,,,,,,,,,,,,,,,,,,,0.00005,
0,7,208,0.00635000,0.00638,0.4724,1774137192877,0.00634000,2681.00000000,0.00633000,294050.00000000,0.00632000,158092.00000000,0.00631000,382562.00000000,0.00630000,41995.00000000,0.00629000,41117.00000000,0.00628000,251408.00000000,0.00627000,321086.00000000,0.00626000,461641.00000000,0.00625000,239216.00000000,0.00635000,201190.00000000,0.00636000,410351.00000000,0.00637000,569063.00000000,0.00638000,302267.00000000,0.00639000,239368.00000000,0.00640000,361685.00000000,0.00641000,214248.00000000,0.00642000,221216.00000000,0.00643000,430627.00000000,0.00644000,220180.00000000,,,,,,,,,,,,,,,,,,,,,,,,,,,,,,,,,,,,,,,,,0.00005,
0,7,208,0.00635000,0.00638,0.4724,1774137193178,0.00634000,2681.00000000,0.00633000,221709.00000000,0.00632000,158092.00000000,0.00631000,382562.00000000,0.00630000,41995.00000000,0.00629000,41117.00000000,0.00628000,251408.00000000,0.00627000,321086.00000000,0.00626000,461641.00000000,0.00625000,239216.00000000,0.00635000,92982.00000000,0.00636000,394369.00000000,0.00637000,664323.00000000,0.00638000,302267.00000000,0.00639000,239368.00000000,0.00640000,361685.00000000,0.00641000,214248.00000000,0.00642000,221216.00000000,0.00643000,430627.00000000,0.00644000,220180.00000000,,,,,,,,,,,,,,,,,,,,,,,,,,,,,,,,,,,,,,,,,0.00005,
0,7,208,0.00635000,0.00638,0.4724,1774137193478,0.00634000,2681.00000000,0.00633000,221709.00000000,0.00632000,158092.00000000,0.00631000,382562.00000000,0.00630000,41995.00000000,0.00629000,41117.00000000,0.00628000,251408.00000000,0.00627000,321086.00000000,0.00626000,461641.00000000,0.00625000,239216.00000000,0.00635000,51245.00000000,0.00636000,291401.00000000,0.00637000,767291.00000000,0.00638000,309136.00000000,0.00639000,239368.00000000,0.00640000,361685.00000000,0.00641000,214248.00000000,0.00642000,221216.00000000,0.00643000,430627.00000000,0.00644000,220180.00000000,,,,,,,,,,,,,,,,,,,,,,,,,,,,,,,,,,,,,,,,,0.00005,
0,7,208,0.00635000,0.00638,0.4724,1774137193780,0.00634000,2681.00000000,0.00633000,221709.00000000,0.00632000,158092.00000000,0.00631000,382562.00000000,0.00630000,41995.00000000,0.00629000,41117.00000000,0.00628000,251408.00000000,0.00627000,321086.00000000,0.00626000,461641.00000000,0.00625000,239216.00000000,0.00635000,5856.00000000,0.00636000,291401.00000000,0.00637000,767291.00000000,0.00638000,309136.00000000,0.00639000,239368.00000000,0.00640000,361685.00000000,0.00641000,214248.00000000,0.00642000,221216.00000000,0.00643000,430627.00000000,0.00644000,220180.00000000,,,,,,,,,,,,,,,,,,,,,,,,,,,,,,,,,,,,,,,,,0.00005,
0,7,208,0.00635000,0.00638,0.4724,1774137194081,0.00634000,133461.00000000,0.00633000,221709.00000000,0.00632000,160428.00000000,0.00631000,380226.00000000,0.00630000,41995.00000000,0.00629000,41117.00000000,0.00628000,251408.00000000,0.00627000,321086.00000000,0.00626000,461641.00000000,0.00625000,239216.00000000,0.00635000,5856.00000000,0.00636000,291401.00000000,0.00637000,767437.00000000,0.00638000,309136.00000000,0.00639000,239368.00000000,0.00640000,361685.00000000,0.00641000,214248.00000000,0.00642000,221216.00000000,0.00643000,430627.00000000,0.00644000,220180.00000000,,,,,,,,,,,,,,,,,,,,,,,,,,,,,,,,,,,,,,,,,0.00005,
0,7,208,0.00635000,0.00638,0.4724,1774137194381,0.00634000,2681.00000000,0.00633000,234287.00000000,0.00632000,253353.00000000,0.00631000,382562.00000000,0.00630000,41995.00000000,0.00629000,41117.00000000,0.00628000,251408.00000000,0.00627000,321086.00000000,0.00626000,461641.00000000,0.00625000,239216.00000000,0.00635000,94365.00000000,0.00636000,490169.00000000,0.00637000,569063.00000000,0.00638000,309136.00000000,0.00639000,239368.00000000,0.00640000,361685.00000000,0.00641000,214248.00000000,0.00642000,221216.00000000,0.00643000,430627.00000000,0.00644000,220180.00000000,,,,,,,,,,,,,,,,,,,,,,,,,,,,,,,,,,,,,,,,,0.00005,
0,7,208,0.00639000,0.00638,-0.1565,1774137194682,0.00634000,2681.00000000,0.00633000,329548.00000000,0.00632000,158092.00000000,0.00631000,382562.00000000,0.00630000,41995.00000000,0.00629000,41117.00000000,0.00628000,251408.00000000,0.00627000,321086.00000000,0.00626000,461641.00000000,0.00625000,239216.00000000,0.00635000,94365.00000000,0.00636000,490169.00000000,0.00637000,569063.00000000,0.00638000,309136.00000000,0.00639000,239368.00000000,0.00640000,361685.00000000,0.00641000,214248.00000000,0.00642000,221216.00000000,0.00643000,430627.00000000,0.00644000,220180.00000000,,,,,,,,,,,,,,,,,,,,,,,,,,,,,,,,,,,,,,,,,0.00005,
0,7,208,0.00639000,0.00638,-0.1565,1774137194983,0.00634000,2681.00000000,0.00633000,329548.00000000,0.00632000,158092.00000000,0.00631000,382562.00000000,0.00630000,41995.00000000,0.00629000,41117.00000000,0.00628000,251408.00000000,0.00627000,321086.00000000,0.00626000,461641.00000000,0.00625000,239216.00000000,0.00635000,91237.00000000,0.00636000,395055.00000000,0.00637000,663731.00000000,0.00638000,309136.00000000,0.00639000,239368.00000000,0.00640000,286824.00000000,0.00641000,214248.00000000,0.00642000,221216.00000000,0.00643000,430627.00000000,0.00644000,220180.00000000,,,,,,,,,,,,,,,,,,,,,,,,,,,,,,,,,,,,,,,,,0.00005,
0,7,208,0.00639000,0.00638,-0.1565,1774137195284,0.00634000,2681.00000000,0.00633000,329548.00000000,0.00632000,158092.00000000,0.00631000,382562.00000000,0.00630000,41995.00000000,0.00629000,41117.00000000,0.00628000,251408.00000000,0.00627000,321086.00000000,0.00626000,461641.00000000,0.00625000,239216.00000000,0.00635000,94365.00000000,0.00636000,489723.00000000,0.00637000,569063.00000000,0.00638000,309136.00000000,0.00639000,239368.00000000,0.00640000,286824.00000000,0.00641000,214248.00000000,0.00642000,221216.00000000,0.00643000,430627.00000000,0.00644000,220180.00000000,,,,,,,,,,,,,,,,,,,,,,,,,,,,,,,,,,,,,,,,,0.00005,
