spot_source_id,fut_source_id,symbol_id,ask_spot,bid_futures,spread_pct,ts,s_b1,s_b2,s_b3,s_b4,s_b5,s_b6,s_b7,s_b8,s_b9,s_b10,s_bq1,s_bq2,s_bq3,s_bq4,s_bq5,s_bq6,s_bq7,s_bq8,s_bq9,s_bq10,s_a1,s_a2,s_a3,s_a4,s_a5,s_a6,s_a7,s_a8,s_a9,s_a10,s_aq1,s_aq2,s_aq3,s_aq4,s_aq5,s_aq6,s_aq7,s_aq8,s_aq9,s_aq10,f_b1,f_b2,f_b3,f_b4,f_b5,f_b6,f_b7,f_b8,f_b9,f_b10,f_bq1,f_bq2,f_bq3,f_bq4,f_bq5,f_bq6,f_bq7,f_bq8,f_bq9,f_bq10,f_a1,f_a2,f_a3,f_a4,f_a5,f_a6,f_a7,f_a8,f_a9,f_a10,f_aq1,f_aq2,f_aq3,f_aq4,f_aq5,f_aq6,f_aq7,f_aq8,f_aq9,f_aq10,fr_r,fr_ft
0,7,532,0.00110100,0.0011046,0.327,1774137103000,0.00109900,1257577.00000000,0.00109800,1127498.00000000,0.00109700,895262.00000000,0.00109600,733220.00000000,0.00109500,2264159.00000000,0.00109400,2320402.00000000,0.00109300,546596.00000000,0.00109200,1261336.00000000,0.00109100,7537264.00000000,0.00109000,4424948.00000000,0.00110100,891148.00000000,0.00110200,283186.00000000,0.00110300,1486490.00000000,0.00110400,1221410.00000000,0.00110500,1280037.00000000,0.00110600,1137974.00000000,0.00110700,1159090.00000000,0.00110800,1099296.00000000,0.00110900,1281337.00000000,0.00111000,2047731.00000000,,,,,,,,,,,,,,,,,,,,,,,,,,,,,,,,,,,,,,,,,-0.007009,
0,7,532,0.00110000,0.0011046,0.4182,1774137104000,0.00109900,87500.00000000,0.00109800,738592.00000000,0.00109700,558583.00000000,0.00109600,533220.00000000,0.00109500,2264159.00000000,0.00109400,2320402.00000000,0.00109300,480400.00000000,0.00109200,1327532.00000000,0.00109100,7537264.00000000,0.00109000,4424948.00000000,0.00110000,459801.00000000,0.00110100,288630.00000000,0.00110200,1009007.00000000,0.00110300,1097584.00000000,0.00110400,1221410.00000000,0.00110500,1280037.00000000,0.00110600,1137974.00000000,0.00110700,2037054.00000000,0.00110800,1099296.00000000,0.00110900,1281337.00000000,,,,,,,,,,,,,,,,,,,,,,,,,,,,,,,,,,,,,,,,,-0.007009,
0,7,532,0.00109900,0.0011039,0.4459,1774137105000,0.00109800,300399.00000000,0.00109700,558583.00000000,0.00109600,909071.00000000,0.00109500,2040442.00000000,0.00109400,2327172.00000000,0.00109300,689579.00000000,0.00109200,976454.00000000,0.00109100,4773150.00000000,0.00109000,4516778.00000000,0.00108900,487622.00000000,0.00109900,473556.00000000,0.00110000,459801.00000000,0.00110100,1168463.00000000,0.00110200,1256900.00000000,0.00110300,1210361.00000000,0.00110400,1373035.00000000,0.00110500,1128286.00000000,0.00110600,1149488.00000000,0.00110700,981784.00000000,0.00110800,1099296.00000000,,,,,,,,,,,,,,,,,,,,,,,,,,,,,,,,,,,,,,,,,-0.007009,
0,7,532,0.00109900,0.0011032,0.3822,1774137106000,0.00109700,227885.00000000,0.00109600,478609.00000000,0.00109500,1939179.00000000,0.00109400,1897823.00000000,0.00109300,777189.00000000,0.00109200,1101749.00000000,0.00109100,4889720.00000000,0.00109000,5277850.00000000,0.00108900,487622.00000000,0.00108800,7745509.00000000,0.00109800,296414.00000000,0.00109900,806581.00000000,0.00110000,848707.00000000,0.00110100,1415040.00000000,0.00110200,1027558.00000000,0.00110300,1361611.00000000,0.00110400,1082332.00000000,0.00110500,2017764.00000000,0.00110600,1051387.00000000,0.00110700,981784.00000000,,,,,,,,,,,,,,,,,,,,,,,,,,,,,,,,,,,,,,,,,,
0,7,532,0.00109900,0.0011032,0.3822,1774137107000,0.00109700,289459.00000000,0.00109600,478609.00000000,0.00109500,1943319.00000000,0.00109400,1820954.00000000,0.00109300,854058.00000000,0.00109200,1101749.00000000,0.00109100,4955916.00000000,0.00109000,5211163.00000000,0.00108900,487622.00000000,0.00108800,7745509.00000000,0.00109800,177691.00000000,0.00109900,471475.00000000,0.00110000,350765.00000000,0.00110100,1352166.00000000,0.00110200,1027558.00000000,0.00110300,1361611.00000000,0.00110400,1248935.00000000,0.00110500,2017764.00000000,0.00110600,1051387.00000000,0.00110700,981784.00000000,,,,,,,,,,,,,,,,,,,,,,,,,,,,,,,,,,,,,,,,,-0.007009,
0,7,532,0.00109800,0.0011053,0.6648,1774137108000,0.00109700,205369.00000000,0.00109600,478609.00000000,0.00109500,1536231.00000000,0.00109400,1820954.00000000,0.00109300,630149.00000000,0.00109200,1340158.00000000,0.00109100,4889720.00000000,0.00109000,5186020.00000000,0.00108900,578470.00000000,0.00108800,7745509.00000000,0.00109800,467140.00000000,0.00109900,658427.00000000,0.00110000,350765.00000000,0.00110100,1352166.00000000,0.00110200,1027558.00000000,0.00110300,1361611.00000000,0.00110400,1248935.00000000,0.00110500,2017764.00000000,0.00110600,1051387.00000000,0.00110700,981784.00000000,,,,,,,,,,,,,,,,,,,,,,,,,,,,,,,,,,,,,,,,,,
0,7,532,0.00109900,0.0011032,0.3822,1774137109000,0.00109700,290836.00000000,0.00109600,357075.00000000,0.00109500,1536231.00000000,0.00109400,1820954.00000000,0.00109300,630149.00000000,0.00109200,1340158.00000000,0.00109100,4889720.00000000,0.00109000,5186020.00000000,0.00108900,578470.00000000,0.00108800,7745509.00000000,0.00109800,336381.00000000,0.00109900,301532.00000000,0.00110000,758965.00000000,0.00110100,1352166.00000000,0.00110200,1027558.00000000,0.00110300,1344829.00000000,0.00110400,1248935.00000000,0.00110500,2017764.00000000,0.00110600,1051387.00000000,0.00110700,981784.00000000,,,,,,,,,,,,,,,,,,,,,,,,,,,,,,,,,,,,,,,,,-0.007009,
0,7,532,0.00109800,0.0011032,0.4736,1774137111000,0.00109700,229988.00000000,0.00109600,357075.00000000,0.00109500,1925137.00000000,0.00109400,1830694.00000000,0.00109300,791470.00000000,0.00109200,1178618.00000000,0.00109100,4889720.00000000,0.00109000,5276868.00000000,0.00108900,487622.00000000,0.00108800,7745509.00000000,0.00109800,350518.00000000,0.00109900,301532.00000000,0.00110000,739671.00000000,0.00110100,1510225.00000000,0.00110200,1027558.00000000,0.00110300,1518379.00000000,0.00110400,1090876.00000000,0.00110500,2094633.00000000,0.00110600,1128256.00000000,0.00110700,981784.00000000,,,,,,,,,,,,,,,,,,,,,,,,,,,,,,,,,,,,,,,,,-0.007009,
0,7,532,0.00109800,0.0011025,0.4098,1774137112000,0.00109600,133077.00000000,0.00109500,2224556.00000000,0.00109400,1810321.00000000,0.00109300,599884.00000000,0.00109200,1130613.00000000,0.00109100,4057629.00000000,0.00109000,4488068.00000000,0.00108900,1946385.00000000,0.00108800,8302011.00000000,0.00108700,2480282.00000000,0.00109700,190223.00000000,0.00109800,515734.00000000,0.00109900,318004.00000000,0.00110000,1374612.00000000,0.00110100,1280984.00000000,0.00110200,1178557.00000000,0.00110300,1367129.00000000,0.00110400,1102390.00000000,0.00110500,2083119.00000000,0.00110600,1128256.00000000,,,,,,,,,,,,,,,,,,,,,,,,,,,,,,,,,,,,,,,,,,
0,7,532,0.00109800,0.0011027,0.4281,1774137113000,0.00109600,327830.00000000,0.00109500,2318488.00000000,0.00109400,1796846.00000000,0.00109300,599884.00000000,0.00109200,1310744.00000000,0.00109100,4057629.00000000,0.00109000,4754261.00000000,0.00108900,1680192.00000000,0.00108800,8302011.00000000,0.00108700,2480282.00000000,0.00109700,2083.00000000,0.00109800,515734.00000000,0.00109900,318004.00000000,0.00110000,966412.00000000,0.00110100,1280984.00000000,0.00110200,1178557.00000000,0.00110300,1367129.00000000,0.00110400,1102390.00000000,0.00110500,2083119.00000000,0.00110600,2024876.00000000,,,,,,,,,,,,,,,,,,,,,,,,,,,,,,,,,,,,,,,,,-0.007009,
0,7,532,0.00109800,0.0011027,0.4281,1774137114000,0.00109700,408565.00000000,0.00109600,477210.00000000,0.00109500,1977931.00000000,0.00109400,1585472.00000000,0.00109300,823002.00000000,0.00109200,1416948.00000000,0.00109100,3668694.00000000,0.00109000,4826013.00000000,0.00108900,578470.00000000,0.00108800,7745509.00000000,0.00109800,490575.00000000,0.00109900,318004.00000000,0.00110000,577506.00000000,0.00110100,1280984.00000000,0.00110200,1027558.00000000,0.00110300,1518253.00000000,0.00110400,1090876.00000000,0.00110500,2094633.00000000,0.00110600,2101745.00000000,0.00110700,981784.00000000,,,,,,,,,,,,,,,,,,,,,,,,,,,,,,,,,,,,,,,,,,
0,7,532,0.00109700,0.0011025,0.5014,1774137115000,0.00109700,394234.00000000,0.00109600,477210.00000000,0.00109500,1963877.00000000,0.00109400,1609264.00000000,0.00109300,539254.00000000,0.00109200,1655357.00000000,0.00109100,3934887.00000000,0.00109000,4559820.00000000,0.00108900,578470.00000000,0.00108800,7745509.00000000,0.00109800,353877.00000000,0.00109900,681396.00000000,0.00110000,966412.00000000,0.00110100,1280984.00000000,0.00110200,1027558.00000000,0.00110300,1518253.00000000,0.00110400,1090876.00000000,0.00110500,1216669.00000000,0.00110600,2101745.00000000,0.00110700,981784.00000000,,,,,,,,,,,,,,,,,,,,,,,,,,,,,,,,,,,,,,,,,,
0,7,532,0.00109800,0.0011025,0.4098,1774137116000,0.00109600,311055.00000000,0.00109500,1963877.00000000,0.00109400,1758536.00000000,0.00109300,620220.00000000,0.00109200,1265145.00000000,0.00109100,4058268.00000000,0.00109000,4677392.00000000,0.00108900,726840.00000000,0.00108800,7745509.00000000,0.00108700,2962746.00000000,0.00109700,321878.00000000,0.00109800,351794.00000000,0.00109900,772596.00000000,0.00110000,1374984.00000000,0.00110100,1280984.00000000,0.00110200,1178557.00000000,0.00110300,1367129.00000000,0.00110400,1102390.00000000,0.00110500,1205155.00000000,0.00110600,2178614.00000000,,,,,,,,,,,,,,,,,,,,,,,,,,,,,,,,,,,,,,,,,,
0,7,532,0.00109700,0.0011025,0.5014,1774137117000,0.00109600,302199.00000000,0.00109500,1963877.00000000,0.00109400,1758536.00000000,0.00109300,608603.00000000,0.00109200,1265145.00000000,0.00109100,4058268.00000000,0.00109000,4677392.00000000,0.00108900,726840.00000000,0.00108800,7745509.00000000,0.00108700,2962746.00000000,0.00109700,321878.00000000,0.00109800,351794.00000000,0.00109900,772596.00000000,0.00110000,1374984.00000000,0.00110100,1280984.00000000,0.00110200,1178557.00000000,0.00110300,1367129.00000000,0.00110400,1102390.00000000,0.00110500,1205155.00000000,0.00110600,2178614.00000000,,,,,,,,,,,,,,,,,,,,,,,,,,,,,,,,,,,,,,,,,,
0,7,532,0.00109600,0.0011017,0.5201,1774137118000,0.00109500,1255179.00000000,0.00109400,1229203.00000000,0.00109300,1020266.00000000,0.00109200,1067956.00000000,0.00109100,3760783.00000000,0.00109000,4455157.00000000,0.00108900,753815.00000000,0.00108800,7916799.00000000,0.00108700,3592222.00000000,0.00108600,453589.00000000,0.00109600,169004.00000000,0.00109700,321878.00000000,0.00109800,1069585.00000000,0.00109900,965808.00000000,0.00110000,796013.00000000,0.00110100,1431733.00000000,0.00110200,1027558.00000000,0.00110300,1378643.00000000,0.00110400,1090876.00000000,0.00110500,1034992.00000000,,,,,,,,,,,,,,,,,,,,,,,,,,,,,,,,,,,,,,,,,,
0,7,532,0.00109600,0.0011007,0.4288,1774137120000,0.00109500,1126309.00000000,0.00109400,1229203.00000000,0.00109300,631360.00000000,0.00109200,1056328.00000000,0.00109100,3760783.00000000,0.00109000,4455157.00000000,0.00108900,753815.00000000,0.00108800,8541818.00000000,0.00108700,3032889.00000000,0.00108600,453589.00000000,0.00109600,460071.00000000,0.00109700,319795.00000000,0.00109800,680679.00000000,0.00109900,965808.00000000,0.00110000,796013.00000000,0.00110100,1431733.00000000,0.00110200,1027558.00000000,0.00110300,1378643.00000000,0.00110400,924273.00000000,0.00110500,1034992.00000000,,,,,,,,,,,,,,,,,,,,,,,,,,,,,,,,,,,,,,,,,-0.007009,
0,7,532,0.00109600,0.0011,0.365,1774137121000,0.00109400,1342278.00000000,0.00109300,927876.00000000,0.00109200,1048317.00000000,0.00109100,3416419.00000000,0.00109000,4411199.00000000,0.00108900,726684.00000000,0.00108800,716685.00000000,0.00108700,1074069.00000000,0.00108600,453589.00000000,0.00108500,553229.00000000,0.00109500,114583.00000000,0.00109600,457988.00000000,0.00109700,319795.00000000,0.00109800,1671712.00000000,0.00109900,871443.00000000,0.00110000,847173.00000000,0.00110100,1280984.00000000,0.00110200,1039072.00000000,0.00110300,2074279.00000000,0.00110400,924273.00000000,,,,,,,,,,,,,,,,,,,,,,,,,,,,,,,,,,,,,,,,,-0.006972,
0,7,532,0.00109600,0.0010994,0.3102,1774137122000,0.00109500,203783.00000000,0.00109400,1423142.00000000,0.00109300,927876.00000000,0.00109200,1036668.00000000,0.00109100,3224138.00000000,0.00109000,4798858.00000000,0.00108900,726684.00000000,0.00108800,782881.00000000,0.00108700,1186609.00000000,0.00108600,453589.00000000,0.00109600,451264.00000000,0.00109700,319795.00000000,0.00109800,933108.00000000,0.00109900,871443.00000000,0.00110000,780977.00000000,0.00110100,1347180.00000000,0.00110200,1027558.00000000,0.00110300,1767338.00000000,0.00110400,924273.00000000,0.00110500,2412956.00000000,,,,,,,,,,,,,,,,,,,,,,,,,,,,,,,,,,,,,,,,,-0.006972,
0,7,532,0.00109500,0.0011,0.4566,1774137123000,0.00109500,391975.00000000,0.00109400,1809961.00000000,0.00109300,538970.00000000,0.00109200,1010855.00000000,0.00109100,3742705.00000000,0.00109000,4798858.00000000,0.00108900,820011.00000000,0.00108800,450492.00000000,0.00108700,1186609.00000000,0.00108600,1010830.00000000,0.00109700,312045.00000000,0.00109800,770718.00000000,0.00109900,1479957.00000000,0.00110000,1011660.00000000,0.00110100,1347180.00000000,0.00110200,1027558.00000000,0.00110300,1767338.00000000,0.00110400,924273.00000000,0.00110500,2412956.00000000,0.00110600,2178614.00000000,,,,,,,,,,,,,,,,,,,,,,,,,,,,,,,,,,,,,,,,,-0.006972,
0,7,532,0.00109500,0.0011008,0.5297,1774137124000,0.00109400,1240814.00000000,0.00109300,825320.00000000,0.00109200,517093.00000000,0.00109100,3502400.00000000,0.00109000,4411199.00000000,0.00108900,1113067.00000000,0.00108800,716685.00000000,0.00108700,1252805.00000000,0.00108600,1010830.00000000,0.00108500,553229.00000000,0.00109500,1471060.00000000,0.00109600,279984.00000000,0.00109700,312045.00000000,0.00109800,1403111.00000000,0.00109900,1091051.00000000,0.00110000,847173.00000000,0.00110100,1280984.00000000,0.00110200,1039072.00000000,0.00110300,784458.00000000,0.00110400,1802237.00000000,,,,,,,,,,,,,,,,,,,,,,,,,,,,,,,,,,,,,,,,,-0.006972,
0,7,532,0.00109500,0.0010991,0.3744,1774137125000,0.00109400,101328.00000000,0.00109300,215212.00000000,0.00109200,471411.00000000,0.00109100,3234835.00000000,0.00109000,1200716.00000000,0.00108900,1113067.00000000,0.00108800,716685.00000000,0.00108700,1164411.00000000,0.00108600,4321422.00000000,0.00108500,553229.00000000,0.00109500,1807906.00000000,0.00109600,279984.00000000,0.00109700,313051.00000000,0.00109800,1403111.00000000,0.00109900,1174349.00000000,0.00110000,839740.00000000,0.00110100,1357853.00000000,0.00110200,1039072.00000000,0.00110300,784458.00000000,0.00110400,1802237.00000000,,,,,,,,,,,,,,,,,,,,,,,,,,,,,,,,,,,,,,,,,-0.006972,
0,7,532,0.00109500,0.0010991,0.3744,1774137126000,0.00109300,572356.00000000,0.00109200,339497.00000000,0.00109100,3679359.00000000,0.00109000,1572512.00000000,0.00108900,1531063.00000000,0.00108800,774005.00000000,0.00108700,1324892.00000000,0.00108600,3823395.00000000,0.00108500,640151.00000000,0.00108400,3994165.00000000,0.00109400,2087.00000000,0.00109500,1581473.00000000,0.00109600,279984.00000000,0.00109700,1102833.00000000,0.00109800,1196398.00000000,0.00109900,1156243.00000000,0.00110000,773544.00000000,0.00110100,1211308.00000000,0.00110200,856872.00000000,0.00110300,784458.00000000,,,,,,,,,,,,,,,,,,,,,,,,,,,,,,,,,,,,,,,,,-0.006972,
0,7,532,0.00109600,0.0010985,0.2281,1774137129000,0.00109200,431719.00000000,0.00109100,3153298.00000000,0.00109000,1369855.00000000,0.00108900,934629.00000000,0.00108800,1013286.00000000,0.00108700,1577603.00000000,0.00108600,4071786.00000000,0.00108500,720573.00000000,0.00108400,3835587.00000000,0.00108300,4872379.00000000,0.00109400,795023.00000000,0.00109500,1842251.00000000,0.00109600,340518.00000000,0.00109700,1040432.00000000,0.00109800,1262594.00000000,0.00109900,848534.00000000,0.00110000,845196.00000000,0.00110100,1023664.00000000,0.00110200,856872.00000000,0.00110300,784458.00000000,,,,,,,,,,,,,,,,,,,,,,,,,,,,,,,,,,,,,,,,,-0.00694,
0,7,532,0.00109600,0.0010982,0.2007,1774137130000,0.00109200,219182.00000000,0.00109100,3155110.00000000,0.00109000,1369876.00000000,0.00108900,934629.00000000,0.00108800,1013286.00000000,0.00108700,1577603.00000000,0.00108600,4005590.00000000,0.00108500,786769.00000000,0.00108400,3835587.00000000,0.00108300,478319.00000000,0.00109300,279823.00000000,0.00109400,626718.00000000,0.00109500,1842251.00000000,0.00109600,978040.00000000,0.00109700,812356.00000000,0.00109800,1262594.00000000,0.00109900,1726498.00000000,0.00110000,669593.00000000,0.00110100,1023664.00000000,0.00110200,856872.00000000,,,,,,,,,,,,,,,,,,,,,,,,,,,,,,,,,,,,,,,,,,
0,7,532,0.00109700,0.001098,0.0912,1774137131000,0.00109300,227355.00000000,0.00109200,439635.00000000,0.00109100,3887072.00000000,0.00109000,1369876.00000000,0.00108900,934629.00000000,0.00108800,1013286.00000000,0.00108700,1843796.00000000,0.00108600,3805593.00000000,0.00108500,720573.00000000,0.00108400,3835587.00000000,0.00109400,487638.00000000,0.00109500,1788425.00000000,0.00109600,1074292.00000000,0.00109700,1040432.00000000,0.00109800,1196398.00000000,0.00109900,907549.00000000,0.00110000,658079.00000000,0.00110100,1035178.00000000,0.00110200,856872.00000000,0.00110300,1488872.00000000,,,,,,,,,,,,,,,,,,,,,,,,,,,,,,,,,,,,,,,,,,
0,7,532,0.00109600,0.001098,0.1825,1774137132000,0.00109200,20155.00000000,0.00109100,3153298.00000000,0.00109000,1721631.00000000,0.00108900,957237.00000000,0.00108800,1013286.00000000,0.00108700,1577603.00000000,0.00108600,4071786.00000000,0.00108500,720573.00000000,0.00108400,3835587.00000000,0.00108300,544515.00000000,0.00109300,307917.00000000,0.00109400,762560.00000000,0.00109500,2573979.00000000,0.00109600,1172158.00000000,0.00109700,942812.00000000,0.00109800,1290206.00000000,0.00109900,907549.00000000,0.00110000,658079.00000000,0.00110100,1342656.00000000,0.00110200,856872.00000000,,,,,,,,,,,,,,,,,,,,,,,,,,,,,,,,,,,,,,,,,,
0,7,532,0.00109700,0.001098,0.0912,1774137133000,0.00109200,588111.00000000,0.00109100,3199043.00000000,0.00109000,1580883.00000000,0.00108900,957279.00000000,0.00108800,1104818.00000000,0.00108700,1577603.00000000,0.00108600,4005590.00000000,0.00108500,1336831.00000000,0.00108400,3290147.00000000,0.00108300,478319.00000000,0.00109400,845014.00000000,0.00109500,2528995.00000000,0.00109600,774146.00000000,0.00109700,942812.00000000,0.00109800,1356402.00000000,0.00109900,841353.00000000,0.00110000,669593.00000000,0.00110100,1331142.00000000,0.00110200,1734836.00000000,0.00110300,610908.00000000,,,,,,,,,,,,,,,,,,,,,,,,,,,,,,,,,,,,,,,,,,
0,7,532,0.00109700,0.001098,0.0912,1774137134000,0.00108900,317455.00000000,0.00108800,491405.00000000,0.00108700,698805.00000000,0.00108600,949022.00000000,0.00108500,875207.00000000,0.00108400,1151984.00000000,0.00108300,763261.00000000,0.00108200,4952939.00000000,0.00108100,7513681.00000000,0.00108000,3468590.00000000,0.00109100,258961.00000000,0.00109200,1406625.00000000,0.00109300,1456560.00000000,0.00109400,1429291.00000000,0.00109500,2204851.00000000,0.00109600,621935.00000000,0.00109700,616575.00000000,0.00109800,966860.00000000,0.00109900,644034.00000000,0.00110000,676313.00000000,,,,,,,,,,,,,,,,,,,,,,,,,,,,,,,,,,,,,,,,,-0.006972,
0,7,532,0.00109600,0.0010947,-0.1186,1774137135000,0.00108800,112500.00000000,0.00108700,347207.00000000,0.00108600,505651.00000000,0.00108500,510181.00000000,0.00108400,499108.00000000,0.00108300,726961.00000000,0.00108200,4982097.00000000,0.00108100,5488818.00000000,0.00108000,3551095.00000000,0.00107900,467094.00000000,0.00108900,403097.00000000,0.00109000,427880.00000000,0.00109100,500252.00000000,0.00109200,1941327.00000000,0.00109300,1441491.00000000,0.00109400,1111961.00000000,0.00109500,1952829.00000000,0.00109600,621935.00000000,0.00109700,605061.00000000,0.00109800,966860.00000000,,,,,,,,,,,,,,,,,,,,,,,,,,,,,,,,,,,,,,,,,-0.006972,
0,7,532,0.00109500,0.001091,-0.3653,1774137136000,0.00108800,296987.00000000,0.00108700,353697.00000000,0.00108600,582520.00000000,0.00108500,549383.00000000,0.00108400,675517.00000000,0.00108300,664276.00000000,0.00108200,2019140.00000000,0.00108100,1229693.00000000,0.00108000,3623376.00000000,0.00107900,3868590.00000000,0.00108900,213708.00000000,0.00109000,838813.00000000,0.00109100,947995.00000000,0.00109200,1489608.00000000,0.00109300,1312359.00000000,0.00109400,1134566.00000000,0.00109500,1952829.00000000,0.00109600,633449.00000000,0.00109700,605061.00000000,0.00109800,966860.00000000,,,,,,,,,,,,,,,,,,,,,,,,,,,,,,,,,,,,,,,,,-0.006972,
0,7,532,0.00109500,0.001091,-0.3653,1774137137000,0.00108900,303795.00000000,0.00108800,466850.00000000,0.00108700,393099.00000000,0.00108600,612844.00000000,0.00108500,693509.00000000,0.00108400,869497.00000000,0.00108300,685085.00000000,0.00108200,2050842.00000000,0.00108100,980300.00000000,0.00108000,3623376.00000000,0.00109100,441632.00000000,0.00109200,1348951.00000000,0.00109300,1312359.00000000,0.00109400,1364453.00000000,0.00109500,2203068.00000000,0.00109600,652004.00000000,0.00109700,616575.00000000,0.00109800,966860.00000000,0.00109900,644034.00000000,0.00110000,569375.00000000,,,,,,,,,,,,,,,,,,,,,,,,,,,,,,,,,,,,,,,,,-0.006972,
0,7,532,0.00109500,0.001091,-0.3653,1774137138000,0.00109100,337585.00000000,0.00109000,572232.00000000,0.00108900,523904.00000000,0.00108800,787762.00000000,0.00108700,530441.00000000,0.00108600,559095.00000000,0.00108500,759554.00000000,0.00108400,469317.00000000,0.00108300,3909934.00000000,0.00108200,1799489.00000000,0.00109200,127968.00000000,0.00109300,650596.00000000,0.00109400,1521398.00000000,0.00109500,2165829.00000000,0.00109600,682073.00000000,0.00109700,839714.00000000,0.00109800,966860.00000000,0.00109900,655548.00000000,0.00110000,539306.00000000,0.00110100,687777.00000000,,,,,,,,,,,,,,,,,,,,,,,,,,,,,,,,,,,,,,,,,-0.006972,
0,7,532,0.00109500,0.0010959,0.0822,1774137142000,0.00109000,2096.00000000,0.00108900,400879.00000000,0.00108800,1140569.00000000,0.00108700,1096909.00000000,0.00108600,1152542.00000000,0.00108500,1128588.00000000,0.00108400,956928.00000000,0.00108300,4258655.00000000,0.00108200,1533296.00000000,0.00108100,921838.00000000,0.00109100,202398.00000000,0.00109200,848391.00000000,0.00109300,1145520.00000000,0.00109400,1762633.00000000,0.00109500,2215525.00000000,0.00109600,748269.00000000,0.00109700,773518.00000000,0.00109800,997030.00000000,0.00109900,644034.00000000,0.00110000,539306.00000000,,,,,,,,,,,,,,,,,,,,,,,,,,,,,,,,,,,,,,,,,,
0,7,532,0.00109500,0.001093,-0.1826,1774137143000,0.00108900,20577.00000000,0.00108800,351890.00000000,0.00108700,347207.00000000,0.00108600,1569562.00000000,0.00108500,1439335.00000000,0.00108400,1159290.00000000,0.00108300,925071.00000000,0.00108200,1370650.00000000,0.00108100,1350426.00000000,0.00108000,3545459.00000000,0.00109000,330527.00000000,0.00109100,369630.00000000,0.00109200,1341602.00000000,0.00109300,1191558.00000000,0.00109400,1151420.00000000,0.00109500,2132224.00000000,0.00109600,682073.00000000,0.00109700,773518.00000000,0.00109800,985516.00000000,0.00109900,644034.00000000,,,,,,,,,,,,,,,,,,,,,,,,,,,,,,,,,,,,,,,,,-0.006972,
0,7,532,0.00108900,0.0010908,0.1653,1774137148000,0.00108800,297672.00000000,0.00108700,346623.00000000,0.00108600,874636.00000000,0.00108500,370207.00000000,0.00108400,990366.00000000,0.00108300,1187418.00000000,0.00108200,2313563.00000000,0.00108100,1128301.00000000,0.00108000,3765030.00000000,0.00107900,701421.00000000,0.00108900,167232.00000000,0.00109000,825267.00000000,0.00109100,833925.00000000,0.00109200,1270809.00000000,0.00109300,872407.00000000,0.00109400,1134566.00000000,0.00109500,1067645.00000000,0.00109600,1104407.00000000,0.00109700,773518.00000000,0.00109800,966860.00000000,,,,,,,,,,,,,,,,,,,,,,,,,,,,,,,,,,,,,,,,,-0.006972,
0,7,532,0.00108900,0.0010907,0.1561,1774137149000,0.00108800,2100.00000000,0.00108700,300689.00000000,0.00108600,874636.00000000,0.00108500,370207.00000000,0.00108400,744432.00000000,0.00108300,1187418.00000000,0.00108200,2113563.00000000,0.00108100,1128301.00000000,0.00108000,3765030.00000000,0.00107900,701421.00000000,0.00108900,279732.00000000,0.00109000,825267.00000000,0.00109100,930349.00000000,0.00109200,1175397.00000000,0.00109300,871397.00000000,0.00109400,1134566.00000000,0.00109500,1945609.00000000,0.00109600,1104407.00000000,0.00109700,773518.00000000,0.00109800,966860.00000000,,,,,,,,,,,,,,,,,,,,,,,,,,,,,,,,,,,,,,,,,,
0,7,532,0.00108900,0.0010907,0.1561,1774137150000,0.00108800,493305.00000000,0.00108700,300689.00000000,0.00108600,464228.00000000,0.00108500,370207.00000000,0.00108400,944432.00000000,0.00108300,947484.00000000,0.00108200,2087749.00000000,0.00108100,1394494.00000000,0.00108000,3765030.00000000,0.00107900,701421.00000000,0.00108900,112500.00000000,0.00109000,825267.00000000,0.00109100,930349.00000000,0.00109200,1342629.00000000,0.00109300,871397.00000000,0.00109400,1134566.00000000,0.00109500,1945609.00000000,0.00109600,1104407.00000000,0.00109700,792174.00000000,0.00109800,966860.00000000,,,,,,,,,,,,,,,,,,,,,,,,,,,,,,,,,,,,,,,,,-0.006972,
0,7,532,0.00108900,0.0010907,0.1561,1774137151000,0.00108800,647621.00000000,0.00108700,351343.00000000,0.00108600,648894.00000000,0.00108500,892184.00000000,0.00108400,909077.00000000,0.00108300,525651.00000000,0.00108200,2087749.00000000,0.00108100,1472411.00000000,0.00108000,3765030.00000000,0.00107900,624505.00000000,0.00108900,225112.00000000,0.00109000,825267.00000000,0.00109100,834937.00000000,0.00109200,1355742.00000000,0.00109300,871397.00000000,0.00109400,1294485.00000000,0.00109500,2022478.00000000,0.00109600,1181276.00000000,0.00109700,792174.00000000,0.00109800,966860.00000000,,,,,,,,,,,,,,,,,,,,,,,,,,,,,,,,,,,,,,,,,-0.006972,
0,7,532,0.00108900,0.0010907,0.1561,1774137152000,0.00108700,4762.00000000,0.00108600,511174.00000000,0.00108500,691392.00000000,0.00108400,727817.00000000,0.00108300,547076.00000000,0.00108200,1812346.00000000,0.00108100,1402428.00000000,0.00108000,4108890.00000000,0.00107900,624505.00000000,0.00107800,377357.00000000,0.00108800,204539.00000000,0.00108900,227212.00000000,0.00109000,825267.00000000,0.00109100,975087.00000000,0.00109200,1260330.00000000,0.00109300,871397.00000000,0.00109400,1294485.00000000,0.00109500,2022478.00000000,0.00109600,1181276.00000000,0.00109700,792174.00000000,,,,,,,,,,,,,,,,,,,,,,,,,,,,,,,,,,,,,,,,,-0.006972,
0,7,532,0.00108900,0.00109,0.0918,1774137153000,0.00108700,1429.00000000,0.00108600,50343.00000000,0.00108500,691392.00000000,0.00108400,613214.00000000,0.00108300,663119.00000000,0.00108200,1326880.00000000,0.00108100,1439554.00000000,0.00108000,3904458.00000000,0.00107900,544511.00000000,0.00107800,392193.00000000,0.00108800,838921.00000000,0.00108900,1000515.00000000,0.00109000,1418869.00000000,0.00109100,786756.00000000,0.00109200,1255131.00000000,0.00109300,937593.00000000,0.00109400,1145239.00000000,0.00109500,1156028.00000000,0.00109600,1169762.00000000,0.00109700,792174.00000000,,,,,,,,,,,,,,,,,,,,,,,,,,,,,,,,,,,,,,,,,-0.006972,
0,7,532,0.00108800,0.0010908,0.2574,1774137154000,0.00108500,130860.00000000,0.00108400,289461.00000000,0.00108300,325103.00000000,0.00108200,1403088.00000000,0.00108100,1428818.00000000,0.00108000,701876.00000000,0.00107900,1349029.00000000,0.00107800,643550.00000000,0.00107700,776856.00000000,0.00107600,456630.00000000,0.00108600,518709.00000000,0.00108700,655045.00000000,0.00108800,1231823.00000000,0.00108900,1279629.00000000,0.00109000,1193830.00000000,0.00109100,680426.00000000,0.00109200,1131765.00000000,0.00109300,882911.00000000,0.00109400,1222108.00000000,0.00109500,1144514.00000000,,,,,,,,,,,,,,,,,,,,,,,,,,,,,,,,,,,,,,,,,-0.006972,
0,7,532,0.00108800,0.0010945,0.5974,1774137155000,0.00108600,300133.00000000,0.00108500,494235.00000000,0.00108400,682550.00000000,0.00108300,417186.00000000,0.00108200,1403088.00000000,0.00108100,1231297.00000000,0.00108000,1208223.00000000,0.00107900,918859.00000000,0.00107800,311161.00000000,0.00107700,776856.00000000,0.00108700,148464.00000000,0.00108800,422727.00000000,0.00108900,1167131.00000000,0.00109000,1771609.00000000,0.00109100,614230.00000000,0.00109200,1197961.00000000,0.00109300,871397.00000000,0.00109400,1233622.00000000,0.00109500,1144514.00000000,0.00109600,1169762.00000000,,,,,,,,,,,,,,,,,,,,,,,,,,,,,,,,,,,,,,,,,-0.006972,
0,7,532,0.00108800,0.0010945,0.5974,1774137156000,0.00108700,114604.00000000,0.00108600,284437.00000000,0.00108500,489876.00000000,0.00108400,867554.00000000,0.00108300,659110.00000000,0.00108200,1561710.00000000,0.00108100,1425835.00000000,0.00108000,968069.00000000,0.00107900,918859.00000000,0.00107800,311161.00000000,0.00108800,383318.00000000,0.00108900,2636104.00000000,0.00109000,1772100.00000000,0.00109100,614230.00000000,0.00109200,1173746.00000000,0.00109300,871397.00000000,0.00109400,1145239.00000000,0.00109500,1221383.00000000,0.00109600,1169762.00000000,0.00109700,773518.00000000,,,,,,,,,,,,,,,,,,,,,,,,,,,,,,,,,,,,,,,,,-0.006972,
0,7,532,0.00108600,0.0010942,0.7551,1774137157000,0.00108900,112500.00000000,0.00108800,160496.00000000,0.00108700,204539.00000000,0.00108600,468007.00000000,0.00108500,1392468.00000000,0.00108400,699399.00000000,0.00108300,1004979.00000000,0.00108200,1572969.00000000,0.00108100,1020435.00000000,0.00108000,793153.00000000,0.00109000,262990.00000000,0.00109100,600931.00000000,0.00109200,1271676.00000000,0.00109300,871397.00000000,0.00109400,1145239.00000000,0.00109500,1221383.00000000,0.00109600,1169762.00000000,0.00109700,773518.00000000,0.00109800,960621.00000000,0.00109900,280642.00000000,,,,,,,,,,,,,,,,,,,,,,,,,,,,,,,,,,,,,,,,,,
0,7,532,0.00108600,0.0010928,0.6262,1774137158000,0.00109000,2098.00000000,0.00108900,116597.00000000,0.00108800,295818.00000000,0.00108700,949278.00000000,0.00108600,696613.00000000,0.00108500,990400.00000000,0.00108400,735360.00000000,0.00108300,806973.00000000,0.00108200,1418209.00000000,0.00108100,1181849.00000000,0.00109100,649693.00000000,0.00109200,700207.00000000,0.00109300,871397.00000000,0.00109400,1152430.00000000,0.00109500,1016941.00000000,0.00109600,1159089.00000000,0.00109700,773518.00000000,0.00109800,1049004.00000000,0.00109900,629729.00000000,0.00110000,539306.00000000,,,,,,,,,,,,,,,,,,,,,,,,,,,,,,,,,,,,,,,,,-0.006972,
0,7,532,0.00108700,0.0010924,0.4968,1774137159000,0.00108900,116597.00000000,0.00108800,112500.00000000,0.00108700,616857.00000000,0.00108600,559749.00000000,0.00108500,1900509.00000000,0.00108400,735360.00000000,0.00108300,740777.00000000,0.00108200,1425877.00000000,0.00108100,4685636.00000000,0.00108000,526960.00000000,0.00109000,114598.00000000,0.00109100,738983.00000000,0.00109200,700207.00000000,0.00109300,1000529.00000000,0.00109400,1152430.00000000,0.00109500,887242.00000000,0.00109600,1032755.00000000,0.00109700,773518.00000000,0.00109800,1037490.00000000,0.00109900,629729.00000000,,,,,,,,,,,,,,,,,,,,,,,,,,,,,,,,,,,,,,,,,,
0,7,532,0.00108700,0.0010936,0.6072,1774137160000,0.00108900,4097.00000000,0.00108800,112500.00000000,0.00108700,616857.00000000,0.00108600,759749.00000000,0.00108500,1576206.00000000,0.00108400,695428.00000000,0.00108300,804705.00000000,0.00108200,1758266.00000000,0.00108100,4419443.00000000,0.00108000,526960.00000000,0.00109000,114598.00000000,0.00109100,738983.00000000,0.00109200,1111404.00000000,0.00109300,1000529.00000000,0.00109400,1152430.00000000,0.00109500,953438.00000000,0.00109600,1032755.00000000,0.00109700,863826.00000000,0.00109800,1037490.00000000,0.00109900,629729.00000000,,,,,,,,,,,,,,,,,,,,,,,,,,,,,,,,,,,,,,,,,,
0,7,532,0.00108700,0.0010908,0.3496,1774137161000,0.00108700,225116.00000000,0.00108600,576347.00000000,0.00108500,1304317.00000000,0.00108400,1150958.00000000,0.00108300,946919.00000000,0.00108200,2034059.00000000,0.00108100,1248045.00000000,0.00108000,793153.00000000,0.00107900,543963.00000000,0.00107800,311161.00000000,0.00108900,335959.00000000,0.00109000,112500.00000000,0.00109100,892033.00000000,0.00109200,1112263.00000000,0.00109300,1066725.00000000,0.00109400,1152430.00000000,0.00109500,898756.00000000,0.00109600,1032755.00000000,0.00109700,852312.00000000,0.00109800,1037490.00000000,,,,,,,,,,,,,,,,,,,,,,,,,,,,,,,,,,,,,,,,,-0.00694,
0,7,532,0.00108800,0.0010908,0.2574,1774137162000,0.00108700,225116.00000000,0.00108600,534098.00000000,0.00108500,1504317.00000000,0.00108400,911021.00000000,0.00108300,1187298.00000000,0.00108200,2034059.00000000,0.00108100,1248045.00000000,0.00108000,793153.00000000,0.00107900,543963.00000000,0.00107800,311161.00000000,0.00108900,335959.00000000,0.00109000,112500.00000000,0.00109100,892033.00000000,0.00109200,1112263.00000000,0.00109300,1066725.00000000,0.00109400,1152430.00000000,0.00109500,898756.00000000,0.00109600,1032755.00000000,0.00109700,852312.00000000,0.00109800,1037490.00000000,,,,,,,,,,,,,,,,,,,,,,,,,,,,,,,,,,,,,,,,,,
0,7,532,0.00108900,0.0010922,0.2938,1774137163000,0.00108600,288143.00000000,0.00108500,1308309.00000000,0.00108400,881655.00000000,0.00108300,806025.00000000,0.00108200,2126097.00000000,0.00108100,1020435.00000000,0.00108000,793153.00000000,0.00107900,765349.00000000,0.00107800,352755.00000000,0.00107700,3989911.00000000,0.00108800,114598.00000000,0.00108900,333861.00000000,0.00109000,262521.00000000,0.00109100,1373553.00000000,0.00109200,1260758.00000000,0.00109300,931535.00000000,0.00109400,1080894.00000000,0.00109500,887242.00000000,0.00109600,1032755.00000000,0.00109700,869043.00000000,,,,,,,,,,,,,,,,,,,,,,,,,,,,,,,,,,,,,,,,,,
0,7,532,0.00108900,0.0010945,0.5051,1774137164000,0.00108700,303866.00000000,0.00108600,288143.00000000,0.00108500,1354307.00000000,0.00108400,889092.00000000,0.00108300,1237056.00000000,0.00108200,2126097.00000000,0.00108100,1020435.00000000,0.00108000,859349.00000000,0.00107900,765349.00000000,0.00107800,286559.00000000,0.00108800,2098.00000000,0.00108900,333861.00000000,0.00109000,171494.00000000,0.00109100,537156.00000000,0.00109200,1194562.00000000,0.00109300,997731.00000000,0.00109400,1068370.00000000,0.00109500,1206234.00000000,0.00109600,1032755.00000000,0.00109700,792174.00000000,,,,,,,,,,,,,,,,,,,,,,,,,,,,,,,,,,,,,,,,,,
0,7,532,0.00109000,0.0010945,0.4128,1774137165000,0.00108600,2100.00000000,0.00108500,1099729.00000000,0.00108400,712310.00000000,0.00108300,1200765.00000000,0.00108200,2091753.00000000,0.00108100,1261257.00000000,0.00108000,558155.00000000,0.00107900,1031542.00000000,0.00107800,286559.00000000,0.00107700,3870991.00000000,0.00108800,133077.00000000,0.00108900,253108.00000000,0.00109000,1511396.00000000,0.00109100,765200.00000000,0.00109200,1194562.00000000,0.00109300,931535.00000000,0.00109400,3623737.00000000,0.00109500,1194720.00000000,0.00109600,1032755.00000000,0.00109700,792174.00000000,,,,,,,,,,,,,,,,,,,,,,,,,,,,,,,,,,,,,,,,,,
0,7,532,0.00109100,0.0010945,0.3208,1774137166000,0.00108600,845743.00000000,0.00108500,1103122.00000000,0.00108400,507351.00000000,0.00108300,1506290.00000000,0.00108200,1999673.00000000,0.00108100,1261257.00000000,0.00108000,624351.00000000,0.00107900,1031542.00000000,0.00107800,286559.00000000,0.00107700,3870991.00000000,0.00108800,133077.00000000,0.00108900,619212.00000000,0.00109000,1511396.00000000,0.00109100,765200.00000000,0.00109200,1260758.00000000,0.00109300,931535.00000000,0.00109400,1079884.00000000,0.00109500,887242.00000000,0.00109600,1340233.00000000,0.00109700,792174.00000000,,,,,,,,,,,,,,,,,,,,,,,,,,,,,,,,,,,,,,,,,,
0,7,532,0.00109200,0.0010945,0.2289,1774137167000,0.00108800,112500.00000000,0.00108700,114602.00000000,0.00108600,843643.00000000,0.00108500,1614109.00000000,0.00108400,1378486.00000000,0.00108300,1777538.00000000,0.00108200,1803326.00000000,0.00108100,1086631.00000000,0.00108000,793153.00000000,0.00107900,688480.00000000,0.00108900,253108.00000000,0.00109000,660841.00000000,0.00109100,765200.00000000,0.00109200,1289974.00000000,0.00109300,931535.00000000,0.00109400,1068370.00000000,0.00109500,887242.00000000,0.00109600,1032755.00000000,0.00109700,792174.00000000,0.00109800,960621.00000000,,,,,,,,,,,,,,,,,,,,,,,,,,,,,,,,,,,,,,,,,,
0,7,532,0.00109100,0.0010945,0.3208,1774137168000,0.00108900,114600.00000000,0.00108800,112500.00000000,0.00108700,399706.00000000,0.00108600,1786643.00000000,0.00108500,2287026.00000000,0.00108400,1170746.00000000,0.00108300,1150035.00000000,0.00108200,1489805.00000000,0.00108100,1181838.00000000,0.00108000,3471112.00000000,0.00109100,225060.00000000,0.00109200,1254268.00000000,0.00109300,1060478.00000000,0.00109400,1193276.00000000,0.00109500,953438.00000000,0.00109600,1109624.00000000,0.00109700,880557.00000000,0.00109800,1037490.00000000,0.00109900,629729.00000000,0.00110000,616175.00000000,,,,,,,,,,,,,,,,,,,,,,,,,,,,,,,,,,,,,,,,,-0.006972,
0,7,532,0.00109100,0.0010945,0.3208,1774137169000,0.00109000,114600.00000000,0.00108900,224934.00000000,0.00108800,1071089.00000000,0.00108700,802060.00000000,0.00108600,1860184.00000000,0.00108500,1889505.00000000,0.00108400,1206922.00000000,0.00108300,969183.00000000,0.00108200,1489805.00000000,0.00108100,1103921.00000000,0.00109100,60.00000000,0.00109200,320877.00000000,0.00109300,649658.00000000,0.00109400,1645209.00000000,0.00109500,887242.00000000,0.00109600,1098951.00000000,0.00109700,869043.00000000,0.00109800,1451693.00000000,0.00109900,629729.00000000,0.00110000,616175.00000000,,,,,,,,,,,,,,,,,,,,,,,,,,,,,,,,,,,,,,,,,-0.006972,
0,7,532,0.00109000,0.0010925,0.2294,1774137170000,0.00108900,204539.00000000,0.00108800,307667.00000000,0.00108700,802060.00000000,0.00108600,1649415.00000000,0.00108500,2118967.00000000,0.00108400,940729.00000000,0.00108300,902987.00000000,0.00108200,1755998.00000000,0.00108100,1103921.00000000,0.00108000,3471112.00000000,0.00109000,2100.00000000,0.00109100,649552.00000000,0.00109200,412916.00000000,0.00109300,1553902.00000000,0.00109400,1465891.00000000,0.00109500,887242.00000000,0.00109600,1994020.00000000,0.00109700,869043.00000000,0.00109800,1440179.00000000,0.00109900,629729.00000000,,,,,,,,,,,,,,,,,,,,,,,,,,,,,,,,,,,,,,,,,,
0,7,532,0.00109000,0.0010936,0.3303,1774137171000,0.00108900,204539.00000000,0.00108800,399451.00000000,0.00108700,803071.00000000,0.00108600,1832985.00000000,0.00108500,2348429.00000000,0.00108400,939717.00000000,0.00108300,902987.00000000,0.00108200,1822194.00000000,0.00108100,1103921.00000000,0.00108000,3471112.00000000,0.00109000,2100.00000000,0.00109100,649552.00000000,0.00109200,320877.00000000,0.00109300,397484.00000000,0.00109400,1465891.00000000,0.00109500,953438.00000000,0.00109600,1116056.00000000,0.00109700,1758521.00000000,0.00109800,1440179.00000000,0.00109900,629729.00000000,,,,,,,,,,,,,,,,,,,,,,,,,,,,,,,,,,,,,,,,,,
0,7,532,0.00109000,0.0010936,0.3303,1774137172000,0.00108900,169562.00000000,0.00108800,310582.00000000,0.00108700,803071.00000000,0.00108600,1649415.00000000,0.00108500,2073075.00000000,0.00108400,939717.00000000,0.00108300,1169180.00000000,0.00108200,1556001.00000000,0.00108100,1103921.00000000,0.00108000,3471112.00000000,0.00109000,2100.00000000,0.00109100,649552.00000000,0.00109200,668500.00000000,0.00109300,1206202.00000000,0.00109400,1068370.00000000,0.00109500,1111497.00000000,0.00109600,1116056.00000000,0.00109700,1758521.00000000,0.00109800,1440179.00000000,0.00109900,629729.00000000,,,,,,,,,,,,,,,,,,,,,,,,,,,,,,,,,,,,,,,,,,
0,7,532,0.00108900,0.001095,0.551,1774137173000,0.00108900,851058.00000000,0.00108800,115415.00000000,0.00108700,595012.00000000,0.00108600,1624172.00000000,0.00108500,2654334.00000000,0.00108400,939717.00000000,0.00108300,747199.00000000,0.00108200,1899063.00000000,0.00108100,1182339.00000000,0.00108000,3471112.00000000,0.00109000,206639.00000000,0.00109100,1047073.00000000,0.00109200,760326.00000000,0.00109300,1149607.00000000,0.00109400,1151420.00000000,0.00109500,1111497.00000000,0.00109600,1910719.00000000,0.00109700,1413464.00000000,0.00109800,1440179.00000000,0.00109900,1507693.00000000,,,,,,,,,,,,,,,,,,,,,,,,,,,,,,,,,,,,,,,,,-0.006972,
0,7,532,0.00108800,0.001095,0.6434,1774137174000,0.00108900,851058.00000000,0.00108800,115415.00000000,0.00108700,595012.00000000,0.00108600,1670064.00000000,0.00108500,2700226.00000000,0.00108400,939717.00000000,0.00108300,1013392.00000000,0.00108200,1632870.00000000,0.00108100,1815358.00000000,0.00108000,3471112.00000000,0.00109000,114600.00000000,0.00109100,533150.00000000,0.00109200,760326.00000000,0.00109300,1149607.00000000,0.00109400,1151420.00000000,0.00109500,1111497.00000000,0.00109600,2084269.00000000,0.00109700,1413464.00000000,0.00109800,1440179.00000000,0.00109900,629729.00000000,,,,,,,,,,,,,,,,,,,,,,,,,,,,,,,,,,,,,,,,,-0.006972,
0,7,532,0.00108800,0.001095,0.6434,1774137175000,0.00109000,191488.00000000,0.00108900,1136909.00000000,0.00108800,1076633.00000000,0.00108700,848921.00000000,0.00108600,1670022.00000000,0.00108500,2027225.00000000,0.00108400,939717.00000000,0.00108300,1158507.00000000,0.00108200,1566674.00000000,0.00108100,1736940.00000000,0.00109100,29876.00000000,0.00109200,320664.00000000,0.00109300,795005.00000000,0.00109400,1465891.00000000,0.00109500,1045301.00000000,0.00109600,1355802.00000000,0.00109700,2279914.00000000,0.00109800,2329657.00000000,0.00109900,629729.00000000,0.00110000,706914.00000000,,,,,,,,,,,,,,,,,,,,,,,,,,,,,,,,,,,,,,,,,-0.006972,
0,7,532,0.00108800,0.0010965,0.7813,1774137176000,0.00109000,193314.00000000,0.00108900,1282106.00000000,0.00108800,1076633.00000000,0.00108700,1430184.00000000,0.00108600,1725054.00000000,0.00108500,2027225.00000000,0.00108400,1042624.00000000,0.00108300,1053160.00000000,0.00108200,2444638.00000000,0.00108100,1453454.00000000,0.00109100,23129.00000000,0.00109200,278809.00000000,0.00109300,397484.00000000,0.00109400,1525575.00000000,0.00109500,1045301.00000000,0.00109600,1355802.00000000,0.00109700,2279914.00000000,0.00109800,4885024.00000000,0.00109900,629729.00000000,0.00110000,706914.00000000,,,,,,,,,,,,,,,,,,,,,,,,,,,,,,,,,,,,,,,,,-0.006972,
0,7,532,0.00108800,0.0010964,0.7721,1774137177000,0.00109100,114137.00000000,0.00109000,384931.00000000,0.00108900,996594.00000000,0.00108800,1076633.00000000,0.00108700,1078303.00000000,0.00108600,2061758.00000000,0.00108500,1880302.00000000,0.00108400,461987.00000000,0.00108300,986964.00000000,0.00108200,2444638.00000000,0.00109200,268520.00000000,0.00109300,196575.00000000,0.00109400,1527711.00000000,0.00109500,1271884.00000000,0.00109600,1289606.00000000,0.00109700,1372621.00000000,0.00109800,1055832.00000000,0.00109900,1128932.00000000,0.00110000,706914.00000000,0.00110100,1078672.00000000,,,,,,,,,,,,,,,,,,,,,,,,,,,,,,,,,,,,,,,,,,
0,7,532,0.00108700,0.0010964,0.8648,1774137178000,0.00109100,1637.00000000,0.00109000,384931.00000000,0.00108900,1360671.00000000,0.00108800,1076633.00000000,0.00108700,1078303.00000000,0.00108600,2061758.00000000,0.00108500,1880302.00000000,0.00108400,461987.00000000,0.00108300,986964.00000000,0.00108200,2444638.00000000,0.00109200,782443.00000000,0.00109300,179385.00000000,0.00109400,1213775.00000000,0.00109500,1175000.00000000,0.00109600,1289606.00000000,0.00109700,1372621.00000000,0.00109800,1055832.00000000,0.00109900,1436410.00000000,0.00110000,706914.00000000,0.00110100,1001803.00000000,,,,,,,,,,,,,,,,,,,,,,,,,,,,,,,,,,,,,,,,,-0.006972,
0,7,532,0.00108800,0.0010964,0.7721,1774137179000,0.00109200,112500.00000000,0.00109100,4467460.00000000,0.00109000,372459.00000000,0.00108900,1552381.00000000,0.00108800,1278007.00000000,0.00108700,849219.00000000,0.00108600,1632700.00000000,0.00108500,1910091.00000000,0.00108400,185118.00000000,0.00108300,6791680.00000000,0.00109300,373349.00000000,0.00109400,307866.00000000,0.00109500,1436788.00000000,0.00109600,1260151.00000000,0.00109700,931577.00000000,0.00109800,1205579.00000000,0.00109900,1485034.00000000,0.00110000,718428.00000000,0.00110100,1001803.00000000,0.00110200,1847295.00000000,,,,,,,,,,,,,,,,,,,,,,,,,,,,,,,,,,,,,,,,,-0.006972,
0,7,532,0.00108800,0.0010978,0.9007,1774137180000,0.00109200,114132.00000000,0.00109100,4864981.00000000,0.00109000,372459.00000000,0.00108900,2065195.00000000,0.00108800,1506839.00000000,0.00108700,1088057.00000000,0.00108600,1659835.00000000,0.00108500,1643898.00000000,0.00108400,185118.00000000,0.00108300,6791680.00000000,0.00109300,362611.00000000,0.00109400,307866.00000000,0.00109500,205547.00000000,0.00109600,1643089.00000000,0.00109700,1426473.00000000,0.00109800,1128710.00000000,0.00109900,1177556.00000000,0.00110000,718428.00000000,0.00110100,1078672.00000000,0.00110200,1847295.00000000,,,,,,,,,,,,,,,,,,,,,,,,,,,,,,,,,,,,,,,,,,
0,7,532,0.00108900,0.001099,0.9183,1774137181000,0.00109400,264151.00000000,0.00109300,597676.00000000,0.00109200,960764.00000000,0.00109100,4862487.00000000,0.00109000,160050.00000000,0.00108900,1885915.00000000,0.00108800,1094203.00000000,0.00108700,838183.00000000,0.00108600,1459835.00000000,0.00108500,1462384.00000000,0.00109500,296643.00000000,0.00109600,287156.00000000,0.00109700,1062285.00000000,0.00109800,1673134.00000000,0.00109900,1262954.00000000,0.00110000,1025235.00000000,0.00110100,1329091.00000000,0.00110200,1847295.00000000,0.00110300,214965.00000000,0.00110400,469182.00000000,,,,,,,,,,,,,,,,,,,,,,,,,,,,,,,,,,,,,,,,,-0.006972,
0,7,532,0.00108900,0.0011001,1.0193,1774137181452,0.00109400,191807.00000000,0.00109300,596262.00000000,0.00109200,960764.00000000,0.00109100,4825038.00000000,0.00109000,160050.00000000,0.00108900,1712853.00000000,0.00108800,1094203.00000000,0.00108700,838183.00000000,0.00108600,1459835.00000000,0.00108500,1462384.00000000,0.00109500,665739.00000000,0.00109600,287156.00000000,0.00109700,1062285.00000000,0.00109800,1673134.00000000,0.00109900,1262954.00000000,0.00110000,1025235.00000000,0.00110100,1329091.00000000,0.00110200,1847295.00000000,0.00110300,214965.00000000,0.00110400,469182.00000000,,,,,,,,,,,,,,,,,,,,,,,,,,,,,,,,,,,,,,,,,-0.0069,
0,7,532,0.00108900,0.0010992,0.9366,1774137181753,0.00109300,281955.00000000,0.00109200,1194326.00000000,0.00109100,4825038.00000000,0.00109000,160050.00000000,0.00108900,1712853.00000000,0.00108800,1094203.00000000,0.00108700,771987.00000000,0.00108600,1193642.00000000,0.00108500,1462384.00000000,0.00108400,118922.00000000,0.00109400,114261.00000000,0.00109500,852024.00000000,0.00109600,285682.00000000,0.00109700,1062285.00000000,0.00109800,1673134.00000000,0.00109900,1262954.00000000,0.00110000,959039.00000000,0.00110100,1329091.00000000,0.00110200,1847295.00000000,0.00110300,203451.00000000,,,,,,,,,,,,,,,,,,,,,,,,,,,,,,,,,,,,,,,,,-0.0069,
0,7,532,0.00108900,0.0010992,0.9366,1774137182054,0.00109300,281955.00000000,0.00109200,1148602.00000000,0.00109100,5222559.00000000,0.00109000,160050.00000000,0.00108900,1712853.00000000,0.00108800,1094203.00000000,0.00108700,1038180.00000000,0.00108600,1259838.00000000,0.00108500,1462384.00000000,0.00108400,195791.00000000,0.00109400,1761.00000000,0.00109500,853493.00000000,0.00109600,285682.00000000,0.00109700,1459806.00000000,0.00109800,1673134.00000000,0.00109900,1329150.00000000,0.00110000,882170.00000000,0.00110100,1263736.00000000,0.00110200,1924164.00000000,0.00110300,280320.00000000,,,,,,,,,,,,,,,,,,,,,,,,,,,,,,,,,,,,,,,,,-0.0069,
0,7,532,0.00108900,0.0010993,0.9458,1774137182354,0.00109300,450937.00000000,0.00109200,1148602.00000000,0.00109100,5222559.00000000,0.00109000,160050.00000000,0.00108900,1712853.00000000,0.00108800,1094203.00000000,0.00108700,1038180.00000000,0.00108600,1259838.00000000,0.00108500,1462384.00000000,0.00108400,195791.00000000,0.00109400,1761.00000000,0.00109500,853493.00000000,0.00109600,285682.00000000,0.00109700,1459806.00000000,0.00109800,1673134.00000000,0.00109900,1329150.00000000,0.00110000,882170.00000000,0.00110100,1263736.00000000,0.00110200,1924164.00000000,0.00110300,280320.00000000,,,,,,,,,,,,,,,,,,,,,,,,,,,,,,,,,,,,,,,,,-0.0069,
0,7,532,0.00108900,0.0010993,0.9458,1774137182654,0.00109300,450937.00000000,0.00109200,1240050.00000000,0.00109100,5222559.00000000,0.00109000,160050.00000000,0.00108900,1758577.00000000,0.00108800,1094203.00000000,0.00108700,1038180.00000000,0.00108600,1259838.00000000,0.00108500,1462384.00000000,0.00108400,195791.00000000,0.00109400,1761.00000000,0.00109500,567268.00000000,0.00109600,285682.00000000,0.00109700,1459806.00000000,0.00109800,1673134.00000000,0.00109900,1329150.00000000,0.00110000,882170.00000000,0.00110100,1263736.00000000,0.00110200,1924164.00000000,0.00110300,280320.00000000,,,,,,,,,,,,,,,,,,,,,,,,,,,,,,,,,,,,,,,,,-0.0069,
0,7,532,0.00108900,0.0010995,0.9642,1774137182955,0.00109300,386041.00000000,0.00109200,732960.00000000,0.00109100,5426340.00000000,0.00109000,369349.00000000,0.00108900,1438842.00000000,0.00108800,843009.00000000,0.00108700,1038180.00000000,0.00108600,7344216.00000000,0.00108500,1462384.00000000,0.00108400,195791.00000000,0.00109500,469338.00000000,0.00109600,289773.00000000,0.00109700,365246.00000000,0.00109800,1529010.00000000,0.00109900,1436147.00000000,0.00110000,835022.00000000,0.00110100,1156697.00000000,0.00110200,1847295.00000000,0.00110300,766882.00000000,0.00110400,546051.00000000,,,,,,,,,,,,,,,,,,,,,,,,,,,,,,,,,,,,,,,,,-0.0069,
0,7,532,0.00109000,0.0010993,0.8532,1774137183255,0.00109300,317444.00000000,0.00109200,1170878.00000000,0.00109100,4938545.00000000,0.00109000,562736.00000000,0.00108900,1484566.00000000,0.00108800,1090672.00000000,0.00108700,946287.00000000,0.00108600,7676605.00000000,0.00108500,1462384.00000000,0.00108400,195791.00000000,0.00109500,309651.00000000,0.00109600,289773.00000000,0.00109700,836906.00000000,0.00109800,1782589.00000000,0.00109900,1460362.00000000,0.00110000,791431.00000000,0.00110100,1168211.00000000,0.00110200,1847295.00000000,0.00110300,690013.00000000,0.00110400,622920.00000000,,,,,,,,,,,,,,,,,,,,,,,,,,,,,,,,,,,,,,,,,-0.0069,
0,7,532,0.00109000,0.0010993,0.8532,1774137183556,0.00109400,274207.00000000,0.00109300,317444.00000000,0.00109200,1110713.00000000,0.00109100,4938545.00000000,0.00109000,538621.00000000,0.00108900,1738845.00000000,0.00108800,1090672.00000000,0.00108700,1012483.00000000,0.00108600,7610409.00000000,0.00108500,1462384.00000000,0.00109500,197151.00000000,0.00109600,289773.00000000,0.00109700,836906.00000000,0.00109800,1782589.00000000,0.00109900,1383420.00000000,0.00110000,791431.00000000,0.00110100,1168211.00000000,0.00110200,1847295.00000000,0.00110300,690013.00000000,0.00110400,546051.00000000,,,,,,,,,,,,,,,,,,,,,,,,,,,,,,,,,,,,,,,,,-0.0069,
0,7,532,0.00109100,0.0011007,0.8891,1774137183856,0.00109500,470598.00000000,0.00109400,563277.00000000,0.00109300,716113.00000000,0.00109200,712044.00000000,0.00109100,5164934.00000000,0.00109000,962247.00000000,0.00108900,1438842.00000000,0.00108800,670587.00000000,0.00108700,946287.00000000,0.00108600,7610409.00000000,0.00109600,16887.00000000,0.00109700,335174.00000000,0.00109800,1383920.00000000,0.00109900,1715893.00000000,0.00110000,857627.00000000,0.00110100,1436273.00000000,0.00110200,2038618.00000000,0.00110300,690013.00000000,0.00110400,546051.00000000,0.00110500,2657073.00000000,,,,,,,,,,,,,,,,,,,,,,,,,,,,,,,,,,,,,,,,,-0.0069,
0,7,532,0.00109100,0.0011007,0.8891,1774137184157,0.00109500,472687.00000000,0.00109400,561188.00000000,0.00109300,716113.00000000,0.00109200,712044.00000000,0.00109100,4984206.00000000,0.00109000,1000267.00000000,0.00108900,1438842.00000000,0.00108800,471117.00000000,0.00108700,946287.00000000,0.00108600,7674337.00000000,0.00109700,274545.00000000,0.00109800,618920.00000000,0.00109900,1777704.00000000,0.00110000,791431.00000000,0.00110100,1502469.00000000,0.00110200,1950235.00000000,0.00110300,624658.00000000,0.00110400,546051.00000000,0.00110500,2657073.00000000,0.00110600,115250.00000000,,,,,,,,,,,,,,,,,,,,,,,,,,,,,,,,,,,,,,,,,-0.0069,
0,7,532,0.00109100,0.0011008,0.8983,1774137184458,0.00109500,472687.00000000,0.00109400,366246.00000000,0.00109300,716113.00000000,0.00109200,912044.00000000,0.00109100,5154377.00000000,0.00109000,1000267.00000000,0.00108900,1771231.00000000,0.00108800,471117.00000000,0.00108700,946287.00000000,0.00108600,7408144.00000000,0.00109700,303160.00000000,0.00109800,618920.00000000,0.00109900,1777704.00000000,0.00110000,833184.00000000,0.00110100,1502469.00000000,0.00110200,1950235.00000000,0.00110300,701527.00000000,0.00110400,622920.00000000,0.00110500,2580204.00000000,0.00110600,192119.00000000,,,,,,,,,,,,,,,,,,,,,,,,,,,,,,,,,,,,,,,,,-0.0069,
0,7,532,0.00109100,0.001102,1.0082,1774137184759,0.00109500,472687.00000000,0.00109400,366246.00000000,0.00109300,716113.00000000,0.00109200,912044.00000000,0.00109100,5160763.00000000,0.00109000,1000267.00000000,0.00108900,1771231.00000000,0.00108800,471117.00000000,0.00108700,946287.00000000,0.00108600,7408144.00000000,0.00109700,303160.00000000,0.00109800,618920.00000000,0.00109900,1777704.00000000,0.00110000,791431.00000000,0.00110100,1502469.00000000,0.00110200,1950235.00000000,0.00110300,701527.00000000,0.00110400,622920.00000000,0.00110500,2580204.00000000,0.00110600,192119.00000000,,,,,,,,,,,,,,,,,,,,,,,,,,,,,,,,,,,,,,,,,-0.0069,
0,7,532,0.00109100,0.0011035,1.1457,1774137185060,0.00109600,458306.00000000,0.00109500,470598.00000000,0.00109400,764915.00000000,0.00109300,317444.00000000,0.00109200,967391.00000000,0.00109100,5160763.00000000,0.00109000,1136931.00000000,0.00108900,1853405.00000000,0.00108800,471117.00000000,0.00108700,865615.00000000,0.00109800,522597.00000000,0.00109900,1297405.00000000,0.00110000,938246.00000000,0.00110100,1262723.00000000,0.00110200,2035163.00000000,0.00110300,879923.00000000,0.00110400,1032613.00000000,0.00110500,2580204.00000000,0.00110600,192119.00000000,0.00110700,532787.00000000,,,,,,,,,,,,,,,,,,,,,,,,,,,,,,,,,,,,,,,,,-0.0069,
0,7,532,0.00109100,0.0011022,1.0266,1774137185360,0.00109700,471452.00000000,0.00109600,550345.00000000,0.00109500,676242.00000000,0.00109400,411119.00000000,0.00109300,363001.00000000,0.00109200,1462710.00000000,0.00109100,5115102.00000000,0.00109000,710562.00000000,0.00108900,1877567.00000000,0.00108800,471117.00000000,0.00109900,334905.00000000,0.00110000,868916.00000000,0.00110100,1661392.00000000,0.00110200,2209262.00000000,0.00110300,879923.00000000,0.00110400,1202971.00000000,0.00110500,2580204.00000000,0.00110600,192119.00000000,0.00110700,532787.00000000,0.00110800,640173.00000000,,,,,,,,,,,,,,,,,,,,,,,,,,,,,,,,,,,,,,,,,-0.0069,
0,7,532,0.00109100,0.0011021,1.0174,1774137185661,0.00109700,2083.00000000,0.00109600,765855.00000000,0.00109500,676242.00000000,0.00109400,366246.00000000,0.00109300,569705.00000000,0.00109200,1595984.00000000,0.00109100,5115102.00000000,0.00109000,511092.00000000,0.00108900,1877567.00000000,0.00108800,471117.00000000,0.00109800,278877.00000000,0.00109900,334905.00000000,0.00110000,868916.00000000,0.00110100,1837699.00000000,0.00110200,2122188.00000000,0.00110300,869250.00000000,0.00110400,1049233.00000000,0.00110500,2591718.00000000,0.00110600,268988.00000000,0.00110700,609656.00000000,,,,,,,,,,,,,,,,,,,,,,,,,,,,,,,,,,,,,,,,,-0.0069,
0,7,532,0.00109100,0.0011021,1.0174,1774137185962,0.00109700,2083.00000000,0.00109600,367186.00000000,0.00109500,676242.00000000,0.00109400,695490.00000000,0.00109300,569705.00000000,0.00109200,1312642.00000000,0.00109100,5115102.00000000,0.00109000,577288.00000000,0.00108900,1941495.00000000,0.00108800,471117.00000000,0.00109800,461246.00000000,0.00109900,380313.00000000,0.00110000,1312569.00000000,0.00110100,1481152.00000000,0.00110200,2163994.00000000,0.00110300,869250.00000000,0.00110400,1049233.00000000,0.00110500,2591718.00000000,0.00110600,268988.00000000,0.00110700,609656.00000000,,,,,,,,,,,,,,,,,,,,,,,,,,,,,,,,,,,,,,,,,-0.0069,
0,7,532,0.00109100,0.001102,1.0082,1774137186263,0.00109700,329832.00000000,0.00109600,367186.00000000,0.00109500,676242.00000000,0.00109400,695490.00000000,0.00109300,569705.00000000,0.00109200,1312642.00000000,0.00109100,5381295.00000000,0.00109000,577288.00000000,0.00108900,1675302.00000000,0.00108800,471117.00000000,0.00109800,278877.00000000,0.00109900,336163.00000000,0.00110000,1267585.00000000,0.00110100,1481152.00000000,0.00110200,2163941.00000000,0.00110300,869250.00000000,0.00110400,1049233.00000000,0.00110500,2591718.00000000,0.00110600,268988.00000000,0.00110700,609656.00000000,,,,,,,,,,,,,,,,,,,,,,,,,,,,,,,,,,,,,,,,,-0.0069,
0,7,532,0.00109100,0.001102,1.0082,1774137186563,0.00109700,2083.00000000,0.00109600,367186.00000000,0.00109500,277573.00000000,0.00109400,895490.00000000,0.00109300,569705.00000000,0.00109200,1312642.00000000,0.00109100,5381295.00000000,0.00109000,575462.00000000,0.00108900,1675302.00000000,0.00108800,471117.00000000,0.00109800,441160.00000000,0.00109900,424463.00000000,0.00110000,1357722.00000000,0.00110100,1481152.00000000,0.00110200,2387979.00000000,0.00110300,869250.00000000,0.00110400,1049233.00000000,0.00110500,2591718.00000000,0.00110600,268988.00000000,0.00110700,609656.00000000,,,,,,,,,,,,,,,,,,,,,,,,,,,,,,,,,,,,,,,,,-0.0069,
0,7,532,0.00109100,0.001102,1.0082,1774137186864,0.00109700,4164.00000000,0.00109600,367186.00000000,0.00109500,277573.00000000,0.00109400,895490.00000000,0.00109300,517444.00000000,0.00109200,1312642.00000000,0.00109100,5381295.00000000,0.00109000,575462.00000000,0.00108900,1675302.00000000,0.00108800,471117.00000000,0.00109800,460011.00000000,0.00109900,364325.00000000,0.00110000,959053.00000000,0.00110100,1658131.00000000,0.00110200,2429767.00000000,0.00110300,869250.00000000,0.00110400,1109371.00000000,0.00110500,2591718.00000000,0.00110600,268988.00000000,0.00110700,609656.00000000,,,,,,,,,,,,,,,,,,,,,,,,,,,,,,,,,,,,,,,,,-0.0069,
0,7,532,0.00109100,0.0011021,1.0174,1774137187165,0.00109600,254686.00000000,0.00109500,277573.00000000,0.00109400,895490.00000000,0.00109300,517444.00000000,0.00109200,1394092.00000000,0.00109100,5115102.00000000,0.00109000,1013868.00000000,0.00108900,1741498.00000000,0.00108800,471117.00000000,0.00108700,728883.00000000,0.00109700,114583.00000000,0.00109800,461259.00000000,0.00109900,745203.00000000,0.00110000,939249.00000000,0.00110100,1348995.00000000,0.00110200,2454157.00000000,0.00110300,803054.00000000,0.00110400,1120885.00000000,0.00110500,2580204.00000000,0.00110600,268988.00000000,,,,,,,,,,,,,,,,,,,,,,,,,,,,,,,,,,,,,,,,,-0.0069,
0,7,532,0.00109100,0.0011034,1.1366,1774137187466,0.00109600,254686.00000000,0.00109500,277573.00000000,0.00109400,895490.00000000,0.00109300,517444.00000000,0.00109200,1394092.00000000,0.00109100,5115102.00000000,0.00109000,1013868.00000000,0.00108900,1741498.00000000,0.00108800,471117.00000000,0.00108700,728883.00000000,0.00109700,114583.00000000,0.00109800,461259.00000000,0.00109900,745203.00000000,0.00110000,939249.00000000,0.00110100,1348995.00000000,0.00110200,2412369.00000000,0.00110300,803054.00000000,0.00110400,1120885.00000000,0.00110500,2580204.00000000,0.00110600,268988.00000000,,,,,,,,,,,,,,,,,,,,,,,,,,,,,,,,,,,,,,,,,-0.0069,
0,7,532,0.00109100,0.0011022,1.0266,1774137187766,0.00109600,424087.00000000,0.00109500,277573.00000000,0.00109400,895490.00000000,0.00109300,517444.00000000,0.00109200,1394092.00000000,0.00109100,5115102.00000000,0.00109000,1013868.00000000,0.00108900,1741498.00000000,0.00108800,471117.00000000,0.00108700,728883.00000000,0.00109700,143198.00000000,0.00109800,505409.00000000,0.00109900,790187.00000000,0.00110000,939249.00000000,0.00110100,1390801.00000000,0.00110200,2412369.00000000,0.00110300,803054.00000000,0.00110400,1120885.00000000,0.00110500,2580204.00000000,0.00110600,268988.00000000,,,,,,,,,,,,,,,,,,,,,,,,,,,,,,,,,,,,,,,,,-0.0069,
0,7,532,0.00109100,0.0011034,1.1366,1774137188067,0.00109600,536587.00000000,0.00109500,657831.00000000,0.00109400,895490.00000000,0.00109300,563043.00000000,0.00109200,1394092.00000000,0.00109100,5115102.00000000,0.00109000,1013868.00000000,0.00108900,1741498.00000000,0.00108800,471117.00000000,0.00108700,728883.00000000,0.00109700,30698.00000000,0.00109800,280125.00000000,0.00109900,274767.00000000,0.00110000,1001485.00000000,0.00110100,1348995.00000000,0.00110200,2370616.00000000,0.00110300,803054.00000000,0.00110400,1120885.00000000,0.00110500,2580204.00000000,0.00110600,268988.00000000,,,,,,,,,,,,,,,,,,,,,,,,,,,,,,,,,,,,,,,,,-0.0069,
0,7,532,0.00109100,0.0011034,1.1366,1774137188367,0.00109700,182585.00000000,0.00109600,538672.00000000,0.00109500,612232.00000000,0.00109400,895490.00000000,0.00109300,572783.00000000,0.00109200,1394092.00000000,0.00109100,5115102.00000000,0.00109000,1013868.00000000,0.00108900,1675302.00000000,0.00108800,471117.00000000,0.00109800,280125.00000000,0.00109900,318917.00000000,0.00110000,1046469.00000000,0.00110100,1348995.00000000,0.00110200,2380850.00000000,0.00110300,803054.00000000,0.00110400,1109371.00000000,0.00110500,2753754.00000000,0.00110600,268988.00000000,0.00110700,609656.00000000,,,,,,,,,,,,,,,,,,,,,,,,,,,,,,,,,,,,,,,,,-0.0069,
0,7,532,0.00109100,0.0011034,1.1366,1774137188668,0.00109700,870552.00000000,0.00109600,536587.00000000,0.00109500,612232.00000000,0.00109400,941048.00000000,0.00109300,527184.00000000,0.00109200,1632064.00000000,0.00109100,5115102.00000000,0.00109000,841655.00000000,0.00108900,4889112.00000000,0.00108800,471117.00000000,0.00109800,113748.00000000,0.00109900,318917.00000000,0.00110000,1046469.00000000,0.00110100,1348995.00000000,0.00110200,2380850.00000000,0.00110300,869250.00000000,0.00110400,1109371.00000000,0.00110500,2765268.00000000,0.00110600,268988.00000000,0.00110700,609656.00000000,,,,,,,,,,,,,,,,,,,,,,,,,,,,,,,,,,,,,,,,,-0.0069,
0,7,532,0.00109100,0.0011034,1.1366,1774137188969,0.00109700,831577.00000000,0.00109600,536587.00000000,0.00109500,812232.00000000,0.00109400,941048.00000000,0.00109300,533565.00000000,0.00109200,1632064.00000000,0.00109100,5381295.00000000,0.00109000,3569473.00000000,0.00108900,4965981.00000000,0.00108800,471117.00000000,0.00109800,113748.00000000,0.00109900,274767.00000000,0.00110000,1001485.00000000,0.00110100,1348995.00000000,0.00110200,2339044.00000000,0.00110300,869250.00000000,0.00110400,1109371.00000000,0.00110500,2765268.00000000,0.00110600,268988.00000000,0.00110700,609656.00000000,,,,,,,,,,,,,,,,,,,,,,,,,,,,,,,,,,,,,,,,,-0.0069,
0,7,532,0.00109100,0.0011034,1.1366,1774137189269,0.00109700,831577.00000000,0.00109600,536587.00000000,0.00109500,812232.00000000,0.00109400,941048.00000000,0.00109300,523825.00000000,0.00109200,1632064.00000000,0.00109100,5381295.00000000,0.00109000,3569473.00000000,0.00108900,4965981.00000000,0.00108800,471117.00000000,0.00109800,1248.00000000,0.00109900,274767.00000000,0.00110000,1001485.00000000,0.00110100,1348995.00000000,0.00110200,2339044.00000000,0.00110300,869250.00000000,0.00110400,1109371.00000000,0.00110500,2765268.00000000,0.00110600,1146952.00000000,0.00110700,609656.00000000,,,,,,,,,,,,,,,,,,,,,,,,,,,,,,,,,,,,,,,,,-0.0069,
0,7,532,0.00109100,0.0011034,1.1366,1774137189570,0.00109700,608904.00000000,0.00109600,536587.00000000,0.00109500,812232.00000000,0.00109400,941048.00000000,0.00109300,523825.00000000,0.00109200,1632064.00000000,0.00109100,5381295.00000000,0.00109000,3569473.00000000,0.00108900,4965981.00000000,0.00108800,471117.00000000,0.00109800,306631.00000000,0.00109900,274767.00000000,0.00110000,1001485.00000000,0.00110100,1348995.00000000,0.00110200,2339044.00000000,0.00110300,869250.00000000,0.00110400,1109371.00000000,0.00110500,2765268.00000000,0.00110600,1070083.00000000,0.00110700,609656.00000000,,,,,,,,,,,,,,,,,,,,,,,,,,,,,,,,,,,,,,,,,-0.0069,
0,7,532,0.00109100,0.0011034,1.1366,1774137189871,0.00109700,608904.00000000,0.00109600,536587.00000000,0.00109500,812232.00000000,0.00109400,941048.00000000,0.00109300,523825.00000000,0.00109200,1632064.00000000,0.00109100,5381295.00000000,0.00109000,3569473.00000000,0.00108900,4965981.00000000,0.00108800,471117.00000000,0.00109800,306631.00000000,0.00109900,318917.00000000,0.00110000,1001485.00000000,0.00110100,1348995.00000000,0.00110200,2339044.00000000,0.00110300,869250.00000000,0.00110400,1109371.00000000,0.00110500,2765268.00000000,0.00110600,1070083.00000000,0.00110700,609656.00000000,,,,,,,,,,,,,,,,,,,,,,,,,,,,,,,,,,,,,,,,,-0.0069,
0,7,532,0.00109100,0.0011034,1.1366,1774137190171,0.00109700,608904.00000000,0.00109600,536587.00000000,0.00109500,812232.00000000,0.00109400,941048.00000000,0.00109300,523825.00000000,0.00109200,1632064.00000000,0.00109100,5381295.00000000,0.00109000,3569473.00000000,0.00108900,4965981.00000000,0.00108800,471117.00000000,0.00109800,306631.00000000,0.00109900,318917.00000000,0.00110000,1001485.00000000,0.00110100,1348995.00000000,0.00110200,2339044.00000000,0.00110300,869250.00000000,0.00110400,1987335.00000000,0.00110500,2765268.00000000,0.00110600,1070083.00000000,0.00110700,609656.00000000,,,,,,,,,,,,,,,,,,,,,,,,,,,,,,,,,,,,,,,,,-0.0069,
0,7,532,0.00109100,0.0011034,1.1366,1774137190472,0.00109800,606819.00000000,0.00109700,448976.00000000,0.00109600,536587.00000000,0.00109500,1210901.00000000,0.00109400,941048.00000000,0.00109300,523825.00000000,0.00109200,1632064.00000000,0.00109100,5211124.00000000,0.00109000,3569473.00000000,0.00108900,4965981.00000000,0.00109900,190522.00000000,0.00110000,1268375.00000000,0.00110100,1348995.00000000,0.00110200,2471390.00000000,0.00110300,869250.00000000,0.00110400,1987335.00000000,0.00110500,2765268.00000000,0.00110600,1070083.00000000,0.00110700,609656.00000000,0.00110800,717042.00000000,,,,,,,,,,,,,,,,,,,,,,,,,,,,,,,,,,,,,,,,,-0.0069,
0,7,532,0.00109100,0.0011034,1.1366,1774137190773,0.00109800,608900.00000000,0.00109700,446891.00000000,0.00109600,736587.00000000,0.00109500,812232.00000000,0.00109400,1294159.00000000,0.00109300,523825.00000000,0.00109200,1586465.00000000,0.00109100,5277320.00000000,0.00109000,3503277.00000000,0.00108900,4965981.00000000,0.00109900,207609.00000000,0.00110000,848765.00000000,0.00110100,1480251.00000000,0.00110200,2615986.00000000,0.00110300,1054295.00000000,0.00110400,2053531.00000000,0.00110500,2753754.00000000,0.00110600,1081597.00000000,0.00110700,609656.00000000,0.00110800,717042.00000000,,,,,,,,,,,,,,,,,,,,,,,,,,,,,,,,,,,,,,,,,-0.0069,
0,7,532,0.00109100,0.0011034,1.1366,1774137191074,0.00109800,608900.00000000,0.00109700,446891.00000000,0.00109600,736587.00000000,0.00109500,812232.00000000,0.00109400,1294159.00000000,0.00109300,523825.00000000,0.00109200,1586465.00000000,0.00109100,5904537.00000000,0.00109000,3503277.00000000,0.00108900,4965981.00000000,0.00109900,207609.00000000,0.00110000,848765.00000000,0.00110100,1436101.00000000,0.00110200,2615986.00000000,0.00110300,1012507.00000000,0.00110400,2053531.00000000,0.00110500,2753754.00000000,0.00110600,1081597.00000000,0.00110700,609656.00000000,0.00110800,717042.00000000,,,,,,,,,,,,,,,,,,,,,,,,,,,,,,,,,,,,,,,,,-0.0069,
0,7,532,0.00109100,0.0011048,1.2649,1774137191374,0.00109800,937574.00000000,0.00109700,446891.00000000,0.00109600,736587.00000000,0.00109500,1210901.00000000,0.00109400,895490.00000000,0.00109300,523825.00000000,0.00109200,1586465.00000000,0.00109100,5904537.00000000,0.00109000,3503277.00000000,0.00108900,4965981.00000000,0.00109900,28255.00000000,0.00110000,450096.00000000,0.00110100,1393979.00000000,0.00110200,2436051.00000000,0.00110300,1054295.00000000,0.00110400,2053531.00000000,0.00110500,2753754.00000000,0.00110600,1081597.00000000,0.00110700,609656.00000000,0.00110800,717042.00000000,,,,,,,,,,,,,,,,,,,,,,,,,,,,,,,,,,,,,,,,,-0.0069,
0,7,532,0.00109100,0.0011048,1.2649,1774137191674,0.00109900,608900.00000000,0.00109800,533213.00000000,0.00109700,646891.00000000,0.00109600,1135256.00000000,0.00109500,903202.00000000,0.00109400,895490.00000000,0.00109300,597889.00000000,0.00109200,1635283.00000000,0.00109100,5748386.00000000,0.00109000,3503277.00000000,0.00110000,299717.00000000,0.00110100,1311454.00000000,0.00110200,2196098.00000000,0.00110300,1066389.00000000,0.00110400,1491153.00000000,0.00110500,3697914.00000000,0.00110600,1070083.00000000,0.00110700,621170.00000000,0.00110800,717042.00000000,0.00110900,1190871.00000000,,,,,,,,,,,,,,,,,,,,,,,,,,,,,,,,,,,,,,,,,-0.0069,
0,7,532,0.00109100,0.0011048,1.2649,1774137191975,0.00109900,608900.00000000,0.00109800,533213.00000000,0.00109700,985796.00000000,0.00109600,1135256.00000000,0.00109500,903202.00000000,0.00109400,895490.00000000,0.00109300,597889.00000000,0.00109200,1635283.00000000,0.00109100,5748386.00000000,0.00109000,3503277.00000000,0.00110000,293745.00000000,0.00110100,1223154.00000000,0.00110200,2079080.00000000,0.00110300,1080927.00000000,0.00110400,1239578.00000000,0.00110500,3227778.00000000,0.00110600,3625450.00000000,0.00110700,621170.00000000,0.00110800,1595006.00000000,0.00110900,312907.00000000,,,,,,,,,,,,,,,,,,,,,,,,,,,,,,,,,,,,,,,,,-0.0069,
0,7,532,0.00109100,0.0011048,1.2649,1774137192276,0.00109900,608900.00000000,0.00109800,533213.00000000,0.00109700,985796.00000000,0.00109600,1135256.00000000,0.00109500,903202.00000000,0.00109400,895490.00000000,0.00109300,597889.00000000,0.00109200,1635283.00000000,0.00109100,5748386.00000000,0.00109000,3503277.00000000,0.00110000,293745.00000000,0.00110100,1223154.00000000,0.00110200,2079080.00000000,0.00110300,1080927.00000000,0.00110400,1281331.00000000,0.00110500,3227778.00000000,0.00110600,3625450.00000000,0.00110700,621170.00000000,0.00110800,1595006.00000000,0.00110900,312907.00000000,,,,,,,,,,,,,,,,,,,,,,,,,,,,,,,,,,,,,,,,,-0.0069,
0,7,532,0.00109100,0.0011048,1.2649,1774137192577,0.00109900,942843.00000000,0.00109800,533213.00000000,0.00109700,985796.00000000,0.00109600,1180066.00000000,0.00109500,909571.00000000,0.00109400,895490.00000000,0.00109300,597889.00000000,0.00109200,1455931.00000000,0.00109100,5748386.00000000,0.00109000,3503277.00000000,0.00110000,131894.00000000,0.00110100,1223154.00000000,0.00110200,1868562.00000000,0.00110300,1036777.00000000,0.00110400,1194675.00000000,0.00110500,3227778.00000000,0.00110600,3625450.00000000,0.00110700,621170.00000000,0.00110800,1595006.00000000,0.00110900,312907.00000000,,,,,,,,,,,,,,,,,,,,,,,,,,,,,,,,,,,,,,,,,-0.0069,
0,7,532,0.00109100,0.0011048,1.2649,1774137192877,0.00109900,942843.00000000,0.00109800,533213.00000000,0.00109700,985796.00000000,0.00109600,1180066.00000000,0.00109500,909571.00000000,0.00109400,895490.00000000,0.00109300,597889.00000000,0.00109200,1455931.00000000,0.00109100,5748386.00000000,0.00109000,3503277.00000000,0.00110000,131894.00000000,0.00110100,859847.00000000,0.00110200,1749023.00000000,0.00110300,1123049.00000000,0.00110400,1407047.00000000,0.00110500,3227778.00000000,0.00110600,3625450.00000000,0.00110700,621170.00000000,0.00110800,1595006.00000000,0.00110900,312907.00000000,,,,,,,,,,,,,,,,,,,,,,,,,,,,,,,,,,,,,,,,,-0.0069,
0,7,532,0.00109100,0.0011038,1.1732,1774137193178,0.00109900,608900.00000000,0.00109800,533213.00000000,0.00109700,446891.00000000,0.00109600,567186.00000000,0.00109500,864096.00000000,0.00109400,944553.00000000,0.00109300,797962.00000000,0.00109200,1408782.00000000,0.00109100,5748386.00000000,0.00109000,3503277.00000000,0.00110000,695244.00000000,0.00110100,996036.00000000,0.00110200,2298939.00000000,0.00110300,1022239.00000000,0.00110400,1532941.00000000,0.00110500,3227778.00000000,0.00110600,3625450.00000000,0.00110700,928648.00000000,0.00110800,1595006.00000000,0.00110900,312907.00000000,,,,,,,,,,,,,,,,,,,,,,,,,,,,,,,,,,,,,,,,,-0.0069,
0,7,532,0.00109100,0.0011048,1.2649,1774137193478,0.00109900,608900.00000000,0.00109800,533213.00000000,0.00109700,1169687.00000000,0.00109600,965855.00000000,0.00109500,870794.00000000,0.00109400,944553.00000000,0.00109300,797962.00000000,0.00109200,1804821.00000000,0.00109100,5748386.00000000,0.00109000,3503277.00000000,0.00110000,695244.00000000,0.00110100,996036.00000000,0.00110200,2298939.00000000,0.00110300,1022239.00000000,0.00110400,1532941.00000000,0.00110500,3227778.00000000,0.00110600,3625450.00000000,0.00110700,928648.00000000,0.00110800,1595006.00000000,0.00110900,312907.00000000,,,,,,,,,,,,,,,,,,,,,,,,,,,,,,,,,,,,,,,,,-0.0069,
0,7,532,0.00109100,0.0011048,1.2649,1774137193780,0.00109900,608900.00000000,0.00109800,533213.00000000,0.00109700,1169687.00000000,0.00109600,965855.00000000,0.00109500,870794.00000000,0.00109400,944553.00000000,0.00109300,597889.00000000,0.00109200,1804821.00000000,0.00109100,5748386.00000000,0.00109000,3503277.00000000,0.00110000,905023.00000000,0.00110100,903997.00000000,0.00110200,2069673.00000000,0.00110300,1022239.00000000,0.00110400,1532941.00000000,0.00110500,3227778.00000000,0.00110600,3625450.00000000,0.00110700,928648.00000000,0.00110800,1595006.00000000,0.00110900,312907.00000000,,,,,,,,,,,,,,,,,,,,,,,,,,,,,,,,,,,,,,,,,-0.0069,
0,7,532,0.00110000,0.0011048,0.4364,1774137194081,0.00109900,608900.00000000,0.00109800,533213.00000000,0.00109700,1169687.00000000,0.00109600,965855.00000000,0.00109500,870794.00000000,0.00109400,944553.00000000,0.00109300,597889.00000000,0.00109200,1804821.00000000,0.00109100,5748386.00000000,0.00109000,3503277.00000000,0.00110000,905023.00000000,0.00110100,505328.00000000,0.00110200,2381236.00000000,0.00110300,1022239.00000000,0.00110400,1673053.00000000,0.00110500,3227778.00000000,0.00110600,3625450.00000000,0.00110700,928648.00000000,0.00110800,1595006.00000000,0.00110900,312907.00000000,,,,,,,,,,,,,,,,,,,,,,,,,,,,,,,,,,,,,,,,,-0.0069,
0,7,532,0.00110000,0.0011048,0.4364,1774137194381,0.00109900,608900.00000000,0.00109800,533213.00000000,0.00109700,1169687.00000000,0.00109600,965855.00000000,0.00109500,870794.00000000,0.00109400,944553.00000000,0.00109300,767112.00000000,0.00109200,1804821.00000000,0.00109100,5748386.00000000,0.00109000,3503277.00000000,0.00110000,905023.00000000,0.00110100,1311454.00000000,0.00110200,1982567.00000000,0.00110300,1022239.00000000,0.00110400,1674519.00000000,0.00110500,3227778.00000000,0.00110600,3625450.00000000,0.00110700,928648.00000000,0.00110800,1595006.00000000,0.00110900,312907.00000000,,,,,,,,,,,,,,,,,,,,,,,,,,,,,,,,,,,,,,,,,-0.0069,
0,7,532,0.00110000,0.0011048,0.4364,1774137194682,0.00109900,608900.00000000,0.00109800,533213.00000000,0.00109700,1170688.00000000,0.00109600,965855.00000000,0.00109500,818601.00000000,0.00109400,944553.00000000,0.00109300,1033305.00000000,0.00109200,1538628.00000000,0.00109100,5747379.00000000,0.00109000,3503277.00000000,0.00110000,905023.00000000,0.00110100,1657631.00000000,0.00110200,2068839.00000000,0.00110300,1022239.00000000,0.00110400,1714841.00000000,0.00110500,3227778.00000000,0.00110600,3625450.00000000,0.00110700,928648.00000000,0.00110800,1595006.00000000,0.00110900,312907.00000000,,,,,,,,,,,,,,,,,,,,,,,,,,,,,,,,,,,,,,,,,-0.0069,
0,7,532,0.00110000,0.0011037,0.3364,1774137194983,0.00109800,438843.00000000,0.00109700,1170688.00000000,0.00109600,367186.00000000,0.00109500,1217270.00000000,0.00109400,895490.00000000,0.00109300,762302.00000000,0.00109200,1786412.00000000,0.00109100,5747379.00000000,0.00109000,3503277.00000000,0.00108900,4921066.00000000,0.00109900,293579.00000000,0.00110000,1119805.00000000,0.00110100,1761584.00000000,0.00110200,2051100.00000000,0.00110300,962759.00000000,0.00110400,1714841.00000000,0.00110500,3161582.00000000,0.00110600,3625450.00000000,0.00110700,917134.00000000,0.00110800,1595006.00000000,,,,,,,,,,,,,,,,,,,,,,,,,,,,,,,,,,,,,,,,,-0.0069,
0,7,532,0.00110000,0.0011042,0.3818,1774137195284,0.00109800,438843.00000000,0.00109700,1170688.00000000,0.00109600,367186.00000000,0.00109500,1217270.00000000,0.00109400,924822.00000000,0.00109300,762302.00000000,0.00109200,1786412.00000000,0.00109100,5813575.00000000,0.00109000,3503277.00000000,0.00108900,4921066.00000000,0.00109900,114581.00000000,0.00110000,1119805.00000000,0.00110100,1722268.00000000,0.00110200,2051100.00000000,0.00110300,917856.00000000,0.00110400,1655143.00000000,0.00110500,3161582.00000000,0.00110600,3636964.00000000,0.00110700,917134.00000000,0.00110800,1595006.00000000,,,,,,,,,,,,,,,,,,,,,,,,,,,,,,,,,,,,,,,,,-0.0069,
0,7,532,0.00110000,0.0011049,0.4455,1774137195585,0.00109900,329232.00000000,0.00109800,438843.00000000,0.00109700,1930019.00000000,0.00109600,367186.00000000,0.00109500,818601.00000000,0.00109400,924822.00000000,0.00109300,597889.00000000,0.00109200,1786412.00000000,0.00109100,5813575.00000000,0.00109000,3521511.00000000,0.00110100,439308.00000000,0.00110200,1501396.00000000,0.00110300,1162468.00000000,0.00110400,1655143.00000000,0.00110500,3161582.00000000,0.00110600,3636964.00000000,0.00110700,917134.00000000,0.00110800,2127913.00000000,0.00110900,312907.00000000,0.00111000,546841.00000000,,,,,,,,,,,,,,,,,,,,,,,,,,,,,,,,,,,,,,,,,-0.0069,
0,7,532,0.00110000,0.0011049,0.4455,1774137195886,0.00109900,331309.00000000,0.00109800,438843.00000000,0.00109700,1569357.00000000,0.00109600,567186.00000000,0.00109500,853791.00000000,0.00109400,1288892.00000000,0.00109300,597889.00000000,0.00109200,1458852.00000000,0.00109100,5747379.00000000,0.00109000,3521511.00000000,0.00110000,112500.00000000,0.00110100,439308.00000000,0.00110200,2695971.00000000,0.00110300,1061167.00000000,0.00110400,1588947.00000000,0.00110500,3227778.00000000,0.00110600,697116.00000000,0.00110700,3176537.00000000,0.00110800,2204782.00000000,0.00110900,312907.00000000,,,,,,,,,,,,,,,,,,,,,,,,,,,,,,,,,,,,,,,,,-0.0069,
0,7,532,0.00110000,0.0011049,0.4455,1774137196187,0.00109900,218809.00000000,0.00109800,438843.00000000,0.00109700,1919814.00000000,0.00109600,567186.00000000,0.00109500,853791.00000000,0.00109400,1288892.00000000,0.00109300,597889.00000000,0.00109200,1525048.00000000,0.00109100,5747379.00000000,0.00109000,3521511.00000000,0.00110000,662571.00000000,0.00110100,439308.00000000,0.00110200,2684028.00000000,0.00110300,1140201.00000000,0.00110400,1588947.00000000,0.00110500,3227778.00000000,0.00110600,522707.00000000,0.00110700,3176537.00000000,0.00110800,2204782.00000000,0.00110900,312907.00000000,,,,,,,,,,,,,,,,,,,,,,,,,,,,,,,,,,,,,,,,,-0.0069,
0,7,532,0.00109900,0.0011049,0.5369,1774137196487,0.00109900,218809.00000000,0.00109800,438843.00000000,0.00109700,1569357.00000000,0.00109600,567186.00000000,0.00109500,853791.00000000,0.00109400,1288892.00000000,0.00109300,597889.00000000,0.00109200,1525048.00000000,0.00109100,5747379.00000000,0.00109000,3521511.00000000,0.00110000,664668.00000000,0.00110100,439308.00000000,0.00110200,2684028.00000000,0.00110300,1140201.00000000,0.00110400,1629269.00000000,0.00110500,3227778.00000000,0.00110600,522707.00000000,0.00110700,3176537.00000000,0.00110800,2204782.00000000,0.00110900,312907.00000000,,,,,,,,,,,,,,,,,,,,,,,,,,,,,,,,,,,,,,,,,-0.0069,
0,7,532,0.00109900,0.0011049,0.5369,1774137196788,0.00109900,218809.00000000,0.00109800,438843.00000000,0.00109700,1569357.00000000,0.00109600,567186.00000000,0.00109500,818601.00000000,0.00109400,1288892.00000000,0.00109300,864082.00000000,0.00109200,1258855.00000000,0.00109100,5747379.00000000,0.00109000,3521511.00000000,0.00110000,664668.00000000,0.00110100,439308.00000000,0.00110200,2770300.00000000,0.00110300,1361330.00000000,0.00110400,1671057.00000000,0.00110500,3227778.00000000,0.00110600,522707.00000000,0.00110700,3176537.00000000,0.00110800,2204782.00000000,0.00110900,312907.00000000,,,,,,,,,,,,,,,,,,,,,,,,,,,,,,,,,,,,,,,,,-0.0069,
0,7,532,0.00109900,0.001105,0.546,1774137197089,0.00109900,331309.00000000,0.00109800,438843.00000000,0.00109700,1569357.00000000,0.00109600,567186.00000000,0.00109500,818601.00000000,0.00109400,1288892.00000000,0.00109300,864082.00000000,0.00109200,1258855.00000000,0.00109100,5747379.00000000,0.00109000,3521511.00000000,0.00110000,552168.00000000,0.00110100,846765.00000000,0.00110200,2046137.00000000,0.00110300,876479.00000000,0.00110400,1629269.00000000,0.00110500,3227778.00000000,0.00110600,522707.00000000,0.00110700,3176537.00000000,0.00110800,2204782.00000000,0.00110900,312907.00000000,,,,,,,,,,,,,,,,,,,,,,,,,,,,,,,,,,,,,,,,,-0.0069,
0,7,532,0.00109900,0.0011062,0.6551,1774137197390,0.00109900,331309.00000000,0.00109800,438843.00000000,0.00109700,1569357.00000000,0.00109600,567186.00000000,0.00109500,864075.00000000,0.00109400,1288892.00000000,0.00109300,864082.00000000,0.00109200,1258855.00000000,0.00109100,1282413.00000000,0.00109000,3521511.00000000,0.00110000,552168.00000000,0.00110100,439308.00000000,0.00110200,1647468.00000000,0.00110300,1539150.00000000,0.00110400,1588947.00000000,0.00110500,3227778.00000000,0.00110600,522707.00000000,0.00110700,3176537.00000000,0.00110800,2204782.00000000,0.00110900,312907.00000000,,,,,,,,,,,,,,,,,,,,,,,,,,,,,,,,,,,,,,,,,-0.0069,
0,7,532,0.00110100,0.0011052,0.3815,1774137197691,0.00109900,331309.00000000,0.00109800,438843.00000000,0.00109700,1918521.00000000,0.00109600,567186.00000000,0.00109500,864075.00000000,0.00109400,1288892.00000000,0.00109300,864082.00000000,0.00109200,1258855.00000000,0.00109100,1282413.00000000,0.00109000,3521511.00000000,0.00110000,552168.00000000,0.00110100,439308.00000000,0.00110200,2306767.00000000,0.00110300,1140481.00000000,0.00110400,1588947.00000000,0.00110500,3227778.00000000,0.00110600,522707.00000000,0.00110700,3176537.00000000,0.00110800,2204782.00000000,0.00110900,312907.00000000,,,,,,,,,,,,,,,,,,,,,,,,,,,,,,,,,,,,,,,,,-0.0069,
0,7,532,0.00110000,0.0011052,0.4727,1774137197992,0.00109900,331309.00000000,0.00109800,438843.00000000,0.00109700,1918521.00000000,0.00109600,567186.00000000,0.00109500,864075.00000000,0.00109400,1288892.00000000,0.00109300,864082.00000000,0.00109200,1258855.00000000,0.00109100,1282413.00000000,0.00109000,3521511.00000000,0.00110000,552168.00000000,0.00110100,439308.00000000,0.00110200,2306767.00000000,0.00110300,832329.00000000,0.00110400,1588947.00000000,0.00110500,3227778.00000000,0.00110600,522707.00000000,0.00110700,3176537.00000000,0.00110800,2204782.00000000,0.00110900,312907.00000000,,,,,,,,,,,,,,,,,,,,,,,,,,,,,,,,,,,,,,,,,-0.0069,
0,7,532,0.00110000,0.0011052,0.4727,1774137198292,0.00109900,331309.00000000,0.00109800,438843.00000000,0.00109700,1918521.00000000,0.00109600,567186.00000000,0.00109500,864075.00000000,0.00109400,1288892.00000000,0.00109300,864082.00000000,0.00109200,1258855.00000000,0.00109100,1282413.00000000,0.00109000,3521511.00000000,0.00110000,817215.00000000,0.00110100,439308.00000000,0.00110200,2306767.00000000,0.00110300,997374.00000000,0.00110400,1588947.00000000,0.00110500,3227778.00000000,0.00110600,522707.00000000,0.00110700,3176537.00000000,0.00110800,2204782.00000000,0.00110900,312907.00000000,,,,,,,,,,,,,,,,,,,,,,,,,,,,,,,,,,,,,,,,,-0.0069,
0,7,532,0.00110000,0.0011052,0.4727,1774137198593,0.00109900,331309.00000000,0.00109800,438843.00000000,0.00109700,1918521.00000000,0.00109600,567186.00000000,0.00109500,864075.00000000,0.00109400,1288892.00000000,0.00109300,864082.00000000,0.00109200,1258855.00000000,0.00109100,1282413.00000000,0.00109000,3521511.00000000,0.00110000,817215.00000000,0.00110100,439308.00000000,0.00110200,2656951.00000000,0.00110300,997374.00000000,0.00110400,1588947.00000000,0.00110500,3227778.00000000,0.00110600,522707.00000000,0.00110700,3176537.00000000,0.00110800,2204782.00000000,0.00110900,312907.00000000,,,,,,,,,,,,,,,,,,,,,,,,,,,,,,,,,,,,,,,,,-0.0069,
0,7,532,0.00110000,0.0011052,0.4727,1774137198894,0.00109800,438843.00000000,0.00109700,1170688.00000000,0.00109600,567186.00000000,0.00109500,818601.00000000,0.00109400,1288892.00000000,0.00109300,1047622.00000000,0.00109200,1258855.00000000,0.00109100,1282413.00000000,0.00109000,3521511.00000000,0.00108900,4923334.00000000,0.00109900,112500.00000000,0.00110000,1159425.00000000,0.00110100,846765.00000000,0.00110200,1939494.00000000,0.00110300,1218503.00000000,0.00110400,1629269.00000000,0.00110500,3227778.00000000,0.00110600,522707.00000000,0.00110700,3176537.00000000,0.00110800,2204782.00000000,,,,,,,,,,,,,,,,,,,,,,,,,,,,,,,,,,,,,,,,,-0.0069,
0,7,532,0.00110000,0.001105,0.4545,1774137199195,0.00109800,438843.00000000,0.00109700,1170688.00000000,0.00109600,965855.00000000,0.00109500,818601.00000000,0.00109400,895490.00000000,0.00109300,781429.00000000,0.00109200,1850340.00000000,0.00109100,1348609.00000000,0.00109000,3521511.00000000,0.00108900,4857138.00000000,0.00109900,2077.00000000,0.00110000,1316075.00000000,0.00110100,890915.00000000,0.00110200,1994881.00000000,0.00110300,864461.00000000,0.00110400,1695465.00000000,0.00110500,3161582.00000000,0.00110600,534221.00000000,0.00110700,3165023.00000000,0.00110800,2204782.00000000,,,,,,,,,,,,,,,,,,,,,,,,,,,,,,,,,,,,,,,,,-0.0069,
0,7,532,0.00110000,0.0011052,0.4727,1774137199495,0.00109800,438843.00000000,0.00109700,1170688.00000000,0.00109600,765855.00000000,0.00109500,618601.00000000,0.00109400,757193.00000000,0.00109300,581429.00000000,0.00109200,1650340.00000000,0.00109100,1348609.00000000,0.00109000,3521511.00000000,0.00108900,4857138.00000000,0.00109900,2077.00000000,0.00110000,973865.00000000,0.00110100,1290683.00000000,0.00110200,1690101.00000000,0.00110300,864461.00000000,0.00110400,1655143.00000000,0.00110500,3161582.00000000,0.00110600,534221.00000000,0.00110700,3165023.00000000,0.00110800,2204782.00000000,,,,,,,,,,,,,,,,,,,,,,,,,,,,,,,,,,,,,,,,,-0.0069,
0,7,532,0.00110000,0.0011052,0.4727,1774137199796,0.00109900,246622.00000000,0.00109800,438843.00000000,0.00109700,1170688.00000000,0.00109600,765855.00000000,0.00109500,618601.00000000,0.00109400,895490.00000000,0.00109300,397889.00000000,0.00109200,1650340.00000000,0.00109100,1282413.00000000,0.00109000,3521511.00000000,0.00110000,909264.00000000,0.00110100,936164.00000000,0.00110200,1882557.00000000,0.00110300,1041524.00000000,0.00110400,1629269.00000000,0.00110500,3161582.00000000,0.00110600,522707.00000000,0.00110700,3165023.00000000,0.00110800,2204782.00000000,0.00110900,312907.00000000,,,,,,,,,,,,,,,,,,,,,,,,,,,,,,,,,,,,,,,,,-0.0069,
0,7,532,0.00110000,0.0011062,0.5636,1774137200097,0.00109900,359122.00000000,0.00109800,438843.00000000,0.00109700,1170688.00000000,0.00109600,765855.00000000,0.00109500,618601.00000000,0.00109400,895490.00000000,0.00109300,397889.00000000,0.00109200,1716536.00000000,0.00109100,1282413.00000000,0.00109000,3521511.00000000,0.00110000,909264.00000000,0.00110100,936164.00000000,0.00110200,1838407.00000000,0.00110300,997374.00000000,0.00110400,1629269.00000000,0.00110500,3227778.00000000,0.00110600,522707.00000000,0.00110700,3176537.00000000,0.00110800,2204782.00000000,0.00110900,312907.00000000,,,,,,,,,,,,,,,,,,,,,,,,,,,,,,,,,,,,,,,,,-0.0069,
0,7,532,0.00110000,0.0011054,0.4909,1774137200397,0.00109900,2079.00000000,0.00109800,438843.00000000,0.00109700,1500827.00000000,0.00109600,765855.00000000,0.00109500,625293.00000000,0.00109400,895490.00000000,0.00109300,560994.00000000,0.00109200,4921517.00000000,0.00109100,1282413.00000000,0.00109000,3521511.00000000,0.00110000,1118911.00000000,0.00110100,528707.00000000,0.00110200,2213282.00000000,0.00110300,1041524.00000000,0.00110400,1588947.00000000,0.00110500,3227778.00000000,0.00110600,522707.00000000,0.00110700,3176537.00000000,0.00110800,2204782.00000000,0.00110900,312907.00000000,,,,,,,,,,,,,,,,,,,,,,,,,,,,,,,,,,,,,,,,,-0.0069,
0,7,532,0.00110000,0.0011055,0.5,1774137200697,0.00109900,2079.00000000,0.00109800,438843.00000000,0.00109700,1500827.00000000,0.00109600,765855.00000000,0.00109500,825293.00000000,0.00109400,895490.00000000,0.00109300,560994.00000000,0.00109200,4921517.00000000,0.00109100,1282413.00000000,0.00109000,3521511.00000000,0.00110000,909264.00000000,0.00110100,528707.00000000,0.00110200,2575633.00000000,0.00110300,1262653.00000000,0.00110400,1801550.00000000,0.00110500,3227778.00000000,0.00110600,522707.00000000,0.00110700,3176537.00000000,0.00110800,2204782.00000000,0.00110900,312907.00000000,,,,,,,,,,,,,,,,,,,,,,,,,,,,,,,,,,,,,,,,,-0.0069,
0,7,532,0.00109900,0.0011056,0.6005,1774137200999,0.00109800,438843.00000000,0.00109700,1170688.00000000,0.00109600,765855.00000000,0.00109500,825293.00000000,0.00109400,895490.00000000,0.00109300,560994.00000000,0.00109200,4655324.00000000,0.00109100,1548606.00000000,0.00109000,3521511.00000000,0.00108900,1709524.00000000,0.00110000,1264914.00000000,0.00110100,1334833.00000000,0.00110200,1824973.00000000,0.00110300,1306803.00000000,0.00110400,1843338.00000000,0.00110500,3227778.00000000,0.00110600,522707.00000000,0.00110700,3176537.00000000,0.00110800,2204782.00000000,0.00110900,312907.00000000,,,,,,,,,,,,,,,,,,,,,,,,,,,,,,,,,,,,,,,,,-0.0069,
0,7,532,0.00109900,0.0011048,0.5278,1774137201299,0.00109800,438843.00000000,0.00109700,1170688.00000000,0.00109600,765855.00000000,0.00109500,825293.00000000,0.00109400,895490.00000000,0.00109300,560994.00000000,0.00109200,4589128.00000000,0.00109100,1548606.00000000,0.00109000,3521511.00000000,0.00108900,1643328.00000000,0.00109900,112500.00000000,0.00110000,1266993.00000000,0.00110100,1334833.00000000,0.00110200,1826252.00000000,0.00110300,864461.00000000,0.00110400,1696949.00000000,0.00110500,3161582.00000000,0.00110600,534221.00000000,0.00110700,3165023.00000000,0.00110800,2204782.00000000,,,,,,,,,,,,,,,,,,,,,,,,,,,,,,,,,,,,,,,,,-0.0069,
0,7,532,0.00110000,0.0011049,0.4455,1774137201600,0.00109800,438843.00000000,0.00109700,1170688.00000000,0.00109600,367186.00000000,0.00109500,1217270.00000000,0.00109400,895490.00000000,0.00109300,560994.00000000,0.00109200,4589128.00000000,0.00109100,1614802.00000000,0.00109000,3521511.00000000,0.00108900,1643328.00000000,0.00109900,112500.00000000,0.00110000,739194.00000000,0.00110100,1334833.00000000,0.00110200,2164003.00000000,0.00110300,864461.00000000,0.00110400,1696949.00000000,0.00110500,3161582.00000000,0.00110600,534221.00000000,0.00110700,3165023.00000000,0.00110800,2204782.00000000,,,,,,,,,,,,,,,,,,,,,,,,,,,,,,,,,,,,,,,,,-0.0069,
0,7,532,0.00110000,0.0011048,0.4364,1774137201900,0.00109800,92039.00000000,0.00109700,1170688.00000000,0.00109600,367186.00000000,0.00109500,1217270.00000000,0.00109400,895490.00000000,0.00109300,323240.00000000,0.00109200,4787345.00000000,0.00109100,1614802.00000000,0.00109000,3521511.00000000,0.00108900,1643328.00000000,0.00109900,307963.00000000,0.00110000,739194.00000000,0.00110100,1741087.00000000,0.00110200,2208153.00000000,0.00110300,908052.00000000,0.00110400,1696949.00000000,0.00110500,3319641.00000000,0.00110600,534221.00000000,0.00110700,3165023.00000000,0.00110800,2204782.00000000,,,,,,,,,,,,,,,,,,,,,,,,,,,,,,,,,,,,,,,,,-0.0069,
0,7,532,0.00110100,0.001105,0.3633,1774137202201,0.00109900,298636.00000000,0.00109800,556944.00000000,0.00109700,1525576.00000000,0.00109600,829888.00000000,0.00109500,818601.00000000,0.00109400,1294258.00000000,0.00109300,592534.00000000,0.00109200,4197640.00000000,0.00109100,1548606.00000000,0.00109000,3521511.00000000,0.00110100,511169.00000000,0.00110200,1706665.00000000,0.00110300,1152338.00000000,0.00110400,1720052.00000000,0.00110500,3538694.00000000,0.00110600,522707.00000000,0.00110700,609656.00000000,0.00110800,2204782.00000000,0.00110900,312907.00000000,0.00111000,565835.00000000,,,,,,,,,,,,,,,,,,,,,,,,,,,,,,,,,,,,,,,,,-0.0069,
0,7,532,0.00110000,0.001105,0.4545,1774137202502,0.00109900,298636.00000000,0.00109800,556944.00000000,0.00109700,1525576.00000000,0.00109600,1029888.00000000,0.00109500,818601.00000000,0.00109400,1294258.00000000,0.00109300,592534.00000000,0.00109200,4197640.00000000,0.00109100,1548606.00000000,0.00109000,3521511.00000000,0.00110100,645928.00000000,0.00110200,1706665.00000000,0.00110300,1153335.00000000,0.00110400,1716224.00000000,0.00110500,3604890.00000000,0.00110600,522707.00000000,0.00110700,621170.00000000,0.00110800,2204782.00000000,0.00110900,312907.00000000,0.00111000,565835.00000000,,,,,,,,,,,,,,,,,,,,,,,,,,,,,,,,,,,,,,,,,-0.0069,
0,7,532,0.00110000,0.0011049,0.4455,1774137202803,0.00109900,300713.00000000,0.00109800,554863.00000000,0.00109700,1525576.00000000,0.00109600,1029888.00000000,0.00109500,818601.00000000,0.00109400,1294258.00000000,0.00109300,526338.00000000,0.00109200,4197640.00000000,0.00109100,1548606.00000000,0.00109000,3521511.00000000,0.00110000,916526.00000000,0.00110100,572456.00000000,0.00110200,2204069.00000000,0.00110300,832329.00000000,0.00110400,1761127.00000000,0.00110500,3429428.00000000,0.00110600,522707.00000000,0.00110700,621170.00000000,0.00110800,2204782.00000000,0.00110900,312907.00000000,,,,,,,,,,,,,,,,,,,,,,,,,,,,,,,,,,,,,,,,,-0.0069,
0,7,532,0.00110000,0.0011048,0.4364,1774137203103,0.00109900,188213.00000000,0.00109800,554863.00000000,0.00109700,1525576.00000000,0.00109600,1029888.00000000,0.00109500,818601.00000000,0.00109400,1294258.00000000,0.00109300,687044.00000000,0.00109200,4263836.00000000,0.00109100,1548606.00000000,0.00109000,3521511.00000000,0.00110000,916526.00000000,0.00110100,979913.00000000,0.00110200,2205107.00000000,0.00110300,1039748.00000000,0.00110400,1802109.00000000,0.00110500,3429428.00000000,0.00110600,522707.00000000,0.00110700,621170.00000000,0.00110800,2204782.00000000,0.00110900,312907.00000000,,,,,,,,,,,,,,,,,,,,,,,,,,,,,,,,,,,,,,,,,-0.0069,
0,7,532,0.00110000,0.0011048,0.4364,1774137203404,0.00109900,188213.00000000,0.00109800,391076.00000000,0.00109700,1350846.00000000,0.00109600,965855.00000000,0.00109500,818601.00000000,0.00109400,1358055.00000000,0.00109300,687044.00000000,0.00109200,4263836.00000000,0.00109100,1548606.00000000,0.00109000,3521511.00000000,0.00110000,916526.00000000,0.00110100,979913.00000000,0.00110200,1949117.00000000,0.00110300,876479.00000000,0.00110400,1843897.00000000,0.00110500,3429428.00000000,0.00110600,522707.00000000,0.00110700,621170.00000000,0.00110800,2204782.00000000,0.00110900,312907.00000000,,,,,,,,,,,,,,,,,,,,,,,,,,,,,,,,,,,,,,,,,-0.0069,
0,7,532,0.00110000,0.0011048,0.4364,1774137203705,0.00109800,384396.00000000,0.00109700,1402737.00000000,0.00109600,367186.00000000,0.00109500,1217270.00000000,0.00109400,1358055.00000000,0.00109300,687044.00000000,0.00109200,4530029.00000000,0.00109100,1282413.00000000,0.00109000,3543194.00000000,0.00108900,1950806.00000000,0.00110000,1239111.00000000,0.00110100,1089526.00000000,0.00110200,2104122.00000000,0.00110300,1440879.00000000,0.00110400,1951881.00000000,0.00110500,3363232.00000000,0.00110600,534221.00000000,0.00110700,609656.00000000,0.00110800,2204782.00000000,0.00110900,312907.00000000,,,,,,,,,,,,,,,,,,,,,,,,,,,,,,,,,,,,,,,,,-0.0069,
0,7,532,0.00110000,0.0011048,0.4364,1774137204005,0.00109800,271896.00000000,0.00109700,1402737.00000000,0.00109600,376908.00000000,0.00109500,1217270.00000000,0.00109400,1011203.00000000,0.00109300,687044.00000000,0.00109200,4810685.00000000,0.00109100,1348609.00000000,0.00109000,3543194.00000000,0.00108900,1950806.00000000,0.00109900,287716.00000000,0.00110000,1237034.00000000,0.00110100,1399078.00000000,0.00110200,2173207.00000000,0.00110300,1004233.00000000,0.00110400,1779252.00000000,0.00110500,3319641.00000000,0.00110600,534221.00000000,0.00110700,609656.00000000,0.00110800,2204782.00000000,,,,,,,,,,,,,,,,,,,,,,,,,,,,,,,,,,,,,,,,,-0.0069,
0,7,532,0.00109900,0.0011048,0.5278,1774137204306,0.00109800,271896.00000000,0.00109700,1402737.00000000,0.00109600,376908.00000000,0.00109500,1217270.00000000,0.00109400,1011203.00000000,0.00109300,687044.00000000,0.00109200,4810685.00000000,0.00109100,1348609.00000000,0.00109000,3543194.00000000,0.00108900,1950806.00000000,0.00109900,287716.00000000,0.00110000,1237034.00000000,0.00110100,1399078.00000000,0.00110200,2173207.00000000,0.00110300,1046214.00000000,0.00110400,1737271.00000000,0.00110500,3319641.00000000,0.00110600,534221.00000000,0.00110700,609656.00000000,0.00110800,2204782.00000000,,,,,,,,,,,,,,,,,,,,,,,,,,,,,,,,,,,,,,,,,-0.0069,
0,7,532,0.00109900,0.0011048,0.5278,1774137204607,0.00109800,271896.00000000,0.00109700,1402737.00000000,0.00109600,376908.00000000,0.00109500,1217270.00000000,0.00109400,1011203.00000000,0.00109300,687044.00000000,0.00109200,4810685.00000000,0.00109100,1348609.00000000,0.00109000,3543194.00000000,0.00108900,1950806.00000000,0.00109900,287716.00000000,0.00110000,1644491.00000000,0.00110100,1399078.00000000,0.00110200,1973178.00000000,0.00110300,1046214.00000000,0.00110400,1737271.00000000,0.00110500,3319641.00000000,0.00110600,534221.00000000,0.00110700,609656.00000000,0.00110800,2204782.00000000,,,,,,,,,,,,,,,,,,,,,,,,,,,,,,,,,,,,,,,,,-0.0069,
0,7,532,0.00109900,0.0011048,0.5278,1774137204908,0.00109800,271896.00000000,0.00109700,1402737.00000000,0.00109600,376908.00000000,0.00109500,1217270.00000000,0.00109400,1011203.00000000,0.00109300,687044.00000000,0.00109200,4810685.00000000,0.00109100,1348609.00000000,0.00109000,3543194.00000000,0.00108900,1950806.00000000,0.00109900,287716.00000000,0.00110000,1644491.00000000,0.00110100,1441200.00000000,0.00110200,1973178.00000000,0.00110300,1046214.00000000,0.00110400,1695465.00000000,0.00110500,3319641.00000000,0.00110600,534221.00000000,0.00110700,609656.00000000,0.00110800,2204782.00000000,,,,,,,,,,,,,,,,,,,,,,,,,,,,,,,,,,,,,,,,,-0.0069,
0,7,532,0.00109900,0.0011048,0.5278,1774137205208,0.00109800,316370.00000000,0.00109700,1402737.00000000,0.00109600,376908.00000000,0.00109500,1217270.00000000,0.00109400,1011203.00000000,0.00109300,687044.00000000,0.00109200,4810685.00000000,0.00109100,1348609.00000000,0.00109000,3543194.00000000,0.00108900,1950806.00000000,0.00109900,176358.00000000,0.00110000,1644491.00000000,0.00110100,1442242.00000000,0.00110200,1973178.00000000,0.00110300,1045589.00000000,0.00110400,1655143.00000000,0.00110500,3319641.00000000,0.00110600,534221.00000000,0.00110700,609656.00000000,0.00110800,2204782.00000000,,,,,,,,,,,,,,,,,,,,,,,,,,,,,,,,,,,,,,,,,-0.0069,
0,7,532,0.00109900,0.0011048,0.5278,1774137205509,0.00109800,316370.00000000,0.00109700,1402737.00000000,0.00109600,376908.00000000,0.00109500,1217270.00000000,0.00109400,1011203.00000000,0.00109300,687044.00000000,0.00109200,4810685.00000000,0.00109100,1348609.00000000,0.00109000,3543194.00000000,0.00108900,1950806.00000000,0.00109900,176358.00000000,0.00110000,1644491.00000000,0.00110100,1442242.00000000,0.00110200,1973178.00000000,0.00110300,1085911.00000000,0.00110400,1655143.00000000,0.00110500,3319641.00000000,0.00110600,534221.00000000,0.00110700,609656.00000000,0.00110800,2204782.00000000,,,,,,,,,,,,,,,,,,,,,,,,,,,,,,,,,,,,,,,,,-0.0069,
0,7,532,0.00109900,0.0011049,0.5369,1774137205809,0.00109800,428870.00000000,0.00109700,1402737.00000000,0.00109600,376908.00000000,0.00109500,1217270.00000000,0.00109400,1011203.00000000,0.00109300,687044.00000000,0.00109200,4810685.00000000,0.00109100,1348609.00000000,0.00109000,3543194.00000000,0.00108900,1950806.00000000,0.00109900,114577.00000000,0.00110000,1644491.00000000,0.00110100,1400120.00000000,0.00110200,1973178.00000000,0.00110300,1085911.00000000,0.00110400,1655143.00000000,0.00110500,3319641.00000000,0.00110600,534221.00000000,0.00110700,609656.00000000,0.00110800,2204782.00000000,,,,,,,,,,,,,,,,,,,,,,,,,,,,,,,,,,,,,,,,,-0.0069,
0,7,532,0.00109900,0.0011049,0.5369,1774137206110,0.00109800,428870.00000000,0.00109700,1402737.00000000,0.00109600,376908.00000000,0.00109500,1217270.00000000,0.00109400,1056719.00000000,0.00109300,687044.00000000,0.00109200,4810685.00000000,0.00109100,1348609.00000000,0.00109000,3543194.00000000,0.00108900,1950806.00000000,0.00109900,114577.00000000,0.00110000,1644491.00000000,0.00110100,1400120.00000000,0.00110200,1928194.00000000,0.00110300,1003608.00000000,0.00110400,1613355.00000000,0.00110500,3319641.00000000,0.00110600,534221.00000000,0.00110700,609656.00000000,0.00110800,2204782.00000000,,,,,,,,,,,,,,,,,,,,,,,,,,,,,,,,,,,,,,,,,-0.0069,
0,7,532,0.00109900,0.0011049,0.5369,1774137206411,0.00109800,428870.00000000,0.00109700,1402737.00000000,0.00109600,376908.00000000,0.00109500,1217270.00000000,0.00109400,1056719.00000000,0.00109300,687044.00000000,0.00109200,4810685.00000000,0.00109100,1348609.00000000,0.00109000,3543194.00000000,0.00108900,1950806.00000000,0.00109900,114577.00000000,0.00110000,1644491.00000000,0.00110100,1400120.00000000,0.00110200,1928194.00000000,0.00110300,1003608.00000000,0.00110400,1613355.00000000,0.00110500,3319641.00000000,0.00110600,534221.00000000,0.00110700,609656.00000000,0.00110800,2204782.00000000,,,,,,,,,,,,,,,,,,,,,,,,,,,,,,,,,,,,,,,,,-0.0069,
0,7,532,0.00110000,0.0011049,0.4455,1774137206711,0.00109800,204539.00000000,0.00109700,1402737.00000000,0.00109600,376908.00000000,0.00109500,1217270.00000000,0.00109400,1056719.00000000,0.00109300,687044.00000000,0.00109200,4810685.00000000,0.00109100,1348609.00000000,0.00109000,3543194.00000000,0.00108900,1950806.00000000,0.00109900,303924.00000000,0.00110000,1510320.00000000,0.00110100,1383629.00000000,0.00110200,2232386.00000000,0.00110300,1003608.00000000,0.00110400,1613355.00000000,0.00110500,3319641.00000000,0.00110600,534221.00000000,0.00110700,609656.00000000,0.00110800,2204782.00000000,,,,,,,,,,,,,,,,,,,,,,,,,,,,,,,,,,,,,,,,,-0.0069,
