spot_source_id,fut_source_id,symbol_id,ask_spot,bid_futures,spread_pct,ts,s_b1,s_b2,s_b3,s_b4,s_b5,s_b6,s_b7,s_b8,s_b9,s_b10,s_bq1,s_bq2,s_bq3,s_bq4,s_bq5,s_bq6,s_bq7,s_bq8,s_bq9,s_bq10,s_a1,s_a2,s_a3,s_a4,s_a5,s_a6,s_a7,s_a8,s_a9,s_a10,s_aq1,s_aq2,s_aq3,s_aq4,s_aq5,s_aq6,s_aq7,s_aq8,s_aq9,s_aq10,f_b1,f_b2,f_b3,f_b4,f_b5,f_b6,f_b7,f_b8,f_b9,f_b10,f_bq1,f_bq2,f_bq3,f_bq4,f_bq5,f_bq6,f_bq7,f_bq8,f_bq9,f_bq10,f_a1,f_a2,f_a3,f_a4,f_a5,f_a6,f_a7,f_a8,f_a9,f_a10,f_aq1,f_aq2,f_aq3,f_aq4,f_aq5,f_aq6,f_aq7,f_aq8,f_aq9,f_aq10,fr_r,fr_ft
0,7,161,0.40500000,0.4028,-0.5432,1774137103000,0.40400000,3480.31000000,0.40300000,10833.75000000,0.40200000,16991.62000000,0.40100000,7223.06000000,0.40000000,18706.34000000,0.39900000,4361.40000000,0.39800000,6519.83000000,0.39700000,4287.02000000,0.39600000,13698.44000000,0.39500000,16311.48000000,0.40500000,3334.24000000,0.40600000,6211.41000000,0.40700000,11970.03000000,0.40800000,6661.06000000,0.40900000,5249.37000000,0.41000000,4786.73000000,0.41100000,9600.40000000,0.41200000,4079.86000000,0.41300000,3024.04000000,0.41400000,3226.23000000,,,,,,,,,,,,,,,,,,,,,,,,,,,,,,,,,,,,,,,,,,
0,7,161,0.40500000,0.4028,-0.5432,1774137104000,0.40400000,1027.22000000,0.40300000,10805.47000000,0.40200000,16991.62000000,0.40100000,7223.06000000,0.40000000,18768.20000000,0.39900000,4361.40000000,0.39800000,6519.83000000,0.39700000,4287.02000000,0.39600000,13698.44000000,0.39500000,17202.85000000,0.40500000,5892.96000000,0.40600000,6329.89000000,0.40700000,9840.21000000,0.40800000,6661.06000000,0.40900000,5249.37000000,0.41000000,4786.73000000,0.41100000,7745.86000000,0.41200000,4079.86000000,0.41300000,3024.04000000,0.41400000,3226.23000000,,,,,,,,,,,,,,,,,,,,,,,,,,,,,,,,,,,,,,,,,,
0,7,161,0.40500000,0.4028,-0.5432,1774137105000,0.40400000,780.02000000,0.40300000,10558.28000000,0.40200000,17143.59000000,0.40100000,7223.06000000,0.40000000,18768.20000000,0.39900000,4361.40000000,0.39800000,6519.83000000,0.39700000,4287.02000000,0.39600000,13698.44000000,0.39500000,17202.85000000,0.40500000,6679.07000000,0.40600000,8213.95000000,0.40700000,9340.21000000,0.40800000,6661.06000000,0.40900000,5249.37000000,0.41000000,4786.73000000,0.41100000,7745.86000000,0.41200000,4079.86000000,0.41300000,3024.04000000,0.41400000,3226.23000000,,,,,,,,,,,,,,,,,,,,,,,,,,,,,,,,,,,,,,,,,,
0,7,161,0.40500000,0.4026,-0.5926,1774137107000,0.40300000,12477.87000000,0.40200000,16401.38000000,0.40100000,7751.05000000,0.40000000,18963.59000000,0.39900000,4322.12000000,0.39800000,6205.54000000,0.39700000,4404.39000000,0.39600000,13698.44000000,0.39500000,17067.13000000,0.39400000,8160.03000000,0.40500000,5597.59000000,0.40600000,10891.25000000,0.40700000,8647.81000000,0.40800000,5434.79000000,0.40900000,5249.37000000,0.41000000,5396.33000000,0.41100000,8689.32000000,0.41200000,4135.62000000,0.41300000,3024.04000000,0.41400000,3302.27000000,,,,,,,,,,,,,,,,,,,,,,,,,,,,,,,,,,,,,,,,,-0.00135,
0,7,161,0.40500000,0.4031,-0.4691,1774137108000,0.40300000,9673.83000000,0.40200000,17561.80000000,0.40100000,10282.26000000,0.40000000,18696.23000000,0.39900000,4434.95000000,0.39800000,6091.97000000,0.39700000,4672.49000000,0.39600000,13698.44000000,0.39500000,17067.13000000,0.39400000,8160.03000000,0.40400000,382.50000000,0.40500000,5373.99000000,0.40600000,11529.68000000,0.40700000,8256.90000000,0.40800000,4755.38000000,0.40900000,5249.37000000,0.41000000,5051.54000000,0.41100000,8689.32000000,0.41200000,4135.62000000,0.41300000,3024.04000000,,,,,,,,,,,,,,,,,,,,,,,,,,,,,,,,,,,,,,,,,-0.00135,
0,7,161,0.40500000,0.4026,-0.5926,1774137109000,0.40300000,8974.95000000,0.40200000,16281.98000000,0.40100000,11190.35000000,0.40000000,18963.59000000,0.39900000,4322.12000000,0.39800000,6205.54000000,0.39700000,4404.39000000,0.39600000,13698.44000000,0.39500000,17067.13000000,0.39400000,8160.03000000,0.40500000,5597.59000000,0.40600000,10891.25000000,0.40700000,8647.81000000,0.40800000,5424.45000000,0.40900000,5349.37000000,0.41000000,5051.54000000,0.41100000,9559.01000000,0.41200000,4135.62000000,0.41300000,3024.04000000,0.41400000,3302.27000000,,,,,,,,,,,,,,,,,,,,,,,,,,,,,,,,,,,,,,,,,-0.00135,
0,7,161,0.40500000,0.4026,-0.5926,1774137110000,0.40300000,10608.38000000,0.40200000,16281.98000000,0.40100000,9219.79000000,0.40000000,18963.59000000,0.39900000,4322.12000000,0.39800000,6205.54000000,0.39700000,4404.39000000,0.39600000,13698.44000000,0.39500000,17067.13000000,0.39400000,8160.03000000,0.40500000,6554.14000000,0.40600000,10891.25000000,0.40700000,8647.81000000,0.40800000,5424.45000000,0.40900000,5349.37000000,0.41000000,5051.54000000,0.41100000,8639.44000000,0.41200000,4135.62000000,0.41300000,3024.04000000,0.41400000,3302.27000000,,,,,,,,,,,,,,,,,,,,,,,,,,,,,,,,,,,,,,,,,-0.00135,
0,7,161,0.40400000,0.4026,-0.3465,1774137111000,0.40300000,11020.43000000,0.40200000,16281.98000000,0.40100000,9219.79000000,0.40000000,18963.59000000,0.39900000,4322.12000000,0.39800000,6205.54000000,0.39700000,4404.39000000,0.39600000,13698.44000000,0.39500000,17067.13000000,0.39400000,8160.03000000,0.40500000,7460.39000000,0.40600000,10891.25000000,0.40700000,8647.81000000,0.40800000,5424.45000000,0.40900000,5349.37000000,0.41000000,5051.54000000,0.41100000,7703.08000000,0.41200000,4135.62000000,0.41300000,3024.04000000,0.41400000,3302.27000000,,,,,,,,,,,,,,,,,,,,,,,,,,,,,,,,,,,,,,,,,-0.00135,
0,7,161,0.40500000,0.4025,-0.6173,1774137112000,0.40300000,10562.38000000,0.40200000,16281.98000000,0.40100000,9219.79000000,0.40000000,18963.59000000,0.39900000,4322.12000000,0.39800000,6205.54000000,0.39700000,4404.39000000,0.39600000,13698.44000000,0.39500000,17067.13000000,0.39400000,8160.03000000,0.40500000,7460.39000000,0.40600000,10891.25000000,0.40700000,8647.81000000,0.40800000,5424.45000000,0.40900000,5349.37000000,0.41000000,5051.54000000,0.41100000,3188.70000000,0.41200000,4135.62000000,0.41300000,3024.04000000,0.41400000,3302.27000000,,,,,,,,,,,,,,,,,,,,,,,,,,,,,,,,,,,,,,,,,-0.00135,
0,7,161,0.40500000,0.4025,-0.6173,1774137113000,0.40300000,10645.36000000,0.40200000,16281.98000000,0.40100000,9219.79000000,0.40000000,19045.23000000,0.39900000,4322.12000000,0.39800000,6123.97000000,0.39700000,4404.39000000,0.39600000,13698.44000000,0.39500000,17067.13000000,0.39400000,8160.03000000,0.40500000,7460.39000000,0.40600000,10891.25000000,0.40700000,8647.81000000,0.40800000,5424.45000000,0.40900000,5349.37000000,0.41000000,5051.54000000,0.41100000,3188.70000000,0.41200000,4135.62000000,0.41300000,3024.04000000,0.41400000,3302.27000000,,,,,,,,,,,,,,,,,,,,,,,,,,,,,,,,,,,,,,,,,-0.00135,
0,7,161,0.40500000,0.4024,-0.642,1774137114000,0.40300000,11470.36000000,0.40200000,16281.98000000,0.40100000,7751.05000000,0.40000000,19107.23000000,0.39900000,4322.12000000,0.39800000,6123.97000000,0.39700000,4404.39000000,0.39600000,13698.44000000,0.39500000,17067.13000000,0.39400000,8160.03000000,0.40500000,7460.39000000,0.40600000,10891.25000000,0.40700000,8647.81000000,0.40800000,5424.45000000,0.40900000,5349.37000000,0.41000000,5051.54000000,0.41100000,3188.70000000,0.41200000,4135.62000000,0.41300000,3024.04000000,0.41400000,3302.27000000,,,,,,,,,,,,,,,,,,,,,,,,,,,,,,,,,,,,,,,,,,
0,7,161,0.40500000,0.4025,-0.6173,1774137115000,0.40300000,11431.08000000,0.40200000,16281.98000000,0.40100000,7751.05000000,0.40000000,19107.23000000,0.39900000,4322.12000000,0.39800000,6123.97000000,0.39700000,4404.39000000,0.39600000,13698.44000000,0.39500000,17067.13000000,0.39400000,8160.03000000,0.40500000,7460.39000000,0.40600000,10891.25000000,0.40700000,8647.81000000,0.40800000,5424.45000000,0.40900000,5349.37000000,0.41000000,5051.54000000,0.41100000,3188.70000000,0.41200000,4135.62000000,0.41300000,3024.04000000,0.41400000,3302.27000000,,,,,,,,,,,,,,,,,,,,,,,,,,,,,,,,,,,,,,,,,,
0,7,161,0.40500000,0.4025,-0.6173,1774137116000,0.40300000,11809.20000000,0.40200000,16281.98000000,0.40100000,7751.05000000,0.40000000,19107.23000000,0.39900000,4322.12000000,0.39800000,6123.97000000,0.39700000,4404.39000000,0.39600000,13698.44000000,0.39500000,17067.13000000,0.39400000,8160.03000000,0.40500000,7460.39000000,0.40600000,10891.25000000,0.40700000,8647.81000000,0.40800000,5424.45000000,0.40900000,5349.37000000,0.41000000,5051.54000000,0.41100000,3188.70000000,0.41200000,4135.62000000,0.41300000,3024.04000000,0.41400000,3302.27000000,,,,,,,,,,,,,,,,,,,,,,,,,,,,,,,,,,,,,,,,,,
0,7,161,0.40500000,0.4025,-0.6173,1774137118000,0.40300000,11557.69000000,0.40200000,16281.98000000,0.40100000,7751.05000000,0.40000000,19107.23000000,0.39900000,4322.12000000,0.39800000,6123.97000000,0.39700000,4404.39000000,0.39600000,13698.44000000,0.39500000,17067.13000000,0.39400000,8296.13000000,0.40500000,7460.39000000,0.40600000,10891.25000000,0.40700000,8647.81000000,0.40800000,5424.45000000,0.40900000,5349.37000000,0.41000000,5051.54000000,0.41100000,3188.70000000,0.41200000,4135.62000000,0.41300000,3024.04000000,0.41400000,3302.27000000,,,,,,,,,,,,,,,,,,,,,,,,,,,,,,,,,,,,,,,,,,
0,7,161,0.40500000,0.4025,-0.6173,1774137119000,0.40300000,11478.76000000,0.40200000,16281.98000000,0.40100000,7751.05000000,0.40000000,19107.23000000,0.39900000,4322.12000000,0.39800000,6123.97000000,0.39700000,4404.39000000,0.39600000,13698.44000000,0.39500000,17067.13000000,0.39400000,8296.13000000,0.40500000,7460.39000000,0.40600000,10891.25000000,0.40700000,8647.81000000,0.40800000,5424.45000000,0.40900000,5349.37000000,0.41000000,5051.54000000,0.41100000,3188.70000000,0.41200000,4135.62000000,0.41300000,3024.04000000,0.41400000,3302.27000000,,,,,,,,,,,,,,,,,,,,,,,,,,,,,,,,,,,,,,,,,,
0,7,161,0.40500000,0.4025,-0.6173,1774137120000,0.40300000,11395.84000000,0.40200000,16281.98000000,0.40100000,7751.05000000,0.40000000,19107.23000000,0.39900000,4322.12000000,0.39800000,6123.97000000,0.39700000,4404.39000000,0.39600000,13698.44000000,0.39500000,17067.13000000,0.39400000,8296.13000000,0.40500000,7460.39000000,0.40600000,10891.25000000,0.40700000,8647.81000000,0.40800000,5424.45000000,0.40900000,5349.37000000,0.41000000,5051.54000000,0.41100000,3188.70000000,0.41200000,4135.62000000,0.41300000,3024.04000000,0.41400000,3302.27000000,,,,,,,,,,,,,,,,,,,,,,,,,,,,,,,,,,,,,,,,,-0.001351,
0,7,161,0.40500000,0.4022,-0.6914,1774137121000,0.40300000,7943.56000000,0.40200000,16847.58000000,0.40100000,11201.59000000,0.40000000,18923.40000000,0.39900000,4505.95000000,0.39800000,6123.97000000,0.39700000,4404.39000000,0.39600000,13698.44000000,0.39500000,17067.13000000,0.39400000,8296.13000000,0.40400000,630.60000000,0.40500000,7236.79000000,0.40600000,11138.77000000,0.40700000,8647.81000000,0.40800000,4755.38000000,0.40900000,5552.37000000,0.41000000,4848.54000000,0.41100000,3188.70000000,0.41200000,4135.62000000,0.41300000,3024.04000000,,,,,,,,,,,,,,,,,,,,,,,,,,,,,,,,,,,,,,,,,,
0,7,161,0.40400000,0.4025,-0.3713,1774137122000,0.40300000,7076.19000000,0.40200000,16228.05000000,0.40100000,11201.59000000,0.40000000,19515.87000000,0.39900000,4251.12000000,0.39800000,6010.40000000,0.39700000,4672.49000000,0.39600000,13698.44000000,0.39500000,17067.13000000,0.39400000,8296.13000000,0.40400000,396.50000000,0.40500000,7080.87000000,0.40600000,11382.85000000,0.40700000,7656.90000000,0.40800000,4755.38000000,0.40900000,5452.37000000,0.41000000,4848.54000000,0.41100000,2985.70000000,0.41200000,4135.62000000,0.41300000,3024.04000000,,,,,,,,,,,,,,,,,,,,,,,,,,,,,,,,,,,,,,,,,-0.001351,
0,7,161,0.40400000,0.4028,-0.297,1774137124000,0.40300000,8912.20000000,0.40200000,16925.55000000,0.40100000,11201.59000000,0.40000000,19599.40000000,0.39900000,4505.95000000,0.39800000,6123.97000000,0.39700000,4404.39000000,0.39600000,13698.44000000,0.39500000,17067.13000000,0.39400000,8296.13000000,0.40400000,56.00000000,0.40500000,5255.48000000,0.40600000,11239.46000000,0.40700000,8047.81000000,0.40800000,4855.38000000,0.40900000,5452.37000000,0.41000000,5051.54000000,0.41100000,4834.29000000,0.41200000,4135.62000000,0.41300000,3024.04000000,,,,,,,,,,,,,,,,,,,,,,,,,,,,,,,,,,,,,,,,,-0.001351,
0,7,161,0.40500000,0.4024,-0.642,1774137125000,0.40300000,11871.92000000,0.40200000,15783.02000000,0.40100000,8313.44000000,0.40000000,18923.40000000,0.39900000,4322.12000000,0.39800000,6123.97000000,0.39700000,4404.39000000,0.39600000,13698.44000000,0.39500000,17067.13000000,0.39400000,8296.13000000,0.40500000,5479.08000000,0.40600000,10991.94000000,0.40700000,8047.81000000,0.40800000,4855.38000000,0.40900000,5452.37000000,0.41000000,4848.54000000,0.41100000,4834.29000000,0.41200000,4135.62000000,0.41300000,3024.04000000,0.41400000,3302.27000000,,,,,,,,,,,,,,,,,,,,,,,,,,,,,,,,,,,,,,,,,,
0,7,161,0.40400000,0.4029,-0.2723,1774137126000,0.40300000,11633.54000000,0.40200000,16281.97000000,0.40100000,8313.44000000,0.40000000,19023.70000000,0.39900000,4251.12000000,0.39800000,6010.40000000,0.39700000,4672.49000000,0.39600000,13698.44000000,0.39500000,17067.13000000,0.39400000,8042.77000000,0.40500000,5479.08000000,0.40600000,11382.85000000,0.40700000,7656.90000000,0.40800000,4855.38000000,0.40900000,5452.37000000,0.41000000,4848.54000000,0.41100000,3941.98000000,0.41200000,4135.62000000,0.41300000,3024.04000000,0.41400000,3302.27000000,,,,,,,,,,,,,,,,,,,,,,,,,,,,,,,,,,,,,,,,,-0.001351,
0,7,161,0.40400000,0.4028,-0.297,1774137127000,0.40300000,9111.19000000,0.40200000,16957.14000000,0.40100000,9268.58000000,0.40000000,19023.70000000,0.39900000,4251.12000000,0.39800000,6010.40000000,0.39700000,4672.49000000,0.39600000,13698.44000000,0.39500000,17067.13000000,0.39400000,8042.77000000,0.40500000,6785.75000000,0.40600000,11382.85000000,0.40700000,7656.90000000,0.40800000,5612.73000000,0.40900000,5452.37000000,0.41000000,4848.54000000,0.41100000,2985.70000000,0.41200000,4135.62000000,0.41300000,3024.04000000,0.41400000,3302.27000000,,,,,,,,,,,,,,,,,,,,,,,,,,,,,,,,,,,,,,,,,,
0,7,161,0.40400000,0.4026,-0.3465,1774137129000,0.40400000,382.50000000,0.40300000,13265.42000000,0.40200000,16957.14000000,0.40100000,7751.83000000,0.40000000,19107.23000000,0.39900000,4322.12000000,0.39800000,6123.97000000,0.39700000,4404.39000000,0.39600000,13698.44000000,0.39500000,17067.13000000,0.40500000,3815.73000000,0.40600000,10991.94000000,0.40700000,8047.81000000,0.40800000,5612.73000000,0.40900000,5452.37000000,0.41000000,4848.54000000,0.41100000,3886.23000000,0.41200000,4135.62000000,0.41300000,3024.04000000,0.41400000,3302.27000000,,,,,,,,,,,,,,,,,,,,,,,,,,,,,,,,,,,,,,,,,-0.001351,
0,7,161,0.40400000,0.4026,-0.3465,1774137130000,0.40300000,13957.74000000,0.40200000,16957.14000000,0.40100000,7253.58000000,0.40000000,19083.23000000,0.39900000,4322.12000000,0.39800000,6123.97000000,0.39700000,4404.39000000,0.39600000,13698.44000000,0.39500000,17067.13000000,0.39400000,8042.77000000,0.40500000,5479.08000000,0.40600000,10991.94000000,0.40700000,8047.81000000,0.40800000,5612.73000000,0.40900000,5452.37000000,0.41000000,4848.54000000,0.41100000,3886.23000000,0.41200000,4135.62000000,0.41300000,3024.04000000,0.41400000,3302.27000000,,,,,,,,,,,,,,,,,,,,,,,,,,,,,,,,,,,,,,,,,,
0,7,161,0.40400000,0.4024,-0.396,1774137131000,0.40300000,13957.74000000,0.40200000,16957.14000000,0.40100000,7253.58000000,0.40000000,19083.23000000,0.39900000,4322.12000000,0.39800000,6123.97000000,0.39700000,4404.39000000,0.39600000,13698.44000000,0.39500000,17067.13000000,0.39400000,8042.77000000,0.40500000,5479.08000000,0.40600000,10991.94000000,0.40700000,8047.81000000,0.40800000,5612.73000000,0.40900000,6834.87000000,0.41000000,4848.54000000,0.41100000,3886.23000000,0.41200000,4135.62000000,0.41300000,3024.04000000,0.41400000,3302.27000000,,,,,,,,,,,,,,,,,,,,,,,,,,,,,,,,,,,,,,,,,,
0,7,161,0.40500000,0.4019,-0.7654,1774137135000,0.40300000,13878.48000000,0.40200000,16957.12000000,0.40100000,7277.58000000,0.40000000,18946.09000000,0.39900000,4320.27000000,0.39800000,6001.16000000,0.39700000,4404.39000000,0.39600000,13698.44000000,0.39500000,17111.26000000,0.39400000,8042.77000000,0.40500000,5428.52000000,0.40600000,9774.71000000,0.40700000,6871.25000000,0.40800000,6386.09000000,0.40900000,5249.37000000,0.41000000,5051.54000000,0.41100000,2985.70000000,0.41200000,4135.62000000,0.41300000,3024.04000000,0.41400000,3302.27000000,,,,,,,,,,,,,,,,,,,,,,,,,,,,,,,,,,,,,,,,,-0.001351,
0,7,161,0.40500000,0.4015,-0.8642,1774137136000,0.40300000,12607.14000000,0.40200000,16957.12000000,0.40100000,7394.96000000,0.40000000,19029.62000000,0.39900000,4443.08000000,0.39800000,6118.53000000,0.39700000,4287.02000000,0.39600000,13698.44000000,0.39500000,17111.26000000,0.39400000,8042.77000000,0.40500000,7717.98000000,0.40600000,9774.71000000,0.40700000,7381.16000000,0.40800000,6386.09000000,0.40900000,5249.37000000,0.41000000,5051.54000000,0.41100000,2985.70000000,0.41200000,4135.62000000,0.41300000,3024.04000000,0.41400000,3302.27000000,,,,,,,,,,,,,,,,,,,,,,,,,,,,,,,,,,,,,,,,,-0.001351,
0,7,161,0.40500000,0.4016,-0.8395,1774137137000,0.40300000,9227.07000000,0.40200000,16557.12000000,0.40100000,11796.72000000,0.40000000,19063.47000000,0.39900000,4403.80000000,0.39800000,6123.97000000,0.39700000,4404.39000000,0.39600000,13698.44000000,0.39500000,17111.26000000,0.39400000,8042.77000000,0.40500000,8072.58000000,0.40600000,10284.62000000,0.40700000,6871.25000000,0.40800000,6386.09000000,0.40900000,5452.37000000,0.41000000,4848.54000000,0.41100000,2985.70000000,0.41200000,4135.62000000,0.41300000,3024.04000000,0.41400000,3302.27000000,,,,,,,,,,,,,,,,,,,,,,,,,,,,,,,,,,,,,,,,,,
0,7,161,0.40500000,0.3994,-1.3827,1774137141000,0.40300000,9128.42000000,0.40200000,13260.34000000,0.40100000,11796.72000000,0.40000000,20274.99000000,0.39900000,4935.15000000,0.39800000,6123.97000000,0.39700000,4404.39000000,0.39600000,13698.44000000,0.39500000,17111.26000000,0.39400000,8042.77000000,0.40400000,3125.67000000,0.40500000,10199.76000000,0.40600000,8151.45000000,0.40700000,6871.25000000,0.40800000,6386.09000000,0.40900000,5452.37000000,0.41000000,4848.54000000,0.41100000,2985.70000000,0.41200000,3166.82000000,0.41300000,3024.04000000,,,,,,,,,,,,,,,,,,,,,,,,,,,,,,,,,,,,,,,,,-0.001351,
0,7,161,0.40500000,0.3983,-1.6543,1774137142000,0.40300000,7602.10000000,0.40200000,13260.34000000,0.40100000,11550.12000000,0.40000000,20274.99000000,0.39900000,4935.15000000,0.39800000,6123.97000000,0.39700000,4404.39000000,0.39600000,13698.44000000,0.39500000,17111.26000000,0.39400000,8042.77000000,0.40400000,3680.10000000,0.40500000,10162.82000000,0.40600000,8651.45000000,0.40700000,6127.75000000,0.40800000,4109.08000000,0.40900000,5206.98000000,0.41000000,4645.54000000,0.41100000,2985.70000000,0.41200000,3166.82000000,0.41300000,3024.04000000,,,,,,,,,,,,,,,,,,,,,,,,,,,,,,,,,,,,,,,,,,
0,7,161,0.39100000,0.3925,0.3836,1774137148000,0.40200000,11631.94000000,0.40100000,10198.69000000,0.40000000,19895.95000000,0.39900000,6045.34000000,0.39800000,5969.32000000,0.39700000,4672.49000000,0.39600000,13698.44000000,0.39500000,16353.10000000,0.39400000,8042.77000000,0.39300000,3110.09000000,0.40400000,4571.35000000,0.40500000,11109.19000000,0.40600000,6351.88000000,0.40700000,5171.17000000,0.40800000,4170.67000000,0.40900000,5206.98000000,0.41000000,4645.54000000,0.41100000,2985.70000000,0.41200000,3166.82000000,0.41300000,3024.04000000,,,,,,,,,,,,,,,,,,,,,,,,,,,,,,,,,,,,,,,,,-0.001351,
0,7,161,0.39100000,0.3821,-2.2762,1774137149000,0.40200000,8907.60000000,0.40100000,9382.81000000,0.40000000,19279.63000000,0.39900000,6333.73000000,0.39800000,6252.85000000,0.39700000,4566.75000000,0.39600000,13512.81000000,0.39500000,16453.10000000,0.39400000,8357.23000000,0.39300000,3110.09000000,0.40300000,2576.69000000,0.40400000,5373.59000000,0.40500000,11183.49000000,0.40600000,6351.88000000,0.40700000,5474.17000000,0.40800000,4070.67000000,0.40900000,5003.98000000,0.41000000,4645.54000000,0.41100000,2985.70000000,0.41200000,3166.82000000,,,,,,,,,,,,,,,,,,,,,,,,,,,,,,,,,,,,,,,,,-0.001351,
0,7,161,0.39100000,0.3873,-0.9463,1774137150000,0.40200000,9254.17000000,0.40100000,9839.13000000,0.40000000,19279.63000000,0.39900000,5962.72000000,0.39800000,6252.85000000,0.39700000,4566.75000000,0.39600000,13512.81000000,0.39500000,16453.10000000,0.39400000,8357.23000000,0.39300000,3110.09000000,0.40400000,5169.64000000,0.40500000,11039.71000000,0.40600000,6351.88000000,0.40700000,5474.17000000,0.40800000,4070.67000000,0.40900000,5003.98000000,0.41000000,4645.54000000,0.41100000,2985.70000000,0.41200000,3166.82000000,0.41300000,3024.04000000,,,,,,,,,,,,,,,,,,,,,,,,,,,,,,,,,,,,,,,,,-0.001351,
0,7,161,0.39100000,0.3835,-1.9182,1774137151000,0.40100000,7915.67000000,0.40000000,17082.91000000,0.39900000,6333.84000000,0.39800000,6989.28000000,0.39700000,4566.75000000,0.39600000,13512.81000000,0.39500000,16534.85000000,0.39400000,9207.79000000,0.39300000,3110.09000000,0.39200000,15275.57000000,0.40200000,382.50000000,0.40300000,3209.38000000,0.40400000,7254.33000000,0.40500000,9148.56000000,0.40600000,6351.88000000,0.40700000,5274.17000000,0.40800000,4070.67000000,0.40900000,3154.03000000,0.41000000,4645.54000000,0.41100000,2985.70000000,,,,,,,,,,,,,,,,,,,,,,,,,,,,,,,,,,,,,,,,,-0.001351,
0,7,161,0.39000000,0.385,-1.2821,1774137152000,0.39300000,271.96000000,0.39200000,839.44000000,0.39100000,721.62000000,0.39000000,2838.43000000,0.38900000,1984.61000000,0.38800000,10687.77000000,0.38700000,90036.63000000,0.38600000,4764.00000000,0.38500000,1945.07000000,0.38400000,2303.18000000,0.39400000,382.50000000,0.39500000,2223.72000000,0.39600000,1770.90000000,0.39700000,1788.27000000,0.39800000,2741.77000000,0.39900000,196.56000000,0.40000000,1269.25000000,0.40100000,569.83000000,0.40200000,2986.87000000,0.40300000,3273.97000000,,,,,,,,,,,,,,,,,,,,,,,,,,,,,,,,,,,,,,,,,-0.001351,
0,7,161,0.38900000,0.3846,-1.1311,1774137153000,0.39400000,1019.45000000,0.39300000,2246.66000000,0.39200000,4920.02000000,0.39100000,5735.73000000,0.39000000,6177.00000000,0.38900000,5370.65000000,0.38800000,14237.89000000,0.38700000,92813.37000000,0.38600000,5773.88000000,0.38500000,2008.84000000,0.39500000,272.16000000,0.39600000,5305.73000000,0.39700000,6193.46000000,0.39800000,6059.59000000,0.39900000,4157.89000000,0.40000000,3398.44000000,0.40100000,3146.52000000,0.40200000,3138.97000000,0.40300000,3823.46000000,0.40400000,3648.62000000,,,,,,,,,,,,,,,,,,,,,,,,,,,,,,,,,,,,,,,,,-0.001351,
0,7,161,0.38900000,0.3865,-0.6427,1774137154000,0.39300000,4294.24000000,0.39200000,7386.79000000,0.39100000,3213.20000000,0.39000000,6102.97000000,0.38900000,4985.05000000,0.38800000,14237.89000000,0.38700000,90236.68000000,0.38600000,5148.88000000,0.38500000,2008.84000000,0.38400000,2366.95000000,0.39500000,2724.81000000,0.39600000,4320.07000000,0.39700000,6193.46000000,0.39800000,6059.59000000,0.39900000,6350.24000000,0.40000000,4395.80000000,0.40100000,4273.56000000,0.40200000,4240.29000000,0.40300000,3823.46000000,0.40400000,4204.99000000,,,,,,,,,,,,,,,,,,,,,,,,,,,,,,,,,,,,,,,,,-0.001351,
0,7,161,0.38800000,0.385,-0.7732,1774137155000,0.39500000,549.53000000,0.39400000,413.20000000,0.39300000,2633.25000000,0.39200000,6986.79000000,0.39100000,4813.88000000,0.39000000,6102.97000000,0.38900000,2985.05000000,0.38800000,5732.74000000,0.38700000,92813.37000000,0.38600000,6742.41000000,0.39600000,4510.57000000,0.39700000,6939.74000000,0.39800000,6059.59000000,0.39900000,6318.55000000,0.40000000,4547.91000000,0.40100000,4091.99000000,0.40200000,4789.85000000,0.40300000,3273.97000000,0.40400000,3648.62000000,0.40500000,5926.12000000,,,,,,,,,,,,,,,,,,,,,,,,,,,,,,,,,,,,,,,,,-0.001351,
0,7,161,0.38800000,0.3855,-0.6443,1774137156000,0.39400000,1883.25000000,0.39300000,1998.76000000,0.39200000,7570.62000000,0.39100000,4827.95000000,0.39000000,6227.67000000,0.38900000,2985.05000000,0.38800000,7190.14000000,0.38700000,92813.37000000,0.38600000,9585.86000000,0.38500000,1927.00000000,0.39500000,413.20000000,0.39600000,5291.97000000,0.39700000,6939.74000000,0.39800000,6750.67000000,0.39900000,6975.00000000,0.40000000,5655.63000000,0.40100000,5320.82000000,0.40200000,4322.35000000,0.40300000,3020.78000000,0.40400000,3648.62000000,,,,,,,,,,,,,,,,,,,,,,,,,,,,,,,,,,,,,,,,,,
0,7,161,0.38800000,0.3877,-0.0773,1774137157000,0.39300000,675.40000000,0.39200000,6730.65000000,0.39100000,3138.16000000,0.39000000,7206.27000000,0.38900000,2873.55000000,0.38800000,8400.51000000,0.38700000,92789.09000000,0.38600000,8601.03000000,0.38500000,1927.00000000,0.38400000,2366.95000000,0.39500000,2453.48000000,0.39600000,5204.45000000,0.39700000,6939.74000000,0.39800000,7460.89000000,0.39900000,8204.60000000,0.40000000,4946.44000000,0.40100000,3399.71000000,0.40200000,4240.29000000,0.40300000,3020.78000000,0.40400000,3648.62000000,,,,,,,,,,,,,,,,,,,,,,,,,,,,,,,,,,,,,,,,,-0.001351,
0,7,161,0.38900000,0.3894,0.1028,1774137158000,0.39300000,1551.44000000,0.39200000,732.75000000,0.39100000,2493.91000000,0.39000000,6117.08000000,0.38900000,2955.75000000,0.38800000,6943.11000000,0.38700000,92789.09000000,0.38600000,9580.42000000,0.38500000,1927.00000000,0.38400000,2366.95000000,0.39400000,1067.06000000,0.39500000,2866.63000000,0.39600000,5701.15000000,0.39700000,7062.55000000,0.39800000,7308.19000000,0.39900000,7309.07000000,0.40000000,4946.44000000,0.40100000,3481.84000000,0.40200000,3240.99000000,0.40300000,3125.66000000,,,,,,,,,,,,,,,,,,,,,,,,,,,,,,,,,,,,,,,,,-0.001351,
0,7,161,0.39000000,0.3917,0.4359,1774137159000,0.39300000,5983.86000000,0.39200000,820.27000000,0.39100000,2844.27000000,0.39000000,6999.37000000,0.38900000,2969.89000000,0.38800000,6943.11000000,0.38700000,92789.09000000,0.38600000,9580.42000000,0.38500000,1927.00000000,0.38400000,2366.95000000,0.39400000,442.99000000,0.39500000,2836.41000000,0.39600000,5701.15000000,0.39700000,7227.12000000,0.39800000,6094.61000000,0.39900000,7156.39000000,0.40000000,4395.80000000,0.40100000,3481.84000000,0.40200000,3446.12000000,0.40300000,3125.66000000,,,,,,,,,,,,,,,,,,,,,,,,,,,,,,,,,,,,,,,,,-0.001351,
0,7,161,0.38900000,0.3933,1.1054,1774137160108,0.39300000,6059.61000000,0.39200000,2734.99000000,0.39100000,4844.27000000,0.39000000,6999.37000000,0.38900000,3033.50000000,0.38800000,7006.72000000,0.38700000,92789.09000000,0.38600000,9580.42000000,0.38500000,1927.00000000,0.38400000,2366.95000000,0.39400000,382.50000000,0.39500000,2664.22000000,0.39600000,6038.77000000,0.39700000,7104.31000000,0.39800000,6180.17000000,0.39900000,6903.23000000,0.40000000,4395.80000000,0.40100000,3481.84000000,0.40200000,4392.63000000,0.40300000,4402.22000000,,,,,,,,,,,,,,,,,,,,,,,,,,,,,,,,,,,,,,,,,-0.001351,
0,7,161,0.38900000,0.3933,1.1054,1774137160408,0.39300000,6059.61000000,0.39200000,2734.99000000,0.39100000,6290.48000000,0.39000000,6999.37000000,0.38900000,3033.50000000,0.38800000,7006.72000000,0.38700000,92789.09000000,0.38600000,9580.42000000,0.38500000,1927.00000000,0.38400000,2366.95000000,0.39400000,382.50000000,0.39500000,2751.74000000,0.39600000,5915.96000000,0.39700000,7227.12000000,0.39800000,6180.17000000,0.39900000,7156.39000000,0.40000000,4395.80000000,0.40100000,3481.84000000,0.40200000,4392.63000000,0.40300000,4402.22000000,,,,,,,,,,,,,,,,,,,,,,,,,,,,,,,,,,,,,,,,,-0.001351,
0,7,161,0.39000000,0.3931,0.7949,1774137160709,0.39200000,382.50000000,0.39100000,5181.73000000,0.39000000,4823.76000000,0.38900000,3186.69000000,0.38800000,7171.31000000,0.38700000,92677.09000000,0.38600000,9321.81000000,0.38500000,1941.29000000,0.38400000,2479.30000000,0.38300000,9216.97000000,0.39400000,1564.83000000,0.39500000,3980.40000000,0.39600000,5521.84000000,0.39700000,7104.31000000,0.39800000,5552.41000000,0.39900000,7156.39000000,0.40000000,4395.80000000,0.40100000,3482.10000000,0.40200000,3446.12000000,0.40300000,4514.57000000,,,,,,,,,,,,,,,,,,,,,,,,,,,,,,,,,,,,,,,,,-0.001351,
0,7,161,0.39000000,0.3932,0.8205,1774137161010,0.39200000,2469.01000000,0.39100000,5518.55000000,0.39000000,4823.76000000,0.38900000,3033.69000000,0.38800000,7171.31000000,0.38700000,92677.09000000,0.38600000,9321.81000000,0.38500000,1941.29000000,0.38400000,2479.30000000,0.38300000,9216.97000000,0.39400000,1281.53000000,0.39500000,3421.14000000,0.39600000,5521.84000000,0.39700000,7663.57000000,0.39800000,5552.41000000,0.39900000,7156.39000000,0.40000000,4409.55000000,0.40100000,3482.10000000,0.40200000,3446.12000000,0.40300000,4514.57000000,,,,,,,,,,,,,,,,,,,,,,,,,,,,,,,,,,,,,,,,,-0.001351,
0,7,161,0.39000000,0.3943,1.1026,1774137161310,0.39200000,2469.01000000,0.39100000,5518.55000000,0.39000000,4823.76000000,0.38900000,3033.69000000,0.38800000,7171.31000000,0.38700000,92677.09000000,0.38600000,9321.81000000,0.38500000,1941.29000000,0.38400000,2479.30000000,0.38300000,9216.97000000,0.39400000,1235.01000000,0.39500000,3450.43000000,0.39600000,5521.84000000,0.39700000,7663.57000000,0.39800000,5552.41000000,0.39900000,7156.39000000,0.40000000,4409.55000000,0.40100000,3482.10000000,0.40200000,3446.12000000,0.40300000,4514.57000000,,,,,,,,,,,,,,,,,,,,,,,,,,,,,,,,,,,,,,,,,-0.001351,
0,7,161,0.39000000,0.3932,0.8205,1774137161611,0.39200000,4111.22000000,0.39100000,4906.68000000,0.39000000,4011.34000000,0.38900000,2951.30000000,0.38800000,7171.31000000,0.38700000,92677.09000000,0.38600000,9321.81000000,0.38500000,1941.29000000,0.38400000,2479.30000000,0.38300000,9216.97000000,0.39400000,1211.08000000,0.39500000,3491.59000000,0.39600000,5592.76000000,0.39700000,7663.57000000,0.39800000,5552.41000000,0.39900000,7156.39000000,0.40000000,4409.55000000,0.40100000,3482.10000000,0.40200000,3446.12000000,0.40300000,4514.57000000,,,,,,,,,,,,,,,,,,,,,,,,,,,,,,,,,,,,,,,,,-0.001351,
0,7,161,0.39000000,0.3933,0.8462,1774137161912,0.39200000,1485.79000000,0.39100000,4906.68000000,0.39000000,4653.55000000,0.38900000,2951.30000000,0.38800000,7171.31000000,0.38700000,92677.09000000,0.38600000,9321.81000000,0.38500000,1941.29000000,0.38400000,2479.30000000,0.38300000,9216.97000000,0.39400000,1211.08000000,0.39500000,4741.11000000,0.39600000,5592.76000000,0.39700000,7104.31000000,0.39800000,5000.23000000,0.39900000,7156.39000000,0.40000000,4409.55000000,0.40100000,3482.10000000,0.40200000,3446.12000000,0.40300000,4514.57000000,,,,,,,,,,,,,,,,,,,,,,,,,,,,,,,,,,,,,,,,,-0.001351,
0,7,161,0.39000000,0.3933,0.8462,1774137162212,0.39200000,382.50000000,0.39100000,5570.75000000,0.39000000,4908.32000000,0.38900000,2951.30000000,0.38800000,7171.31000000,0.38700000,92677.09000000,0.38600000,9321.81000000,0.38500000,1941.29000000,0.38400000,2493.63000000,0.38300000,9216.97000000,0.39300000,476.40000000,0.39400000,1325.93000000,0.39500000,4134.99000000,0.39600000,5592.76000000,0.39700000,5970.02000000,0.39800000,5169.44000000,0.39900000,5198.19000000,0.40000000,4409.55000000,0.40100000,3482.10000000,0.40200000,3446.12000000,,,,,,,,,,,,,,,,,,,,,,,,,,,,,,,,,,,,,,,,,-0.001351,
0,7,161,0.38900000,0.3933,1.1054,1774137162513,0.39200000,382.50000000,0.39100000,5570.75000000,0.39000000,5092.15000000,0.38900000,2951.30000000,0.38800000,7171.31000000,0.38700000,92677.09000000,0.38600000,9321.81000000,0.38500000,1941.29000000,0.38400000,3420.33000000,0.38300000,9216.97000000,0.39300000,476.40000000,0.39400000,2247.27000000,0.39500000,4088.47000000,0.39600000,5592.76000000,0.39700000,5970.02000000,0.39800000,5169.44000000,0.39900000,5198.19000000,0.40000000,4409.55000000,0.40100000,3482.10000000,0.40200000,3446.12000000,,,,,,,,,,,,,,,,,,,,,,,,,,,,,,,,,,,,,,,,,-0.001351,
0,7,161,0.38900000,0.3933,1.1054,1774137162813,0.39200000,382.50000000,0.39100000,5570.75000000,0.39000000,5092.15000000,0.38900000,2951.30000000,0.38800000,7171.31000000,0.38700000,92677.09000000,0.38600000,9321.81000000,0.38500000,1941.29000000,0.38400000,3420.33000000,0.38300000,9216.97000000,0.39300000,476.40000000,0.39400000,2276.56000000,0.39500000,3589.17000000,0.39600000,5592.76000000,0.39700000,5970.02000000,0.39800000,5169.44000000,0.39900000,5198.19000000,0.40000000,4409.55000000,0.40100000,3482.10000000,0.40200000,3446.12000000,,,,,,,,,,,,,,,,,,,,,,,,,,,,,,,,,,,,,,,,,-0.001351,
0,7,161,0.38900000,0.3935,1.1568,1774137163114,0.39100000,5570.75000000,0.39000000,7092.15000000,0.38900000,2951.30000000,0.38800000,7171.31000000,0.38700000,92677.09000000,0.38600000,9321.81000000,0.38500000,1941.29000000,0.38400000,3420.33000000,0.38300000,9216.97000000,0.38200000,610.17000000,0.39300000,476.40000000,0.39400000,2309.52000000,0.39500000,3502.19000000,0.39600000,5592.76000000,0.39700000,6530.66000000,0.39800000,5169.44000000,0.39900000,5198.19000000,0.40000000,4409.55000000,0.40100000,3482.10000000,0.40200000,3446.12000000,,,,,,,,,,,,,,,,,,,,,,,,,,,,,,,,,,,,,,,,,-0.001351,
0,7,161,0.39000000,0.394,1.0256,1774137163415,0.39100000,2060.28000000,0.39000000,4899.86000000,0.38900000,457.20000000,0.38800000,5065.26000000,0.38700000,92759.68000000,0.38600000,9321.81000000,0.38500000,1941.29000000,0.38400000,4404.62000000,0.38300000,9216.97000000,0.38200000,610.17000000,0.39300000,783.63000000,0.39400000,2309.52000000,0.39500000,4016.31000000,0.39600000,5592.76000000,0.39700000,5970.02000000,0.39800000,5169.44000000,0.39900000,5198.19000000,0.40000000,4409.55000000,0.40100000,3482.10000000,0.40200000,3446.12000000,,,,,,,,,,,,,,,,,,,,,,,,,,,,,,,,,,,,,,,,,-0.001351,
0,7,161,0.38900000,0.394,1.2853,1774137163716,0.39000000,571.81000000,0.38900000,2496.12000000,0.38800000,5072.75000000,0.38700000,92759.68000000,0.38600000,9321.81000000,0.38500000,1941.29000000,0.38400000,5408.12000000,0.38300000,9231.34000000,0.38200000,610.17000000,0.38100000,434.90000000,0.39100000,382.50000000,0.39200000,1162.17000000,0.39300000,3092.78000000,0.39400000,2906.62000000,0.39500000,2713.86000000,0.39600000,5246.02000000,0.39700000,5754.98000000,0.39800000,5087.05000000,0.39900000,5451.38000000,0.40000000,3412.19000000,,,,,,,,,,,,,,,,,,,,,,,,,,,,,,,,,,,,,,,,,-0.001351,
0,7,161,0.38900000,0.3941,1.3111,1774137164016,0.39000000,189.31000000,0.38900000,2312.29000000,0.38800000,5256.58000000,0.38700000,92759.68000000,0.38600000,9321.81000000,0.38500000,1941.29000000,0.38400000,5408.12000000,0.38300000,9231.34000000,0.38200000,610.17000000,0.38100000,434.90000000,0.39100000,313.74000000,0.39200000,1191.46000000,0.39300000,2531.86000000,0.39400000,1994.26000000,0.39500000,1509.26000000,0.39600000,3661.15000000,0.39700000,5754.98000000,0.39800000,5087.05000000,0.39900000,5451.38000000,0.40000000,3412.19000000,,,,,,,,,,,,,,,,,,,,,,,,,,,,,,,,,,,,,,,,,-0.001351,
0,7,161,0.38900000,0.394,1.2853,1774137164316,0.38900000,4173.34000000,0.38800000,5103.28000000,0.38700000,92759.68000000,0.38600000,9321.81000000,0.38500000,1941.29000000,0.38400000,5408.12000000,0.38300000,8872.86000000,0.38200000,610.17000000,0.38100000,694.74000000,0.38000000,49228.25000000,0.39100000,313.74000000,0.39200000,1186.10000000,0.39300000,2419.67000000,0.39400000,2162.60000000,0.39500000,1540.91000000,0.39600000,3661.15000000,0.39700000,5754.98000000,0.39800000,5087.05000000,0.39900000,5451.38000000,0.40000000,3412.19000000,,,,,,,,,,,,,,,,,,,,,,,,,,,,,,,,,,,,,,,,,-0.001351,
0,7,161,0.38900000,0.3941,1.3111,1774137164617,0.39000000,1153.24000000,0.38900000,5212.62000000,0.38800000,7103.28000000,0.38700000,92759.68000000,0.38600000,9321.81000000,0.38500000,1941.29000000,0.38400000,5408.12000000,0.38300000,8090.94000000,0.38200000,610.17000000,0.38100000,694.74000000,0.39100000,313.74000000,0.39200000,1261.91000000,0.39300000,2982.23000000,0.39400000,2246.60000000,0.39500000,1540.91000000,0.39600000,3661.15000000,0.39700000,5754.98000000,0.39800000,5087.05000000,0.39900000,5451.38000000,0.40000000,3412.19000000,,,,,,,,,,,,,,,,,,,,,,,,,,,,,,,,,,,,,,,,,-0.001351,
0,7,161,0.38900000,0.394,1.2853,1774137164918,0.39000000,581.53000000,0.38900000,4211.53000000,0.38800000,7103.28000000,0.38700000,92759.68000000,0.38600000,9321.81000000,0.38500000,1941.29000000,0.38400000,5408.12000000,0.38300000,8090.94000000,0.38200000,624.57000000,0.38100000,694.74000000,0.39100000,160.29000000,0.39200000,1191.46000000,0.39300000,3450.87000000,0.39400000,2874.32000000,0.39500000,2102.93000000,0.39600000,3661.15000000,0.39700000,5672.32000000,0.39800000,5087.05000000,0.39900000,5534.17000000,0.40000000,4858.40000000,,,,,,,,,,,,,,,,,,,,,,,,,,,,,,,,,,,,,,,,,-0.001351,
0,7,161,0.38900000,0.394,1.2853,1774137165219,0.39000000,535.70000000,0.38900000,4211.53000000,0.38800000,7103.28000000,0.38700000,92759.68000000,0.38600000,9321.81000000,0.38500000,1941.29000000,0.38400000,5408.12000000,0.38300000,8090.94000000,0.38200000,624.57000000,0.38100000,694.74000000,0.39100000,160.29000000,0.39200000,1404.10000000,0.39300000,3534.87000000,0.39400000,2790.32000000,0.39500000,2102.93000000,0.39600000,3661.15000000,0.39700000,5672.32000000,0.39800000,5087.05000000,0.39900000,5534.17000000,0.40000000,4858.40000000,,,,,,,,,,,,,,,,,,,,,,,,,,,,,,,,,,,,,,,,,-0.001351,
0,7,161,0.38900000,0.3941,1.3111,1774137165519,0.39000000,535.70000000,0.38900000,4211.53000000,0.38800000,7103.28000000,0.38700000,92759.68000000,0.38600000,9321.81000000,0.38500000,1941.29000000,0.38400000,5408.12000000,0.38300000,8090.94000000,0.38200000,624.57000000,0.38100000,694.74000000,0.39100000,160.29000000,0.39200000,1433.39000000,0.39300000,3534.87000000,0.39400000,2790.32000000,0.39500000,2102.93000000,0.39600000,3661.15000000,0.39700000,5672.32000000,0.39800000,5087.05000000,0.39900000,5534.17000000,0.40000000,4858.40000000,,,,,,,,,,,,,,,,,,,,,,,,,,,,,,,,,,,,,,,,,-0.001351,
0,7,161,0.38900000,0.3941,1.3111,1774137165819,0.38900000,1825.88000000,0.38800000,4591.19000000,0.38700000,90183.27000000,0.38600000,11737.47000000,0.38500000,2024.16000000,0.38400000,5295.77000000,0.38300000,8090.94000000,0.38200000,624.57000000,0.38100000,807.74000000,0.38000000,50009.82000000,0.39100000,316.31000000,0.39200000,2557.29000000,0.39300000,1858.57000000,0.39400000,1470.31000000,0.39500000,1449.54000000,0.39600000,3661.15000000,0.39700000,3780.67000000,0.39800000,5169.92000000,0.39900000,5451.38000000,0.40000000,4858.40000000,,,,,,,,,,,,,,,,,,,,,,,,,,,,,,,,,,,,,,,,,-0.001351,
0,7,161,0.38900000,0.3941,1.3111,1774137166120,0.39000000,1083.47000000,0.38900000,3431.74000000,0.38800000,9171.17000000,0.38700000,90119.50000000,0.38600000,9258.04000000,0.38500000,2024.16000000,0.38400000,5295.77000000,0.38300000,8090.94000000,0.38200000,688.67000000,0.38100000,871.84000000,0.39100000,476.40000000,0.39200000,1904.35000000,0.39300000,1763.65000000,0.39400000,2740.89000000,0.39500000,2195.90000000,0.39600000,3661.15000000,0.39700000,3780.67000000,0.39800000,5169.92000000,0.39900000,5451.38000000,0.40000000,4858.40000000,,,,,,,,,,,,,,,,,,,,,,,,,,,,,,,,,,,,,,,,,-0.001351,
0,7,161,0.38900000,0.3941,1.3111,1774137166420,0.38900000,2644.21000000,0.38800000,7153.72000000,0.38700000,90201.70000000,0.38600000,9258.04000000,0.38500000,2024.16000000,0.38400000,5295.77000000,0.38300000,8090.94000000,0.38200000,688.67000000,0.38100000,871.84000000,0.38000000,50073.92000000,0.39100000,476.40000000,0.39200000,2413.57000000,0.39300000,2581.81000000,0.39400000,3051.04000000,0.39500000,1520.36000000,0.39600000,4215.61000000,0.39700000,3863.54000000,0.39800000,5169.92000000,0.39900000,5451.38000000,0.40000000,4858.40000000,,,,,,,,,,,,,,,,,,,,,,,,,,,,,,,,,,,,,,,,,-0.001351,
0,7,161,0.38900000,0.3936,1.1825,1774137166720,0.38900000,2531.57000000,0.38800000,7153.72000000,0.38700000,90882.86000000,0.38600000,9258.04000000,0.38500000,2106.36000000,0.38400000,5295.77000000,0.38300000,8090.94000000,0.38200000,688.67000000,0.38100000,886.28000000,0.38000000,50073.92000000,0.39100000,1039.71000000,0.39200000,3801.64000000,0.39300000,2564.18000000,0.39400000,1553.34000000,0.39500000,1366.88000000,0.39600000,3661.15000000,0.39700000,3780.67000000,0.39800000,5169.92000000,0.39900000,5506.68000000,0.40000000,4858.40000000,,,,,,,,,,,,,,,,,,,,,,,,,,,,,,,,,,,,,,,,,-0.001351,
0,7,161,0.38900000,0.3924,0.874,1774137167020,0.38800000,1469.24000000,0.38700000,91711.39000000,0.38600000,9304.53000000,0.38500000,3315.33000000,0.38400000,5295.77000000,0.38300000,8173.97000000,0.38200000,688.67000000,0.38100000,886.28000000,0.38000000,50073.92000000,0.37900000,583.91000000,0.39000000,1616.05000000,0.39100000,1960.95000000,0.39200000,2298.86000000,0.39300000,2843.83000000,0.39400000,1553.34000000,0.39500000,1366.88000000,0.39600000,3917.56000000,0.39700000,3893.89000000,0.39800000,4105.88000000,0.39900000,5506.68000000,,,,,,,,,,,,,,,,,,,,,,,,,,,,,,,,,,,,,,,,,-0.001351,
0,7,161,0.38900000,0.3921,0.7969,1774137167322,0.38700000,91701.06000000,0.38600000,6756.00000000,0.38500000,5176.38000000,0.38400000,5232.00000000,0.38300000,8173.97000000,0.38200000,1674.43000000,0.38100000,626.44000000,0.38000000,50073.92000000,0.37900000,845.12000000,0.37800000,708.21000000,0.38900000,1412.24000000,0.39000000,946.10000000,0.39100000,2860.81000000,0.39200000,2296.82000000,0.39300000,2288.49000000,0.39400000,1553.34000000,0.39500000,411.28000000,0.39600000,3917.56000000,0.39700000,3893.89000000,0.39800000,4105.88000000,,,,,,,,,,,,,,,,,,,,,,,,,,,,,,,,,,,,,,,,,-0.001351,
0,7,161,0.38900000,0.3936,1.1825,1774137167623,0.38800000,19.40000000,0.38700000,90092.19000000,0.38600000,4027.17000000,0.38500000,6674.71000000,0.38400000,5795.60000000,0.38300000,8646.01000000,0.38200000,1840.49000000,0.38100000,513.44000000,0.38000000,50073.92000000,0.37900000,821.03000000,0.38900000,382.50000000,0.39000000,2396.26000000,0.39100000,3088.47000000,0.39200000,2302.47000000,0.39300000,1681.69000000,0.39400000,1553.34000000,0.39500000,667.69000000,0.39600000,3917.56000000,0.39700000,3893.89000000,0.39800000,3851.87000000,,,,,,,,,,,,,,,,,,,,,,,,,,,,,,,,,,,,,,,,,-0.001351,
0,7,161,0.38900000,0.3936,1.1825,1774137167923,0.38800000,1482.20000000,0.38700000,90092.19000000,0.38600000,4027.17000000,0.38500000,6757.74000000,0.38400000,5795.60000000,0.38300000,8646.01000000,0.38200000,1757.46000000,0.38100000,513.44000000,0.38000000,50073.92000000,0.37900000,821.03000000,0.38900000,382.50000000,0.39000000,2366.97000000,0.39100000,3088.47000000,0.39200000,2302.47000000,0.39300000,1681.69000000,0.39400000,1553.34000000,0.39500000,667.69000000,0.39600000,3917.56000000,0.39700000,3893.89000000,0.39800000,3851.87000000,,,,,,,,,,,,,,,,,,,,,,,,,,,,,,,,,,,,,,,,,-0.001351,
0,7,161,0.38900000,0.3936,1.1825,1774137168224,0.38700000,90914.43000000,0.38600000,4425.20000000,0.38500000,3581.00000000,0.38400000,5795.60000000,0.38300000,8799.60000000,0.38200000,1757.52000000,0.38100000,596.53000000,0.38000000,50088.40000000,0.37900000,821.03000000,0.37800000,708.21000000,0.38800000,1482.20000000,0.38900000,534.44000000,0.39000000,2068.85000000,0.39100000,3088.47000000,0.39200000,2300.32000000,0.39300000,1681.69000000,0.39400000,1553.34000000,0.39500000,411.28000000,0.39600000,3002.58000000,0.39700000,3893.89000000,,,,,,,,,,,,,,,,,,,,,,,,,,,,,,,,,,,,,,,,,-0.001351,
0,7,161,0.38900000,0.3936,1.1825,1774137168525,0.38700000,78760.30000000,0.38600000,3843.34000000,0.38500000,2143.55000000,0.38400000,5795.60000000,0.38300000,8699.60000000,0.38200000,1757.52000000,0.38100000,596.53000000,0.38000000,50088.40000000,0.37900000,821.03000000,0.37800000,708.21000000,0.38800000,153.68000000,0.38900000,534.44000000,0.39000000,1417.52000000,0.39100000,2533.40000000,0.39200000,1773.87000000,0.39300000,1804.50000000,0.39400000,1553.34000000,0.39500000,667.69000000,0.39600000,3002.58000000,0.39700000,3893.89000000,,,,,,,,,,,,,,,,,,,,,,,,,,,,,,,,,,,,,,,,,-0.001351,
0,7,161,0.38900000,0.3936,1.1825,1774137168825,0.38700000,72481.91000000,0.38600000,3843.34000000,0.38500000,2143.55000000,0.38400000,3942.97000000,0.38300000,8699.68000000,0.38200000,2322.03000000,0.38100000,596.53000000,0.38000000,50250.45000000,0.37900000,821.03000000,0.37800000,708.21000000,0.38800000,2938.03000000,0.38900000,1478.06000000,0.39000000,1417.52000000,0.39100000,2533.40000000,0.39200000,1773.87000000,0.39300000,1752.61000000,0.39400000,1553.34000000,0.39500000,667.69000000,0.39600000,3002.58000000,0.39700000,3893.89000000,,,,,,,,,,,,,,,,,,,,,,,,,,,,,,,,,,,,,,,,,-0.001351,
0,7,161,0.38900000,0.3936,1.1825,1774137169126,0.38700000,71939.37000000,0.38600000,3843.34000000,0.38500000,2143.55000000,0.38400000,3942.97000000,0.38300000,8699.68000000,0.38200000,3320.17000000,0.38100000,596.53000000,0.38000000,51252.62000000,0.37900000,921.03000000,0.37800000,708.21000000,0.38800000,1028.59000000,0.38900000,1478.06000000,0.39000000,2429.77000000,0.39100000,2615.80000000,0.39200000,2693.64000000,0.39300000,1752.61000000,0.39400000,1553.34000000,0.39500000,667.69000000,0.39600000,3002.58000000,0.39700000,3893.89000000,,,,,,,,,,,,,,,,,,,,,,,,,,,,,,,,,,,,,,,,,-0.001351,
0,7,161,0.38900000,0.3936,1.1825,1774137169427,0.38700000,64887.81000000,0.38600000,3843.34000000,0.38500000,2143.55000000,0.38400000,5804.02000000,0.38300000,9264.19000000,0.38200000,2755.66000000,0.38100000,596.53000000,0.38000000,51252.62000000,0.37900000,921.03000000,0.37800000,1675.70000000,0.38800000,1182.21000000,0.38900000,2549.39000000,0.39000000,2334.56000000,0.39100000,2615.80000000,0.39200000,2693.64000000,0.39300000,2728.00000000,0.39400000,1553.34000000,0.39500000,667.69000000,0.39600000,3002.58000000,0.39700000,3893.89000000,,,,,,,,,,,,,,,,,,,,,,,,,,,,,,,,,,,,,,,,,-0.001351,
0,7,161,0.38900000,0.3936,1.1825,1774137169727,0.38700000,64627.61000000,0.38600000,3972.37000000,0.38500000,2143.55000000,0.38400000,4178.56000000,0.38300000,10348.85000000,0.38200000,3700.38000000,0.38100000,596.53000000,0.38000000,51252.62000000,0.37900000,921.03000000,0.37800000,2628.05000000,0.38800000,2000.73000000,0.38900000,3581.26000000,0.39000000,2414.29000000,0.39100000,3660.52000000,0.39200000,2763.61000000,0.39300000,2728.00000000,0.39400000,1553.34000000,0.39500000,667.69000000,0.39600000,3002.58000000,0.39700000,3893.89000000,,,,,,,,,,,,,,,,,,,,,,,,,,,,,,,,,,,,,,,,,-0.001351,
0,7,161,0.38900000,0.3936,1.1825,1774137170027,0.38700000,64627.61000000,0.38600000,3972.37000000,0.38500000,2031.08000000,0.38400000,4578.56000000,0.38300000,10195.18000000,0.38200000,3700.38000000,0.38100000,596.53000000,0.38000000,51252.62000000,0.37900000,935.55000000,0.37800000,2628.05000000,0.38900000,3701.99000000,0.39000000,2918.65000000,0.39100000,3660.52000000,0.39200000,2785.12000000,0.39300000,2657.08000000,0.39400000,1553.34000000,0.39500000,667.69000000,0.39600000,3002.58000000,0.39700000,3893.89000000,0.39800000,3907.17000000,,,,,,,,,,,,,,,,,,,,,,,,,,,,,,,,,,,,,,,,,-0.001351,
0,7,161,0.39100000,0.3936,0.665,1774137170328,0.38700000,65240.73000000,0.38600000,4156.20000000,0.38500000,3962.91000000,0.38400000,5581.97000000,0.38300000,8628.21000000,0.38200000,3700.38000000,0.38100000,596.53000000,0.38000000,51252.62000000,0.37900000,935.55000000,0.37800000,2628.05000000,0.38900000,4326.38000000,0.39000000,2434.77000000,0.39100000,4215.20000000,0.39200000,2662.31000000,0.39300000,2657.08000000,0.39400000,1553.34000000,0.39500000,667.69000000,0.39600000,4005.99000000,0.39700000,3893.89000000,0.39800000,3907.17000000,,,,,,,,,,,,,,,,,,,,,,,,,,,,,,,,,,,,,,,,,-0.001351,
0,7,161,0.39100000,0.3936,0.665,1774137170629,0.38800000,636.51000000,0.38700000,63576.25000000,0.38600000,4027.17000000,0.38500000,4446.16000000,0.38400000,7217.25000000,0.38300000,8628.21000000,0.38200000,3617.29000000,0.38100000,596.53000000,0.38000000,51252.62000000,0.37900000,935.55000000,0.38900000,1594.87000000,0.39000000,2369.49000000,0.39100000,3577.49000000,0.39200000,2662.31000000,0.39300000,3212.70000000,0.39400000,1470.31000000,0.39500000,411.28000000,0.39600000,4005.99000000,0.39700000,3863.92000000,0.39800000,3851.87000000,,,,,,,,,,,,,,,,,,,,,,,,,,,,,,,,,,,,,,,,,-0.001351,
0,7,161,0.39100000,0.3931,0.5371,1774137170929,0.38900000,382.50000000,0.38800000,912.43000000,0.38700000,65130.72000000,0.38600000,8368.28000000,0.38500000,2114.33000000,0.38400000,6135.41000000,0.38300000,8073.14000000,0.38200000,3617.29000000,0.38100000,596.53000000,0.38000000,52199.12000000,0.39100000,3495.09000000,0.39200000,2760.90000000,0.39300000,3932.25000000,0.39400000,2193.27000000,0.39500000,2421.97000000,0.39600000,3749.58000000,0.39700000,3863.92000000,0.39800000,3851.87000000,0.39900000,5520.14000000,0.40000000,3525.72000000,,,,,,,,,,,,,,,,,,,,,,,,,,,,,,,,,,,,,,,,,-0.001351,
0,7,161,0.39100000,0.3928,0.4604,1774137171229,0.38900000,241.50000000,0.38800000,3038.80000000,0.38700000,65284.49000000,0.38600000,8368.28000000,0.38500000,1960.77000000,0.38400000,6135.41000000,0.38300000,8073.14000000,0.38200000,3617.29000000,0.38100000,596.53000000,0.38000000,52199.12000000,0.39000000,382.50000000,0.39100000,3960.60000000,0.39200000,2760.90000000,0.39300000,3212.70000000,0.39400000,2293.27000000,0.39500000,2421.97000000,0.39600000,3749.58000000,0.39700000,3919.22000000,0.39800000,3851.87000000,0.39900000,5520.14000000,,,,,,,,,,,,,,,,,,,,,,,,,,,,,,,,,,,,,,,,,-0.001351,
0,7,161,0.39100000,0.3928,0.4604,1774137171530,0.38800000,632.97000000,0.38700000,63411.56000000,0.38600000,6864.12000000,0.38500000,1960.77000000,0.38400000,6135.41000000,0.38300000,8073.14000000,0.38200000,3617.29000000,0.38100000,596.53000000,0.38000000,52199.12000000,0.37900000,674.34000000,0.39000000,1396.59000000,0.39100000,3806.85000000,0.39200000,2844.25000000,0.39300000,2657.08000000,0.39400000,1570.31000000,0.39500000,411.28000000,0.39600000,4005.99000000,0.39700000,3919.22000000,0.39800000,3851.87000000,0.39900000,5520.14000000,,,,,,,,,,,,,,,,,,,,,,,,,,,,,,,,,,,,,,,,,-0.001351,
0,7,161,0.39100000,0.3928,0.4604,1774137171831,0.38800000,1871.23000000,0.38700000,63411.56000000,0.38600000,6680.29000000,0.38500000,1960.77000000,0.38400000,6135.41000000,0.38300000,8073.14000000,0.38200000,3617.29000000,0.38100000,596.53000000,0.38000000,52199.12000000,0.37900000,674.34000000,0.38900000,382.50000000,0.39000000,1550.27000000,0.39100000,3806.85000000,0.39200000,3399.43000000,0.39300000,2657.08000000,0.39400000,1570.31000000,0.39500000,411.28000000,0.39600000,4005.99000000,0.39700000,3919.22000000,0.39800000,3851.87000000,,,,,,,,,,,,,,,,,,,,,,,,,,,,,,,,,,,,,,,,,-0.001351,
0,7,161,0.39100000,0.3928,0.4604,1774137172132,0.38900000,382.50000000,0.38800000,511.03000000,0.38700000,63595.39000000,0.38600000,6680.29000000,0.38500000,3579.97000000,0.38400000,7122.73000000,0.38300000,8073.14000000,0.38200000,3617.29000000,0.38100000,596.53000000,0.38000000,52199.12000000,0.39000000,382.50000000,0.39100000,3960.84000000,0.39200000,3361.73000000,0.39300000,2657.08000000,0.39400000,1570.31000000,0.39500000,1398.60000000,0.39600000,4005.99000000,0.39700000,3919.22000000,0.39800000,4105.06000000,0.39900000,5266.95000000,,,,,,,,,,,,,,,,,,,,,,,,,,,,,,,,,,,,,,,,,-0.001351,
0,7,161,0.39100000,0.3924,0.3581,1774137172433,0.38800000,600.88000000,0.38700000,63595.39000000,0.38600000,6680.29000000,0.38500000,3579.97000000,0.38400000,7122.73000000,0.38300000,8073.14000000,0.38200000,3617.29000000,0.38100000,596.53000000,0.38000000,52199.12000000,0.37900000,674.34000000,0.39000000,1396.66000000,0.39100000,3960.83000000,0.39200000,3361.60000000,0.39300000,2657.08000000,0.39400000,1570.31000000,0.39500000,1398.60000000,0.39600000,4005.99000000,0.39700000,3919.22000000,0.39800000,4105.06000000,0.39900000,5266.95000000,,,,,,,,,,,,,,,,,,,,,,,,,,,,,,,,,,,,,,,,,-0.001351,
0,7,161,0.39100000,0.3924,0.3581,1774137172734,0.38900000,2068.68000000,0.38800000,1135.78000000,0.38700000,65034.18000000,0.38600000,7650.30000000,0.38500000,3644.23000000,0.38400000,7122.73000000,0.38300000,8073.14000000,0.38200000,3617.29000000,0.38100000,596.53000000,0.38000000,52199.12000000,0.39000000,382.50000000,0.39100000,3806.85000000,0.39200000,2805.34000000,0.39300000,2657.08000000,0.39400000,1570.31000000,0.39500000,1398.60000000,0.39600000,4005.99000000,0.39700000,3919.22000000,0.39800000,4105.06000000,0.39900000,5266.95000000,,,,,,,,,,,,,,,,,,,,,,,,,,,,,,,,,,,,,,,,,-0.001351,
0,7,161,0.39100000,0.3921,0.2813,1774137173034,0.38800000,600.88000000,0.38700000,65034.18000000,0.38600000,7650.30000000,0.38500000,3644.23000000,0.38400000,7186.99000000,0.38300000,8073.14000000,0.38200000,3617.29000000,0.38100000,596.53000000,0.38000000,52199.12000000,0.37900000,674.34000000,0.38900000,382.50000000,0.39000000,1396.64000000,0.39100000,3806.85000000,0.39200000,3361.40000000,0.39300000,2657.08000000,0.39400000,1570.31000000,0.39500000,411.28000000,0.39600000,4005.99000000,0.39700000,3919.22000000,0.39800000,4105.06000000,,,,,,,,,,,,,,,,,,,,,,,,,,,,,,,,,,,,,,,,,-0.001351,
0,7,161,0.39200000,0.3921,0.0255,1774137173335,0.38800000,600.88000000,0.38700000,64850.35000000,0.38600000,8675.31000000,0.38500000,2025.03000000,0.38400000,7186.99000000,0.38300000,8073.14000000,0.38200000,3617.29000000,0.38100000,596.53000000,0.38000000,52199.12000000,0.37900000,674.34000000,0.38900000,1407.51000000,0.39000000,1396.64000000,0.39100000,3960.73000000,0.39200000,3361.40000000,0.39300000,2657.08000000,0.39400000,1570.31000000,0.39500000,411.28000000,0.39600000,4005.99000000,0.39700000,3919.22000000,0.39800000,4105.06000000,,,,,,,,,,,,,,,,,,,,,,,,,,,,,,,,,,,,,,,,,-0.001351,
0,7,161,0.39200000,0.3922,0.051,1774137173635,0.38800000,2467.27000000,0.38700000,65642.48000000,0.38600000,8859.14000000,0.38500000,2025.03000000,0.38400000,7186.99000000,0.38300000,8073.14000000,0.38200000,3617.29000000,0.38100000,596.53000000,0.38000000,52199.12000000,0.37900000,674.34000000,0.38900000,2041.32000000,0.39000000,1396.64000000,0.39100000,4460.73000000,0.39200000,3361.40000000,0.39300000,2657.08000000,0.39400000,1570.31000000,0.39500000,411.28000000,0.39600000,4005.99000000,0.39700000,3919.22000000,0.39800000,4105.06000000,,,,,,,,,,,,,,,,,,,,,,,,,,,,,,,,,,,,,,,,,-0.001351,
0,7,161,0.39200000,0.3922,0.051,1774137173935,0.38700000,63411.56000000,0.38600000,4612.46000000,0.38500000,3563.06000000,0.38400000,8294.30000000,0.38300000,8073.14000000,0.38200000,3617.29000000,0.38100000,596.53000000,0.38000000,52199.12000000,0.37900000,674.34000000,0.37800000,1728.93000000,0.38900000,1578.89000000,0.39000000,1896.64000000,0.39100000,3241.08000000,0.39200000,3361.40000000,0.39300000,2738.19000000,0.39400000,1570.31000000,0.39500000,411.28000000,0.39600000,4005.99000000,0.39700000,3835.97000000,0.39800000,4105.06000000,,,,,,,,,,,,,,,,,,,,,,,,,,,,,,,,,,,,,,,,,-0.001351,
0,7,161,0.39200000,0.3922,0.051,1774137174236,0.38700000,65938.37000000,0.38600000,4612.46000000,0.38500000,3717.15000000,0.38400000,8375.41000000,0.38300000,8073.14000000,0.38200000,3617.29000000,0.38100000,596.53000000,0.38000000,52199.12000000,0.37900000,674.34000000,0.37800000,1728.93000000,0.38900000,1563.86000000,0.39000000,2691.14000000,0.39100000,3241.08000000,0.39200000,3360.32000000,0.39300000,2738.19000000,0.39400000,1570.31000000,0.39500000,411.28000000,0.39600000,4005.99000000,0.39700000,3780.67000000,0.39800000,4105.06000000,,,,,,,,,,,,,,,,,,,,,,,,,,,,,,,,,,,,,,,,,-0.001351,
0,7,161,0.39200000,0.3924,0.102,1774137174537,0.38700000,67077.17000000,0.38600000,4612.46000000,0.38500000,3717.15000000,0.38400000,8375.41000000,0.38300000,8073.14000000,0.38200000,3617.29000000,0.38100000,596.53000000,0.38000000,52199.12000000,0.37900000,674.34000000,0.37800000,1728.93000000,0.38900000,1324.88000000,0.39000000,2537.05000000,0.39100000,3241.08000000,0.39200000,2804.26000000,0.39300000,2738.19000000,0.39400000,1570.31000000,0.39500000,411.28000000,0.39600000,4005.99000000,0.39700000,3780.67000000,0.39800000,4105.06000000,,,,,,,,,,,,,,,,,,,,,,,,,,,,,,,,,,,,,,,,,-0.001351,
0,7,161,0.39200000,0.3924,0.102,1774137174837,0.38800000,930.64000000,0.38700000,66527.05000000,0.38600000,5955.12000000,0.38500000,3963.06000000,0.38400000,7186.99000000,0.38300000,8073.14000000,0.38200000,3617.29000000,0.38100000,596.53000000,0.38000000,52199.12000000,0.37900000,674.34000000,0.38900000,1003.65000000,0.39000000,2644.45000000,0.39100000,3797.49000000,0.39200000,2805.34000000,0.39300000,1965.80000000,0.39400000,1470.31000000,0.39500000,511.28000000,0.39600000,3749.58000000,0.39700000,3780.67000000,0.39800000,4105.06000000,,,,,,,,,,,,,,,,,,,,,,,,,,,,,,,,,,,,,,,,,-0.001351,
0,7,161,0.39200000,0.3922,0.051,1774137175138,0.38800000,930.64000000,0.38700000,63411.56000000,0.38600000,5955.12000000,0.38500000,4999.15000000,0.38400000,9596.82000000,0.38300000,8073.14000000,0.38200000,3617.29000000,0.38100000,596.53000000,0.38000000,52199.12000000,0.37900000,674.34000000,0.38900000,382.50000000,0.39000000,2644.45000000,0.39100000,4564.73000000,0.39200000,2598.99000000,0.39300000,1965.80000000,0.39400000,1470.31000000,0.39500000,511.28000000,0.39600000,4006.98000000,0.39700000,3780.67000000,0.39800000,4105.06000000,,,,,,,,,,,,,,,,,,,,,,,,,,,,,,,,,,,,,,,,,-0.001351,
0,7,161,0.39300000,0.3922,-0.2036,1774137175438,0.38800000,4069.29000000,0.38700000,63411.56000000,0.38600000,5955.12000000,0.38500000,4999.15000000,0.38400000,9596.82000000,0.38300000,8073.14000000,0.38200000,3617.29000000,0.38100000,596.53000000,0.38000000,52199.12000000,0.37900000,674.34000000,0.38900000,1336.23000000,0.39000000,2616.79000000,0.39100000,4592.39000000,0.39200000,2598.99000000,0.39300000,1762.80000000,0.39400000,1470.31000000,0.39500000,511.28000000,0.39600000,4006.98000000,0.39700000,3780.67000000,0.39800000,4105.06000000,,,,,,,,,,,,,,,,,,,,,,,,,,,,,,,,,,,,,,,,,-0.001351,
0,7,161,0.39400000,0.3923,-0.4315,1774137175739,0.38800000,3441.56000000,0.38700000,63411.56000000,0.38600000,5955.12000000,0.38500000,4999.15000000,0.38400000,9596.82000000,0.38300000,8073.14000000,0.38200000,3617.29000000,0.38100000,596.53000000,0.38000000,52199.12000000,0.37900000,674.34000000,0.38900000,1336.23000000,0.39000000,2616.79000000,0.39100000,4521.28000000,0.39200000,2598.99000000,0.39300000,1762.80000000,0.39400000,1470.31000000,0.39500000,511.28000000,0.39600000,4006.98000000,0.39700000,3780.67000000,0.39800000,4160.36000000,,,,,,,,,,,,,,,,,,,,,,,,,,,,,,,,,,,,,,,,,-0.001351,
0,7,161,0.39500000,0.3923,-0.6835,1774137176040,0.38800000,2813.83000000,0.38700000,63411.56000000,0.38600000,5955.12000000,0.38500000,6078.18000000,0.38400000,7186.99000000,0.38300000,8073.14000000,0.38200000,3617.29000000,0.38100000,596.53000000,0.38000000,52199.12000000,0.37900000,674.34000000,0.38900000,1336.23000000,0.39000000,2616.79000000,0.39100000,4592.39000000,0.39200000,2598.99000000,0.39300000,1762.80000000,0.39400000,1470.31000000,0.39500000,511.28000000,0.39600000,4006.98000000,0.39700000,3780.67000000,0.39800000,4160.36000000,,,,,,,,,,,,,,,,,,,,,,,,,,,,,,,,,,,,,,,,,-0.001351,
0,7,161,0.39500000,0.3923,-0.6835,1774137176340,0.38800000,3441.56000000,0.38700000,63411.56000000,0.38600000,5955.12000000,0.38500000,5042.09000000,0.38400000,7186.99000000,0.38300000,8073.14000000,0.38200000,3617.29000000,0.38100000,596.53000000,0.38000000,52199.12000000,0.37900000,674.34000000,0.38900000,1336.23000000,0.39000000,2616.79000000,0.39100000,4564.73000000,0.39200000,2598.99000000,0.39300000,1762.80000000,0.39400000,1470.31000000,0.39500000,511.28000000,0.39600000,4006.98000000,0.39700000,3780.67000000,0.39800000,4160.36000000,,,,,,,,,,,,,,,,,,,,,,,,,,,,,,,,,,,,,,,,,-0.001351,
0,7,161,0.39600000,0.3923,-0.9343,1774137176641,0.38800000,4069.29000000,0.38700000,63411.56000000,0.38600000,5955.12000000,0.38500000,4723.40000000,0.38400000,7186.99000000,0.38300000,8073.14000000,0.38200000,3617.29000000,0.38100000,513.44000000,0.38000000,52199.12000000,0.37900000,674.34000000,0.38900000,953.73000000,0.39000000,2616.79000000,0.39100000,4438.39000000,0.39200000,2598.99000000,0.39300000,1762.80000000,0.39400000,1470.31000000,0.39500000,511.28000000,0.39600000,4006.98000000,0.39700000,3780.67000000,0.39800000,4105.06000000,,,,,,,,,,,,,,,,,,,,,,,,,,,,,,,,,,,,,,,,,-0.001351,
0,7,161,0.39600000,0.3923,-0.9343,1774137176942,0.38800000,4069.29000000,0.38700000,63411.56000000,0.38600000,5955.12000000,0.38500000,4723.40000000,0.38400000,7186.99000000,0.38300000,8073.14000000,0.38200000,3617.29000000,0.38100000,513.44000000,0.38000000,52199.12000000,0.37900000,674.34000000,0.38900000,953.73000000,0.39000000,2770.84000000,0.39100000,4348.54000000,0.39200000,2598.99000000,0.39300000,1762.80000000,0.39400000,1470.31000000,0.39500000,511.28000000,0.39600000,4006.98000000,0.39700000,3780.67000000,0.39800000,4105.06000000,,,,,,,,,,,,,,,,,,,,,,,,,,,,,,,,,,,,,,,,,-0.001351,
0,7,161,0.39600000,0.3924,-0.9091,1774137177243,0.38800000,4069.29000000,0.38700000,63411.56000000,0.38600000,5955.12000000,0.38500000,4723.40000000,0.38400000,7579.52000000,0.38300000,8113.75000000,0.38200000,4002.77000000,0.38100000,513.44000000,0.38000000,52199.12000000,0.37900000,674.34000000,0.38900000,953.73000000,0.39000000,2616.79000000,0.39100000,5422.27000000,0.39200000,2598.99000000,0.39300000,1762.80000000,0.39400000,1470.31000000,0.39500000,511.28000000,0.39600000,4006.98000000,0.39700000,3780.67000000,0.39800000,4105.06000000,,,,,,,,,,,,,,,,,,,,,,,,,,,,,,,,,,,,,,,,,-0.001351,
0,7,161,0.39600000,0.3924,-0.9091,1774137177543,0.38800000,2813.83000000,0.38700000,64850.35000000,0.38600000,6905.33000000,0.38500000,4840.78000000,0.38400000,7579.52000000,0.38300000,8113.75000000,0.38200000,4002.77000000,0.38100000,513.44000000,0.38000000,52199.12000000,0.37900000,674.34000000,0.38900000,953.73000000,0.39000000,2616.79000000,0.39100000,4827.77000000,0.39200000,3151.37000000,0.39300000,1681.69000000,0.39400000,1470.31000000,0.39500000,592.65000000,0.39600000,4006.98000000,0.39700000,3780.67000000,0.39800000,4105.06000000,,,,,,,,,,,,,,,,,,,,,,,,,,,,,,,,,,,,,,,,,-0.001351,
0,7,161,0.39600000,0.3929,-0.7828,1774137177844,0.38900000,1147.68000000,0.38800000,5521.15000000,0.38700000,63565.72000000,0.38600000,6200.26000000,0.38500000,4840.78000000,0.38400000,7579.52000000,0.38300000,8137.75000000,0.38200000,4002.77000000,0.38100000,513.44000000,0.38000000,52199.12000000,0.39100000,4133.14000000,0.39200000,2539.64000000,0.39300000,2899.59000000,0.39400000,1551.74000000,0.39500000,592.65000000,0.39600000,3749.58000000,0.39700000,3780.67000000,0.39800000,4105.06000000,0.39900000,5198.19000000,0.40000000,3525.72000000,,,,,,,,,,,,,,,,,,,,,,,,,,,,,,,,,,,,,,,,,-0.001351,
0,7,161,0.39600000,0.3929,-0.7828,1774137178145,0.39000000,2651.12000000,0.38900000,3065.89000000,0.38800000,3119.12000000,0.38700000,64720.60000000,0.38600000,6207.09000000,0.38500000,2383.97000000,0.38400000,7572.47000000,0.38300000,8014.94000000,0.38200000,3617.29000000,0.38100000,513.44000000,0.39100000,3159.82000000,0.39200000,3044.52000000,0.39300000,2667.00000000,0.39400000,3417.73000000,0.39500000,511.28000000,0.39600000,3749.58000000,0.39700000,3862.10000000,0.39800000,4105.06000000,0.39900000,5198.19000000,0.40000000,3525.72000000,,,,,,,,,,,,,,,,,,,,,,,,,,,,,,,,,,,,,,,,,-0.001351,
0,7,161,0.39500000,0.393,-0.5063,1774137178445,0.39000000,1016.81000000,0.38900000,1873.80000000,0.38800000,9642.71000000,0.38700000,64485.01000000,0.38600000,5102.54000000,0.38500000,2145.90000000,0.38400000,7572.47000000,0.38300000,8014.94000000,0.38200000,3617.29000000,0.38100000,513.44000000,0.39100000,3141.08000000,0.39200000,2455.09000000,0.39300000,2892.21000000,0.39400000,3970.52000000,0.39500000,511.28000000,0.39600000,3749.58000000,0.39700000,3862.10000000,0.39800000,4105.06000000,0.39900000,5198.19000000,0.40000000,3525.72000000,,,,,,,,,,,,,,,,,,,,,,,,,,,,,,,,,,,,,,,,,-0.001351,
0,7,161,0.39600000,0.3929,-0.7828,1774137178746,0.39000000,382.50000000,0.38900000,1873.80000000,0.38800000,10638.16000000,0.38700000,64485.01000000,0.38600000,6071.32000000,0.38500000,2229.44000000,0.38400000,7572.47000000,0.38300000,8014.94000000,0.38200000,3617.29000000,0.38100000,513.44000000,0.39100000,3141.08000000,0.39200000,3106.71000000,0.39300000,3220.18000000,0.39400000,2860.94000000,0.39500000,511.28000000,0.39600000,3749.58000000,0.39700000,3862.10000000,0.39800000,5110.99000000,0.39900000,5198.19000000,0.40000000,3525.72000000,,,,,,,,,,,,,,,,,,,,,,,,,,,,,,,,,,,,,,,,,-0.001351,
0,7,161,0.39600000,0.3929,-0.7828,1774137179046,0.38900000,948.63000000,0.38800000,2514.06000000,0.38700000,65976.93000000,0.38600000,6216.05000000,0.38500000,2408.57000000,0.38400000,7186.99000000,0.38300000,8014.94000000,0.38200000,3728.42000000,0.38100000,513.44000000,0.38000000,49306.83000000,0.39100000,1157.41000000,0.39200000,2165.76000000,0.39300000,1395.40000000,0.39400000,3107.57000000,0.39500000,2303.66000000,0.39600000,3831.07000000,0.39700000,3607.33000000,0.39800000,5110.99000000,0.39900000,5198.19000000,0.40000000,3525.72000000,,,,,,,,,,,,,,,,,,,,,,,,,,,,,,,,,,,,,,,,,-0.001351,
0,7,161,0.39600000,0.3932,-0.7071,1774137179347,0.38900000,2227.31000000,0.38800000,2734.70000000,0.38700000,64603.71000000,0.38600000,8055.77000000,0.38500000,2383.97000000,0.38400000,7572.47000000,0.38300000,8014.94000000,0.38200000,3728.42000000,0.38100000,513.44000000,0.38000000,49306.83000000,0.39100000,1157.41000000,0.39200000,3899.83000000,0.39300000,1663.50000000,0.39400000,2339.50000000,0.39500000,2303.66000000,0.39600000,3749.58000000,0.39700000,3864.73000000,0.39800000,5110.99000000,0.39900000,5198.19000000,0.40000000,3525.72000000,,,,,,,,,,,,,,,,,,,,,,,,,,,,,,,,,,,,,,,,,-0.001351,
0,7,161,0.39600000,0.3932,-0.7071,1774137179648,0.39000000,382.50000000,0.38900000,2780.86000000,0.38800000,10296.93000000,0.38700000,63411.56000000,0.38600000,8098.23000000,0.38500000,2383.97000000,0.38400000,7572.47000000,0.38300000,8014.94000000,0.38200000,3728.42000000,0.38100000,513.44000000,0.39100000,1639.53000000,0.39200000,5132.55000000,0.39300000,2374.41000000,0.39400000,3422.61000000,0.39500000,511.28000000,0.39600000,3749.58000000,0.39700000,3920.03000000,0.39800000,5110.99000000,0.39900000,5198.19000000,0.40000000,3525.72000000,,,,,,,,,,,,,,,,,,,,,,,,,,,,,,,,,,,,,,,,,-0.001351,
0,7,161,0.39600000,0.3933,-0.6818,1774137179949,0.39000000,536.60000000,0.38900000,1583.73000000,0.38800000,10142.74000000,0.38700000,64602.39000000,0.38600000,6988.16000000,0.38500000,2300.43000000,0.38400000,7572.47000000,0.38300000,8014.94000000,0.38200000,3728.42000000,0.38100000,513.44000000,0.39100000,548.39000000,0.39200000,4543.12000000,0.39300000,3026.03000000,0.39400000,3422.61000000,0.39500000,511.28000000,0.39600000,3749.58000000,0.39700000,3920.03000000,0.39800000,5110.99000000,0.39900000,6713.16000000,0.40000000,3525.72000000,,,,,,,,,,,,,,,,,,,,,,,,,,,,,,,,,,,,,,,,,-0.001351,
0,7,161,0.39600000,0.3933,-0.6818,1774137180250,0.39000000,536.60000000,0.38900000,2520.21000000,0.38800000,8909.29000000,0.38700000,64602.39000000,0.38600000,6988.16000000,0.38500000,2300.43000000,0.38400000,7572.47000000,0.38300000,8014.94000000,0.38200000,3728.42000000,0.38100000,513.44000000,0.39100000,204.25000000,0.39200000,4543.12000000,0.39300000,2296.38000000,0.39400000,2278.13000000,0.39500000,1068.60000000,0.39600000,3831.20000000,0.39700000,4173.22000000,0.39800000,4857.80000000,0.39900000,6713.16000000,0.40000000,3525.72000000,,,,,,,,,,,,,,,,,,,,,,,,,,,,,,,,,,,,,,,,,-0.001351,
0,7,161,0.39600000,0.3933,-0.6818,1774137180550,0.39000000,1093.78000000,0.38900000,2520.21000000,0.38800000,9423.21000000,0.38700000,63528.94000000,0.38600000,6988.16000000,0.38500000,2300.43000000,0.38400000,7572.47000000,0.38300000,8014.94000000,0.38200000,3728.42000000,0.38100000,513.44000000,0.39100000,204.25000000,0.39200000,4289.11000000,0.39300000,2315.12000000,0.39400000,2803.34000000,0.39500000,2276.30000000,0.39600000,3831.20000000,0.39700000,4173.22000000,0.39800000,4857.80000000,0.39900000,6713.16000000,0.40000000,3525.72000000,,,,,,,,,,,,,,,,,,,,,,,,,,,,,,,,,,,,,,,,,-0.001351,
0,7,161,0.39600000,0.3937,-0.5808,1774137180851,0.39100000,382.50000000,0.39000000,2191.35000000,0.38900000,2328.94000000,0.38800000,10336.76000000,0.38700000,63649.56000000,0.38600000,7027.50000000,0.38500000,2408.57000000,0.38400000,7186.99000000,0.38300000,8151.02000000,0.38200000,3728.42000000,0.39200000,3769.19000000,0.39300000,1501.17000000,0.39400000,3079.66000000,0.39500000,4128.34000000,0.39600000,3831.20000000,0.39700000,3915.82000000,0.39800000,4857.80000000,0.39900000,6713.16000000,0.40000000,3525.72000000,0.40100000,3260.24000000,,,,,,,,,,,,,,,,,,,,,,,,,,,,,,,,,,,,,,,,,-0.001351,
0,7,161,0.39600000,0.3938,-0.5556,1774137181151,0.39100000,382.50000000,0.39000000,2106.30000000,0.38900000,1959.22000000,0.38800000,10418.40000000,0.38700000,63649.56000000,0.38600000,7027.50000000,0.38500000,2327.26000000,0.38400000,7186.99000000,0.38300000,8151.02000000,0.38200000,3728.42000000,0.39200000,3769.19000000,0.39300000,1482.43000000,0.39400000,3169.51000000,0.39500000,4128.34000000,0.39600000,3831.20000000,0.39700000,4173.22000000,0.39800000,4857.80000000,0.39900000,6713.16000000,0.40000000,3525.72000000,0.40100000,3260.24000000,,,,,,,,,,,,,,,,,,,,,,,,,,,,,,,,,,,,,,,,,-0.001351,
0,7,161,0.39600000,0.3948,-0.303,1774137181452,0.39100000,382.50000000,0.39000000,2106.30000000,0.38900000,2589.25000000,0.38800000,11421.05000000,0.38700000,63649.56000000,0.38600000,7027.50000000,0.38500000,2327.26000000,0.38400000,7186.99000000,0.38300000,8151.02000000,0.38200000,3728.42000000,0.39200000,3386.69000000,0.39300000,1482.43000000,0.39400000,3169.51000000,0.39500000,4128.34000000,0.39600000,3831.20000000,0.39700000,4173.22000000,0.39800000,4857.80000000,0.39900000,6713.16000000,0.40000000,3525.72000000,0.40100000,3260.24000000,,,,,,,,,,,,,,,,,,,,,,,,,,,,,,,,,,,,,,,,,-0.001351,
0,7,161,0.39600000,0.3959,-0.0253,1774137181753,0.39100000,464.17000000,0.39000000,2106.30000000,0.38900000,2507.70000000,0.38800000,11421.05000000,0.38700000,63649.56000000,0.38600000,7027.50000000,0.38500000,2327.26000000,0.38400000,7186.99000000,0.38300000,8151.02000000,0.38200000,3728.42000000,0.39200000,3386.69000000,0.39300000,1482.43000000,0.39400000,3123.11000000,0.39500000,4128.34000000,0.39600000,3831.20000000,0.39700000,4173.22000000,0.39800000,4857.80000000,0.39900000,6713.16000000,0.40000000,3525.72000000,0.40100000,3260.24000000,,,,,,,,,,,,,,,,,,,,,,,,,,,,,,,,,,,,,,,,,-0.001351,
0,7,161,0.39600000,0.396,0.0,1774137182054,0.39100000,464.17000000,0.39000000,2106.30000000,0.38900000,2507.70000000,0.38800000,11421.05000000,0.38700000,63649.56000000,0.38600000,7027.50000000,0.38500000,2327.26000000,0.38400000,7186.99000000,0.38300000,8151.02000000,0.38200000,2742.66000000,0.39200000,483.63000000,0.39300000,1394.64000000,0.39400000,3233.16000000,0.39500000,1654.89000000,0.39600000,3831.20000000,0.39700000,4648.38000000,0.39800000,4857.80000000,0.39900000,5348.63000000,0.40000000,3525.72000000,0.40100000,3260.24000000,,,,,,,,,,,,,,,,,,,,,,,,,,,,,,,,,,,,,,,,,-0.001351,
0,7,161,0.39600000,0.396,0.0,1774137182354,0.39200000,1091.02000000,0.39100000,1191.40000000,0.39000000,650.62000000,0.38900000,3575.63000000,0.38800000,10350.37000000,0.38700000,63649.56000000,0.38600000,7027.50000000,0.38500000,2327.26000000,0.38400000,7186.99000000,0.38300000,8151.02000000,0.39300000,424.18000000,0.39400000,2562.60000000,0.39500000,1654.89000000,0.39600000,3903.63000000,0.39700000,4390.98000000,0.39800000,4857.80000000,0.39900000,5279.87000000,0.40000000,3525.72000000,0.40100000,3260.24000000,0.40200000,3359.81000000,,,,,,,,,,,,,,,,,,,,,,,,,,,,,,,,,,,,,,,,,-0.001347,
0,7,161,0.39600000,0.3962,0.0505,1774137182654,0.39200000,1091.02000000,0.39100000,1703.57000000,0.39000000,1899.64000000,0.38900000,1811.22000000,0.38800000,10279.63000000,0.38700000,63688.90000000,0.38600000,7135.64000000,0.38500000,1941.78000000,0.38400000,7186.99000000,0.38300000,8151.02000000,0.39300000,424.18000000,0.39400000,1470.31000000,0.39500000,2568.27000000,0.39600000,5314.40000000,0.39700000,6086.37000000,0.39800000,4939.48000000,0.39900000,5279.87000000,0.40000000,4958.40000000,0.40100000,3260.24000000,0.40200000,3471.20000000,,,,,,,,,,,,,,,,,,,,,,,,,,,,,,,,,,,,,,,,,-0.001347,
0,7,161,0.39600000,0.3962,0.0505,1774137182955,0.39300000,1020.75000000,0.39200000,1292.02000000,0.39100000,1940.36000000,0.39000000,795.68000000,0.38900000,995.36000000,0.38800000,4849.70000000,0.38700000,63797.04000000,0.38600000,6750.16000000,0.38500000,1941.78000000,0.38400000,6199.67000000,0.39400000,543.61000000,0.39500000,1676.21000000,0.39600000,5990.16000000,0.39700000,5389.00000000,0.39800000,6586.55000000,0.39900000,5810.05000000,0.40000000,5027.16000000,0.40100000,3341.93000000,0.40200000,3471.20000000,0.40300000,3139.31000000,,,,,,,,,,,,,,,,,,,,,,,,,,,,,,,,,,,,,,,,,-0.001347,
0,7,161,0.39600000,0.3962,0.0505,1774137183255,0.39300000,1020.75000000,0.39200000,1373.72000000,0.39100000,1428.19000000,0.39000000,979.51000000,0.38900000,995.36000000,0.38800000,2768.06000000,0.38700000,63797.04000000,0.38600000,6750.16000000,0.38500000,1941.78000000,0.38400000,5196.26000000,0.39400000,161.11000000,0.39500000,1738.40000000,0.39600000,5990.16000000,0.39700000,5389.00000000,0.39800000,6586.55000000,0.39900000,5810.05000000,0.40000000,5027.16000000,0.40100000,3341.93000000,0.40200000,3471.20000000,0.40300000,3139.31000000,,,,,,,,,,,,,,,,,,,,,,,,,,,,,,,,,,,,,,,,,-0.001347,
0,7,161,0.39600000,0.3965,0.1263,1774137183556,0.39400000,708.57000000,0.39300000,1265.88000000,0.39200000,464.20000000,0.39100000,1435.23000000,0.39000000,979.51000000,0.38900000,995.36000000,0.38800000,2768.06000000,0.38700000,63797.04000000,0.38600000,6750.16000000,0.38500000,1941.78000000,0.39500000,548.39000000,0.39600000,5990.16000000,0.39700000,5389.00000000,0.39800000,6432.47000000,0.39900000,5810.05000000,0.40000000,5027.16000000,0.40100000,3341.93000000,0.40200000,3471.20000000,0.40300000,3139.31000000,0.40400000,3662.24000000,,,,,,,,,,,,,,,,,,,,,,,,,,,,,,,,,,,,,,,,,-0.001347,
0,7,161,0.39700000,0.3968,-0.0504,1774137183856,0.39400000,1274.89000000,0.39300000,1065.16000000,0.39200000,2743.23000000,0.39100000,468.18000000,0.39000000,1009.54000000,0.38900000,1034.70000000,0.38800000,2876.20000000,0.38700000,63411.56000000,0.38600000,6750.16000000,0.38500000,1941.78000000,0.39600000,5160.29000000,0.39700000,7140.75000000,0.39800000,6427.21000000,0.39900000,5554.94000000,0.40000000,5108.86000000,0.40100000,3341.93000000,0.40200000,3359.81000000,0.40300000,3139.31000000,0.40400000,3662.24000000,0.40500000,8194.40000000,,,,,,,,,,,,,,,,,,,,,,,,,,,,,,,,,,,,,,,,,-0.001347,
0,7,161,0.39700000,0.3969,-0.0252,1774137184157,0.39500000,1020.24000000,0.39400000,1274.89000000,0.39300000,1614.00000000,0.39200000,4343.88000000,0.39100000,706.18000000,0.39000000,2993.22000000,0.38900000,1142.84000000,0.38800000,3484.87000000,0.38700000,63411.56000000,0.38600000,6750.16000000,0.39600000,7097.50000000,0.39700000,7227.52000000,0.39800000,7357.08000000,0.39900000,8575.77000000,0.40000000,6632.37000000,0.40100000,3241.93000000,0.40200000,4341.33000000,0.40300000,3139.31000000,0.40400000,3662.24000000,0.40500000,8194.40000000,,,,,,,,,,,,,,,,,,,,,,,,,,,,,,,,,,,,,,,,,-0.001347,
0,7,161,0.39700000,0.3969,-0.0252,1774137184458,0.39400000,1626.52000000,0.39300000,4169.57000000,0.39200000,4343.88000000,0.39100000,1464.09000000,0.39000000,3017.24000000,0.38900000,1211.56000000,0.38800000,3665.54000000,0.38700000,63474.85000000,0.38600000,6813.45000000,0.38500000,1941.78000000,0.39600000,5364.39000000,0.39700000,7549.11000000,0.39800000,6918.12000000,0.39900000,8617.41000000,0.40000000,6632.37000000,0.40100000,3241.93000000,0.40200000,4341.33000000,0.40300000,3139.31000000,0.40400000,3662.24000000,0.40500000,8194.40000000,,,,,,,,,,,,,,,,,,,,,,,,,,,,,,,,,,,,,,,,,-0.001347,
0,7,161,0.39700000,0.3969,-0.0252,1774137184759,0.39400000,1372.51000000,0.39300000,4169.57000000,0.39200000,4343.88000000,0.39100000,1464.09000000,0.39000000,4031.82000000,0.38900000,1211.56000000,0.38800000,3665.54000000,0.38700000,63474.85000000,0.38600000,6813.45000000,0.38500000,1941.78000000,0.39600000,8099.86000000,0.39700000,7666.48000000,0.39800000,6918.12000000,0.39900000,8617.41000000,0.40000000,6632.37000000,0.40100000,3241.93000000,0.40200000,4341.33000000,0.40300000,3139.31000000,0.40400000,3662.24000000,0.40500000,8194.40000000,,,,,,,,,,,,,,,,,,,,,,,,,,,,,,,,,,,,,,,,,-0.001347,
0,7,161,0.39700000,0.3969,-0.0252,1774137185060,0.39400000,1372.51000000,0.39300000,3985.74000000,0.39200000,4343.88000000,0.39100000,1380.55000000,0.39000000,3960.83000000,0.38900000,1097.99000000,0.38800000,3933.64000000,0.38700000,63474.85000000,0.38600000,6813.45000000,0.38500000,1941.78000000,0.39500000,530.21000000,0.39600000,5282.15000000,0.39700000,8057.39000000,0.39800000,6527.21000000,0.39900000,7175.28000000,0.40000000,6632.37000000,0.40100000,3241.93000000,0.40200000,4341.33000000,0.40300000,3139.31000000,0.40400000,3662.24000000,,,,,,,,,,,,,,,,,,,,,,,,,,,,,,,,,,,,,,,,,-0.001347,
0,7,161,0.39700000,0.3969,-0.0252,1774137185360,0.39400000,1372.51000000,0.39300000,3985.74000000,0.39200000,4527.71000000,0.39100000,1394.62000000,0.39000000,3960.83000000,0.38900000,1097.99000000,0.38800000,3933.64000000,0.38700000,63474.85000000,0.38600000,6813.45000000,0.38500000,1941.78000000,0.39600000,5282.15000000,0.39700000,8057.39000000,0.39800000,6527.21000000,0.39900000,6864.56000000,0.40000000,6632.37000000,0.40100000,3241.93000000,0.40200000,4341.33000000,0.40300000,3139.31000000,0.40400000,3662.24000000,0.40500000,8194.40000000,,,,,,,,,,,,,,,,,,,,,,,,,,,,,,,,,,,,,,,,,-0.001347,
0,7,161,0.39700000,0.3969,-0.0252,1774137185661,0.39500000,382.50000000,0.39400000,2317.83000000,0.39300000,4169.57000000,0.39200000,4461.26000000,0.39100000,1515.24000000,0.39000000,4000.17000000,0.38900000,1206.13000000,0.38800000,3548.16000000,0.38700000,63474.85000000,0.38600000,6813.45000000,0.39600000,9256.33000000,0.39700000,7227.52000000,0.39800000,7357.08000000,0.39900000,6864.56000000,0.40000000,6632.37000000,0.40100000,3241.93000000,0.40200000,4341.33000000,0.40300000,3139.31000000,0.40400000,3662.24000000,0.40500000,8194.40000000,,,,,,,,,,,,,,,,,,,,,,,,,,,,,,,,,,,,,,,,,-0.001347,
0,7,161,0.39700000,0.3966,-0.1008,1774137185962,0.39500000,555.41000000,0.39400000,1664.21000000,0.39300000,4013.64000000,0.39200000,4343.88000000,0.39100000,602.87000000,0.39000000,4000.17000000,0.38900000,1206.13000000,0.38800000,3548.16000000,0.38700000,63474.85000000,0.38600000,6873.77000000,0.39600000,4806.25000000,0.39700000,7227.52000000,0.39800000,7357.08000000,0.39900000,7372.28000000,0.40000000,6631.67000000,0.40100000,3241.93000000,0.40200000,4411.30000000,0.40300000,4415.87000000,0.40400000,3662.24000000,0.40500000,8194.40000000,,,,,,,,,,,,,,,,,,,,,,,,,,,,,,,,,,,,,,,,,-0.001347,
0,7,161,0.39700000,0.3966,-0.1008,1774137186263,0.39500000,1263.60000000,0.39400000,1664.21000000,0.39300000,4013.64000000,0.39200000,4343.88000000,0.39100000,720.25000000,0.39000000,4000.17000000,0.38900000,1206.13000000,0.38800000,3548.16000000,0.38700000,63474.85000000,0.38600000,6873.77000000,0.39600000,6485.05000000,0.39700000,7227.52000000,0.39800000,7357.08000000,0.39900000,8610.28000000,0.40000000,6631.67000000,0.40100000,3241.93000000,0.40200000,4411.30000000,0.40300000,4415.87000000,0.40400000,3662.24000000,0.40500000,8194.40000000,,,,,,,,,,,,,,,,,,,,,,,,,,,,,,,,,,,,,,,,,-0.001347,
0,7,161,0.39700000,0.3966,-0.1008,1774137186563,0.39500000,1263.60000000,0.39400000,1664.21000000,0.39300000,2013.64000000,0.39200000,4343.88000000,0.39100000,720.25000000,0.39000000,4000.17000000,0.38900000,1206.13000000,0.38800000,3548.16000000,0.38700000,63474.85000000,0.38600000,5884.29000000,0.39600000,4933.15000000,0.39700000,7344.47000000,0.39800000,7357.08000000,0.39900000,7218.53000000,0.40000000,6631.67000000,0.40100000,3241.93000000,0.40200000,4411.30000000,0.40300000,4415.87000000,0.40400000,3662.24000000,0.40500000,8194.40000000,,,,,,,,,,,,,,,,,,,,,,,,,,,,,,,,,,,,,,,,,-0.001347,
0,7,161,0.39700000,0.396,-0.2519,1774137186864,0.39500000,1263.60000000,0.39400000,664.02000000,0.39300000,2013.64000000,0.39200000,4343.88000000,0.39100000,720.25000000,0.39000000,4000.17000000,0.38900000,1206.13000000,0.38800000,3548.16000000,0.38700000,63474.85000000,0.38600000,5884.29000000,0.39600000,6611.95000000,0.39700000,7344.47000000,0.39800000,7357.08000000,0.39900000,7372.22000000,0.40000000,6686.97000000,0.40100000,3241.93000000,0.40200000,4411.30000000,0.40300000,4415.87000000,0.40400000,3662.24000000,0.40500000,8194.40000000,,,,,,,,,,,,,,,,,,,,,,,,,,,,,,,,,,,,,,,,,-0.001347,
0,7,161,0.39700000,0.396,-0.2519,1774137187165,0.39500000,1263.60000000,0.39400000,1603.13000000,0.39300000,2027.64000000,0.39200000,4343.88000000,0.39100000,720.25000000,0.39000000,4000.17000000,0.38900000,1206.13000000,0.38800000,3548.16000000,0.38700000,63474.85000000,0.38600000,5884.29000000,0.39600000,6865.14000000,0.39700000,7091.28000000,0.39800000,7357.08000000,0.39900000,7218.53000000,0.40000000,6686.97000000,0.40100000,3241.93000000,0.40200000,4411.30000000,0.40300000,4415.87000000,0.40400000,3662.24000000,0.40500000,8194.40000000,,,,,,,,,,,,,,,,,,,,,,,,,,,,,,,,,,,,,,,,,-0.001347,
0,7,161,0.39700000,0.3961,-0.2267,1774137187466,0.39500000,1263.60000000,0.39400000,1603.13000000,0.39300000,2027.64000000,0.39200000,4343.88000000,0.39100000,720.25000000,0.39000000,4000.17000000,0.38900000,1206.13000000,0.38800000,3548.16000000,0.38700000,63474.85000000,0.38600000,5884.29000000,0.39600000,6865.14000000,0.39700000,7091.28000000,0.39800000,7357.08000000,0.39900000,7218.53000000,0.40000000,6686.97000000,0.40100000,3241.93000000,0.40200000,4411.30000000,0.40300000,4415.87000000,0.40400000,3662.24000000,0.40500000,8194.40000000,,,,,,,,,,,,,,,,,,,,,,,,,,,,,,,,,,,,,,,,,-0.001347,
0,7,161,0.39700000,0.3961,-0.2267,1774137187766,0.39500000,1196.82000000,0.39400000,1621.84000000,0.39300000,4027.64000000,0.39200000,4343.88000000,0.39100000,720.25000000,0.39000000,4000.17000000,0.38900000,1206.13000000,0.38800000,3548.16000000,0.38700000,63474.85000000,0.38600000,6881.67000000,0.39600000,6865.14000000,0.39700000,7215.34000000,0.39800000,7510.63000000,0.39900000,7218.53000000,0.40000000,7924.97000000,0.40100000,3241.93000000,0.40200000,4411.30000000,0.40300000,4415.87000000,0.40400000,3662.24000000,0.40500000,8194.40000000,,,,,,,,,,,,,,,,,,,,,,,,,,,,,,,,,,,,,,,,,-0.001347,
0,7,161,0.39700000,0.3961,-0.2267,1774137188067,0.39500000,1196.82000000,0.39400000,1621.84000000,0.39300000,4027.64000000,0.39200000,4343.88000000,0.39100000,720.25000000,0.39000000,4000.17000000,0.38900000,1206.13000000,0.38800000,3548.16000000,0.38700000,63474.85000000,0.38600000,6881.67000000,0.39600000,6865.14000000,0.39700000,7215.34000000,0.39800000,7510.63000000,0.39900000,7218.53000000,0.40000000,7924.97000000,0.40100000,3241.93000000,0.40200000,4411.30000000,0.40300000,4415.87000000,0.40400000,3662.24000000,0.40500000,8194.40000000,,,,,,,,,,,,,,,,,,,,,,,,,,,,,,,,,,,,,,,,,-0.001347,
0,7,161,0.39700000,0.3961,-0.2267,1774137188367,0.39500000,1196.82000000,0.39400000,1621.84000000,0.39300000,4027.64000000,0.39200000,4343.88000000,0.39100000,720.25000000,0.39000000,4000.17000000,0.38900000,1206.13000000,0.38800000,3548.16000000,0.38700000,63474.85000000,0.38600000,6881.67000000,0.39600000,7268.45000000,0.39700000,6974.33000000,0.39800000,7510.63000000,0.39900000,7218.53000000,0.40000000,7924.97000000,0.40100000,3241.93000000,0.40200000,4411.30000000,0.40300000,4415.87000000,0.40400000,3662.24000000,0.40500000,8194.40000000,,,,,,,,,,,,,,,,,,,,,,,,,,,,,,,,,,,,,,,,,-0.001347,
0,7,161,0.39700000,0.3961,-0.2267,1774137188668,0.39500000,1196.82000000,0.39400000,1621.84000000,0.39300000,4027.64000000,0.39200000,4343.88000000,0.39100000,720.25000000,0.39000000,4000.17000000,0.38900000,1206.13000000,0.38800000,3548.16000000,0.38700000,63474.85000000,0.38600000,6881.67000000,0.39600000,6738.24000000,0.39700000,6974.33000000,0.39800000,7510.63000000,0.39900000,7218.53000000,0.40000000,7924.97000000,0.40100000,3241.93000000,0.40200000,4411.30000000,0.40300000,4415.87000000,0.40400000,3662.24000000,0.40500000,8194.40000000,,,,,,,,,,,,,,,,,,,,,,,,,,,,,,,,,,,,,,,,,-0.001347,
0,7,161,0.39700000,0.3965,-0.1259,1774137188969,0.39500000,1298.30000000,0.39400000,4964.23000000,0.39300000,3555.80000000,0.39200000,3284.12000000,0.39100000,720.25000000,0.39000000,4000.17000000,0.38900000,1206.13000000,0.38800000,3548.16000000,0.38700000,63474.85000000,0.38600000,3906.63000000,0.39700000,6974.33000000,0.39800000,7257.08000000,0.39900000,6663.92000000,0.40000000,7287.82000000,0.40100000,3160.24000000,0.40200000,4341.33000000,0.40300000,4497.46000000,0.40400000,4701.59000000,0.40500000,8194.40000000,0.40600000,4463.98000000,,,,,,,,,,,,,,,,,,,,,,,,,,,,,,,,,,,,,,,,,-0.001347,
0,7,161,0.39700000,0.3965,-0.1259,1774137189269,0.39600000,81.56000000,0.39500000,4494.21000000,0.39400000,5080.32000000,0.39300000,3287.44000000,0.39200000,3284.12000000,0.39100000,874.78000000,0.39000000,4113.74000000,0.38900000,938.03000000,0.38800000,3548.16000000,0.38700000,63474.85000000,0.39700000,5941.50000000,0.39800000,6866.17000000,0.39900000,7054.83000000,0.40000000,7066.57000000,0.40100000,4268.03000000,0.40200000,4422.92000000,0.40300000,4497.46000000,0.40400000,4701.59000000,0.40500000,8194.40000000,0.40600000,4463.98000000,,,,,,,,,,,,,,,,,,,,,,,,,,,,,,,,,,,,,,,,,-0.001347,
0,7,161,0.39700000,0.3965,-0.1259,1774137189570,0.39600000,547.29000000,0.39500000,4593.73000000,0.39400000,4980.80000000,0.39300000,3404.82000000,0.39200000,3355.04000000,0.39100000,809.29000000,0.39000000,4108.31000000,0.38900000,820.65000000,0.38800000,3548.16000000,0.38700000,63474.85000000,0.39700000,5941.50000000,0.39800000,6427.21000000,0.39900000,7493.79000000,0.40000000,7066.57000000,0.40100000,4268.03000000,0.40200000,4422.92000000,0.40300000,4497.46000000,0.40400000,4701.59000000,0.40500000,8194.40000000,0.40600000,4463.98000000,,,,,,,,,,,,,,,,,,,,,,,,,,,,,,,,,,,,,,,,,-0.001347,
0,7,161,0.39700000,0.3965,-0.1259,1774137189871,0.39600000,164.79000000,0.39500000,4494.21000000,0.39400000,5080.32000000,0.39300000,3404.82000000,0.39200000,3355.04000000,0.39100000,809.29000000,0.39000000,4108.31000000,0.38900000,820.65000000,0.38800000,3548.16000000,0.38700000,63474.85000000,0.39700000,6060.68000000,0.39800000,6427.21000000,0.39900000,8047.41000000,0.40000000,8311.57000000,0.40100000,3714.21000000,0.40200000,4422.92000000,0.40300000,4497.46000000,0.40400000,4701.59000000,0.40500000,8194.40000000,0.40600000,4463.98000000,,,,,,,,,,,,,,,,,,,,,,,,,,,,,,,,,,,,,,,,,-0.001347,
0,7,161,0.39700000,0.3968,-0.0504,1774137190171,0.39600000,547.29000000,0.39500000,5147.08000000,0.39400000,5481.11000000,0.39300000,3404.82000000,0.39200000,3355.04000000,0.39100000,809.29000000,0.39000000,4108.31000000,0.38900000,820.65000000,0.38800000,3548.16000000,0.38700000,63474.85000000,0.39700000,3525.90000000,0.39800000,6427.21000000,0.39900000,8357.96000000,0.40000000,7466.66000000,0.40100000,4959.21000000,0.40200000,4422.92000000,0.40300000,4497.46000000,0.40400000,4701.59000000,0.40500000,8194.40000000,0.40600000,4463.98000000,,,,,,,,,,,,,,,,,,,,,,,,,,,,,,,,,,,,,,,,,-0.001347,
0,7,161,0.39700000,0.3968,-0.0504,1774137190472,0.39600000,547.29000000,0.39500000,5147.08000000,0.39400000,5481.11000000,0.39300000,3404.82000000,0.39200000,3355.04000000,0.39100000,809.29000000,0.39000000,4108.31000000,0.38900000,820.65000000,0.38800000,3548.16000000,0.38700000,63474.85000000,0.39700000,3525.90000000,0.39800000,6427.21000000,0.39900000,8357.96000000,0.40000000,7466.66000000,0.40100000,4959.21000000,0.40200000,4422.92000000,0.40300000,4497.46000000,0.40400000,4701.59000000,0.40500000,8194.40000000,0.40600000,4463.98000000,,,,,,,,,,,,,,,,,,,,,,,,,,,,,,,,,,,,,,,,,-0.001347,
0,7,161,0.39700000,0.3968,-0.0504,1774137190773,0.39600000,547.29000000,0.39500000,5147.08000000,0.39400000,5481.11000000,0.39300000,3404.82000000,0.39200000,3355.04000000,0.39100000,872.42000000,0.39000000,4108.31000000,0.38900000,820.65000000,0.38800000,3548.16000000,0.38700000,63474.85000000,0.39700000,3525.90000000,0.39800000,6427.21000000,0.39900000,8357.91000000,0.40000000,7466.66000000,0.40100000,4959.21000000,0.40200000,4422.92000000,0.40300000,4497.46000000,0.40400000,4701.59000000,0.40500000,8194.40000000,0.40600000,4463.98000000,,,,,,,,,,,,,,,,,,,,,,,,,,,,,,,,,,,,,,,,,-0.001347,
0,7,161,0.39700000,0.3968,-0.0504,1774137191074,0.39500000,4438.54000000,0.39400000,6268.85000000,0.39300000,3287.44000000,0.39200000,3284.12000000,0.39100000,937.91000000,0.39000000,4113.74000000,0.38900000,938.03000000,0.38800000,3548.16000000,0.38700000,63474.85000000,0.38600000,3906.63000000,0.39700000,4558.73000000,0.39800000,6866.17000000,0.39900000,7760.66000000,0.40000000,7548.12000000,0.40100000,4405.24000000,0.40200000,4341.33000000,0.40300000,4497.46000000,0.40400000,4701.59000000,0.40500000,8194.40000000,0.40600000,4463.98000000,,,,,,,,,,,,,,,,,,,,,,,,,,,,,,,,,,,,,,,,,-0.001347,
0,7,161,0.39700000,0.3968,-0.0504,1774137191374,0.39600000,152.99000000,0.39500000,4438.54000000,0.39400000,6115.73000000,0.39300000,3404.82000000,0.39200000,3355.04000000,0.39100000,872.42000000,0.39000000,4108.31000000,0.38900000,820.65000000,0.38800000,3548.16000000,0.38700000,63474.85000000,0.39700000,3609.13000000,0.39800000,6427.21000000,0.39900000,7646.91000000,0.40000000,8303.81000000,0.40100000,4405.24000000,0.40200000,4341.33000000,0.40300000,4497.46000000,0.40400000,4701.59000000,0.40500000,8194.40000000,0.40600000,4463.98000000,,,,,,,,,,,,,,,,,,,,,,,,,,,,,,,,,,,,,,,,,-0.001347,
0,7,161,0.39700000,0.3968,-0.0504,1774137191674,0.39500000,2600.62000000,0.39400000,6215.25000000,0.39300000,3360.41000000,0.39200000,3355.04000000,0.39100000,872.42000000,0.39000000,4108.31000000,0.38900000,820.65000000,0.38800000,3548.16000000,0.38700000,63574.85000000,0.38600000,3906.63000000,0.39700000,5249.21000000,0.39800000,7404.27000000,0.39900000,7493.79000000,0.40000000,8303.81000000,0.40100000,4405.24000000,0.40200000,4341.33000000,0.40300000,4497.46000000,0.40400000,4701.59000000,0.40500000,8194.40000000,0.40600000,4463.98000000,,,,,,,,,,,,,,,,,,,,,,,,,,,,,,,,,,,,,,,,,-0.001347,
0,7,161,0.39700000,0.3968,-0.0504,1774137191975,0.39500000,2780.19000000,0.39400000,6242.76000000,0.39300000,3243.03000000,0.39200000,3284.12000000,0.39100000,937.91000000,0.39000000,4113.74000000,0.38900000,938.03000000,0.38800000,3548.16000000,0.38700000,63574.85000000,0.38600000,3906.63000000,0.39700000,5191.56000000,0.39800000,7843.23000000,0.39900000,7207.80000000,0.40000000,8303.81000000,0.40100000,4405.24000000,0.40200000,4341.33000000,0.40300000,4497.46000000,0.40400000,4701.59000000,0.40500000,8194.40000000,0.40600000,4463.98000000,,,,,,,,,,,,,,,,,,,,,,,,,,,,,,,,,,,,,,,,,-0.001347,
0,7,161,0.39700000,0.3968,-0.0504,1774137192276,0.39500000,2780.19000000,0.39400000,6242.76000000,0.39300000,3243.03000000,0.39200000,3284.12000000,0.39100000,937.91000000,0.39000000,4113.74000000,0.38900000,938.03000000,0.38800000,3548.16000000,0.38700000,63574.85000000,0.38600000,3906.63000000,0.39700000,5176.45000000,0.39800000,7843.23000000,0.39900000,7207.80000000,0.40000000,8303.81000000,0.40100000,4405.24000000,0.40200000,4341.33000000,0.40300000,4497.46000000,0.40400000,4701.59000000,0.40500000,8194.40000000,0.40600000,4463.98000000,,,,,,,,,,,,,,,,,,,,,,,,,,,,,,,,,,,,,,,,,-0.001347,
0,7,161,0.39700000,0.3968,-0.0504,1774137192577,0.39500000,2780.19000000,0.39400000,6242.76000000,0.39300000,3243.03000000,0.39200000,3284.12000000,0.39100000,937.91000000,0.39000000,4113.74000000,0.38900000,938.03000000,0.38800000,3548.16000000,0.38700000,63574.85000000,0.38600000,3906.63000000,0.39700000,5176.45000000,0.39800000,7843.23000000,0.39900000,7207.80000000,0.40000000,8303.81000000,0.40100000,4405.24000000,0.40200000,4341.33000000,0.40300000,4497.46000000,0.40400000,5138.78000000,0.40500000,8194.40000000,0.40600000,4463.98000000,,,,,,,,,,,,,,,,,,,,,,,,,,,,,,,,,,,,,,,,,-0.001347,
0,7,161,0.39700000,0.3968,-0.0504,1774137192877,0.39500000,660.90000000,0.39400000,6395.48000000,0.39300000,3243.03000000,0.39200000,3284.12000000,0.39100000,937.91000000,0.39000000,4113.74000000,0.38900000,938.03000000,0.38800000,3548.16000000,0.38700000,63574.85000000,0.38600000,3906.63000000,0.39700000,5307.48000000,0.39800000,7843.23000000,0.39900000,7054.83000000,0.40000000,8303.81000000,0.40100000,4405.24000000,0.40200000,4341.33000000,0.40300000,4497.46000000,0.40400000,5138.78000000,0.40500000,8194.40000000,0.40600000,4463.98000000,,,,,,,,,,,,,,,,,,,,,,,,,,,,,,,,,,,,,,,,,-0.001347,
0,7,161,0.39700000,0.3968,-0.0504,1774137193178,0.39500000,1118.57000000,0.39400000,6211.65000000,0.39300000,3243.03000000,0.39200000,3284.12000000,0.39100000,783.38000000,0.39000000,4000.17000000,0.38900000,1206.13000000,0.38800000,3548.16000000,0.38700000,63574.85000000,0.38600000,3906.63000000,0.39600000,465.73000000,0.39700000,5307.48000000,0.39800000,8234.14000000,0.39900000,6816.73000000,0.40000000,8303.81000000,0.40100000,4405.24000000,0.40200000,4341.33000000,0.40300000,4497.46000000,0.40400000,5138.78000000,0.40500000,8194.40000000,,,,,,,,,,,,,,,,,,,,,,,,,,,,,,,,,,,,,,,,,-0.001347,
0,7,161,0.39700000,0.397,0.0,1774137193478,0.39500000,566.24000000,0.39400000,4769.91000000,0.39300000,4484.06000000,0.39200000,3284.12000000,0.39100000,783.38000000,0.39000000,4000.17000000,0.38900000,1206.13000000,0.38800000,3548.16000000,0.38700000,63574.85000000,0.38600000,3906.63000000,0.39600000,440.15000000,0.39700000,5307.48000000,0.39800000,8234.14000000,0.39900000,7368.72000000,0.40000000,6885.05000000,0.40100000,4405.24000000,0.40200000,4341.33000000,0.40300000,4497.46000000,0.40400000,4199.43000000,0.40500000,8194.40000000,,,,,,,,,,,,,,,,,,,,,,,,,,,,,,,,,,,,,,,,,-0.001347,
0,7,161,0.39700000,0.3971,0.0252,1774137193780,0.39500000,382.50000000,0.39400000,649.16000000,0.39300000,5740.16000000,0.39200000,3284.12000000,0.39100000,720.25000000,0.39000000,4000.17000000,0.38900000,1206.13000000,0.38800000,3548.16000000,0.38700000,63574.85000000,0.38600000,3906.63000000,0.39600000,509.92000000,0.39700000,5307.48000000,0.39800000,7808.53000000,0.39900000,8463.61000000,0.40000000,6332.36000000,0.40100000,3160.24000000,0.40200000,4341.33000000,0.40300000,4497.46000000,0.40400000,4199.43000000,0.40500000,8194.40000000,,,,,,,,,,,,,,,,,,,,,,,,,,,,,,,,,,,,,,,,,-0.001347,
0,7,161,0.39700000,0.3971,0.0252,1774137194081,0.39500000,1086.97000000,0.39400000,2033.65000000,0.39300000,5035.52000000,0.39200000,3284.12000000,0.39100000,720.25000000,0.39000000,4000.17000000,0.38900000,1206.13000000,0.38800000,3548.16000000,0.38700000,63574.85000000,0.38600000,3906.63000000,0.39600000,469.66000000,0.39700000,5307.48000000,0.39800000,8061.17000000,0.39900000,8463.61000000,0.40000000,6232.36000000,0.40100000,3160.24000000,0.40200000,4341.33000000,0.40300000,4497.46000000,0.40400000,4199.43000000,0.40500000,8194.40000000,,,,,,,,,,,,,,,,,,,,,,,,,,,,,,,,,,,,,,,,,-0.001347,
0,7,161,0.39700000,0.3971,0.0252,1774137194381,0.39400000,1353.63000000,0.39300000,5035.52000000,0.39200000,3284.12000000,0.39100000,720.25000000,0.39000000,4000.17000000,0.38900000,1206.13000000,0.38800000,3548.16000000,0.38700000,63574.85000000,0.38600000,3906.63000000,0.38500000,1941.78000000,0.39600000,1069.08000000,0.39700000,5307.48000000,0.39800000,7509.72000000,0.39900000,9015.05000000,0.40000000,6232.36000000,0.40100000,3160.24000000,0.40200000,4341.33000000,0.40300000,4497.46000000,0.40400000,4199.43000000,0.40500000,8194.40000000,,,,,,,,,,,,,,,,,,,,,,,,,,,,,,,,,,,,,,,,,-0.001347,
0,7,161,0.39700000,0.3968,-0.0504,1774137194682,0.39500000,382.50000000,0.39400000,2612.31000000,0.39300000,5035.52000000,0.39200000,3284.12000000,0.39100000,565.79000000,0.39000000,4031.82000000,0.38900000,1211.56000000,0.38800000,3665.54000000,0.38700000,63574.85000000,0.38600000,3906.63000000,0.39600000,426.69000000,0.39700000,5812.28000000,0.39800000,6918.12000000,0.39900000,9015.05000000,0.40000000,4717.39000000,0.40100000,3160.24000000,0.40200000,4341.33000000,0.40300000,4497.46000000,0.40400000,4199.43000000,0.40500000,8194.40000000,,,,,,,,,,,,,,,,,,,,,,,,,,,,,,,,,,,,,,,,,-0.001347,
0,7,161,0.40000000,0.3968,-0.8,1774137194983,0.39500000,382.50000000,0.39400000,2612.31000000,0.39300000,5035.52000000,0.39200000,3401.50000000,0.39100000,666.16000000,0.39000000,4000.17000000,0.38900000,1206.13000000,0.38800000,3548.16000000,0.38700000,63574.85000000,0.38600000,3906.63000000,0.39600000,484.34000000,0.39700000,5807.48000000,0.39800000,7509.64000000,0.39900000,9015.05000000,0.40000000,4717.39000000,0.40100000,3160.24000000,0.40200000,4410.09000000,0.40300000,4497.46000000,0.40400000,4199.43000000,0.40500000,8194.40000000,,,,,,,,,,,,,,,,,,,,,,,,,,,,,,,,,,,,,,,,,-0.001347,
0,7,161,0.40000000,0.3968,-0.8,1774137195284,0.39500000,382.50000000,0.39400000,2612.31000000,0.39300000,5035.52000000,0.39200000,3284.12000000,0.39100000,783.54000000,0.39000000,4000.17000000,0.38900000,1206.13000000,0.38800000,3548.16000000,0.38700000,63574.85000000,0.38600000,3906.63000000,0.39600000,469.66000000,0.39700000,5807.48000000,0.39800000,7357.08000000,0.39900000,9015.05000000,0.40000000,4717.39000000,0.40100000,3160.24000000,0.40200000,4410.09000000,0.40300000,4497.46000000,0.40400000,4199.43000000,0.40500000,8194.40000000,,,,,,,,,,,,,,,,,,,,,,,,,,,,,,,,,,,,,,,,,-0.001347,
0,7,161,0.40000000,0.3968,-0.8,1774137195585,0.39500000,382.50000000,0.39400000,2612.31000000,0.39300000,5035.52000000,0.39200000,3284.12000000,0.39100000,783.54000000,0.39000000,4000.17000000,0.38900000,1206.13000000,0.38800000,3548.16000000,0.38700000,63574.85000000,0.38600000,4875.37000000,0.39600000,1478.66000000,0.39700000,5807.48000000,0.39800000,7509.62000000,0.39900000,9015.05000000,0.40000000,4717.39000000,0.40100000,3160.24000000,0.40200000,5856.30000000,0.40300000,4497.46000000,0.40400000,4199.43000000,0.40500000,8194.40000000,,,,,,,,,,,,,,,,,,,,,,,,,,,,,,,,,,,,,,,,,-0.001347,
0,7,161,0.40000000,0.3968,-0.8,1774137195886,0.39500000,382.50000000,0.39400000,2612.31000000,0.39300000,5035.52000000,0.39200000,3284.12000000,0.39100000,783.54000000,0.39000000,4000.17000000,0.38900000,1206.13000000,0.38800000,3548.16000000,0.38700000,63574.85000000,0.38600000,5874.11000000,0.39600000,1478.66000000,0.39700000,6806.22000000,0.39800000,7509.62000000,0.39900000,9015.05000000,0.40000000,4717.39000000,0.40100000,3160.24000000,0.40200000,5856.30000000,0.40300000,4497.46000000,0.40400000,4199.43000000,0.40500000,8194.40000000,,,,,,,,,,,,,,,,,,,,,,,,,,,,,,,,,,,,,,,,,-0.001347,
0,7,161,0.40000000,0.3968,-0.8,1774137196187,0.39500000,382.50000000,0.39400000,2612.31000000,0.39300000,5035.52000000,0.39200000,3284.12000000,0.39100000,783.54000000,0.39000000,4000.17000000,0.38900000,1206.13000000,0.38800000,3548.16000000,0.38700000,63574.85000000,0.38600000,5874.11000000,0.39600000,1461.27000000,0.39700000,6806.22000000,0.39800000,7509.62000000,0.39900000,9015.05000000,0.40000000,4717.39000000,0.40100000,3160.24000000,0.40200000,5856.30000000,0.40300000,4497.46000000,0.40400000,4199.43000000,0.40500000,8194.40000000,,,,,,,,,,,,,,,,,,,,,,,,,,,,,,,,,,,,,,,,,-0.001347,
0,7,161,0.40000000,0.3968,-0.8,1774137196487,0.39500000,382.50000000,0.39400000,2612.31000000,0.39300000,5035.52000000,0.39200000,3284.12000000,0.39100000,783.54000000,0.39000000,4000.17000000,0.38900000,1206.13000000,0.38800000,3548.16000000,0.38700000,63574.85000000,0.38600000,5874.11000000,0.39600000,1478.66000000,0.39700000,6806.22000000,0.39800000,7609.62000000,0.39900000,7767.35000000,0.40000000,4717.39000000,0.40100000,3160.24000000,0.40200000,5856.30000000,0.40300000,4497.46000000,0.40400000,4199.43000000,0.40500000,8194.40000000,,,,,,,,,,,,,,,,,,,,,,,,,,,,,,,,,,,,,,,,,-0.001347,
0,7,161,0.40000000,0.3969,-0.775,1774137196788,0.39500000,382.50000000,0.39400000,2612.31000000,0.39300000,5035.52000000,0.39200000,3284.12000000,0.39100000,783.54000000,0.39000000,4100.17000000,0.38900000,1206.13000000,0.38800000,3548.16000000,0.38700000,63574.85000000,0.38600000,6788.88000000,0.39600000,1453.08000000,0.39700000,7720.99000000,0.39800000,8009.58000000,0.39900000,8070.35000000,0.40000000,4717.39000000,0.40100000,3160.24000000,0.40200000,5856.30000000,0.40300000,4497.46000000,0.40400000,4199.43000000,0.40500000,8194.40000000,,,,,,,,,,,,,,,,,,,,,,,,,,,,,,,,,,,,,,,,,-0.001347,
0,7,161,0.40000000,0.3969,-0.775,1774137197089,0.39500000,382.50000000,0.39400000,2612.31000000,0.39300000,5035.52000000,0.39200000,3284.12000000,0.39100000,783.54000000,0.39000000,4100.17000000,0.38900000,1206.13000000,0.38800000,3548.16000000,0.38700000,63574.85000000,0.38600000,6788.88000000,0.39600000,1478.66000000,0.39700000,7720.99000000,0.39800000,8009.58000000,0.39900000,9378.25000000,0.40000000,4717.39000000,0.40100000,3160.24000000,0.40200000,5856.30000000,0.40300000,4497.46000000,0.40400000,4199.43000000,0.40500000,8194.40000000,,,,,,,,,,,,,,,,,,,,,,,,,,,,,,,,,,,,,,,,,-0.001347,
