spot_source_id,fut_source_id,symbol_id,ask_spot,bid_futures,spread_pct,ts,s_b1,s_b2,s_b3,s_b4,s_b5,s_b6,s_b7,s_b8,s_b9,s_b10,s_bq1,s_bq2,s_bq3,s_bq4,s_bq5,s_bq6,s_bq7,s_bq8,s_bq9,s_bq10,s_a1,s_a2,s_a3,s_a4,s_a5,s_a6,s_a7,s_a8,s_a9,s_a10,s_aq1,s_aq2,s_aq3,s_aq4,s_aq5,s_aq6,s_aq7,s_aq8,s_aq9,s_aq10,f_b1,f_b2,f_b3,f_b4,f_b5,f_b6,f_b7,f_b8,f_b9,f_b10,f_bq1,f_bq2,f_bq3,f_bq4,f_bq5,f_bq6,f_bq7,f_bq8,f_bq9,f_bq10,f_a1,f_a2,f_a3,f_a4,f_a5,f_a6,f_a7,f_a8,f_a9,f_a10,f_aq1,f_aq2,f_aq3,f_aq4,f_aq5,f_aq6,f_aq7,f_aq8,f_aq9,f_aq10,fr_r,fr_ft
0,7,291,0.01009000,0.01006,-0.2973,1774137103000,0.01008000,138429.00000000,0.01007000,246527.00000000,0.01006000,618834.00000000,0.01005000,145954.00000000,0.01004000,1689959.00000000,0.01003000,556144.00000000,0.01002000,167192.00000000,0.01001000,859345.00000000,0.01000000,529735.00000000,0.00999000,1928283.00000000,0.01009000,81491.00000000,0.01010000,476368.00000000,0.01011000,772570.00000000,0.01012000,792988.00000000,0.01013000,1708507.00000000,0.01014000,214971.00000000,0.01015000,238451.00000000,0.01016000,223213.00000000,0.01017000,661698.00000000,0.01018000,2196248.00000000,,,,,,,,,,,,,,,,,,,,,,,,,,,,,,,,,,,,,,,,,,
0,7,291,0.01005000,0.01003,-0.199,1774137104000,0.01004000,110317.00000000,0.01003000,182832.00000000,0.01002000,439563.00000000,0.01001000,720667.00000000,0.01000000,470802.00000000,0.00999000,114088.00000000,0.00998000,1258673.00000000,0.00997000,224883.00000000,0.00996000,273499.00000000,0.00995000,749596.00000000,0.01005000,19526.00000000,0.01006000,296312.00000000,0.01007000,402084.00000000,0.01008000,838644.00000000,0.01009000,260773.00000000,0.01010000,227476.00000000,0.01011000,309944.00000000,0.01012000,256991.00000000,0.01013000,249633.00000000,0.01014000,158460.00000000,,,,,,,,,,,,,,,,,,,,,,,,,,,,,,,,,,,,,,,,,0.00005,
0,7,291,0.01005000,0.01003,-0.199,1774137105000,0.01004000,82089.00000000,0.01003000,232897.00000000,0.01002000,439563.00000000,0.01001000,622061.00000000,0.01000000,526565.00000000,0.00999000,137613.00000000,0.00998000,1250108.00000000,0.00997000,224883.00000000,0.00996000,273499.00000000,0.00995000,503500.00000000,0.01005000,22239.00000000,0.01006000,302061.00000000,0.01007000,385805.00000000,0.01008000,1046508.00000000,0.01009000,334622.00000000,0.01010000,124939.00000000,0.01011000,211012.00000000,0.01012000,451558.00000000,0.01013000,251586.00000000,0.01014000,267161.00000000,,,,,,,,,,,,,,,,,,,,,,,,,,,,,,,,,,,,,,,,,,
0,7,291,0.01006000,0.01003,-0.2982,1774137106000,0.01005000,58327.00000000,0.01004000,136041.00000000,0.01003000,227293.00000000,0.01002000,439563.00000000,0.01001000,2068866.00000000,0.01000000,446157.00000000,0.00999000,267534.00000000,0.00998000,1253681.00000000,0.00997000,224883.00000000,0.00996000,1836237.00000000,0.01006000,187362.00000000,0.01007000,438915.00000000,0.01008000,639513.00000000,0.01009000,692419.00000000,0.01010000,1604257.00000000,0.01011000,246041.00000000,0.01012000,221962.00000000,0.01013000,251586.00000000,0.01014000,267161.00000000,0.01015000,1670674.00000000,,,,,,,,,,,,,,,,,,,,,,,,,,,,,,,,,,,,,,,,,,
0,7,291,0.01006000,0.01003,-0.2982,1774137107000,0.01004000,101437.00000000,0.01003000,214735.00000000,0.01002000,439563.00000000,0.01001000,622061.00000000,0.01000000,1951904.00000000,0.00999000,138051.00000000,0.00998000,1253444.00000000,0.00997000,324772.00000000,0.00996000,474941.00000000,0.00995000,2066238.00000000,0.01005000,68210.00000000,0.01006000,287281.00000000,0.01007000,596333.00000000,0.01008000,848371.00000000,0.01009000,1828171.00000000,0.01010000,115193.00000000,0.01011000,211012.00000000,0.01012000,256991.00000000,0.01013000,195842.00000000,0.01014000,1777228.00000000,,,,,,,,,,,,,,,,,,,,,,,,,,,,,,,,,,,,,,,,,,
0,7,291,0.01006000,0.01003,-0.2982,1774137108000,0.01004000,113432.00000000,0.01003000,177293.00000000,0.01002000,439563.00000000,0.01001000,622061.00000000,0.01000000,1951904.00000000,0.00999000,238051.00000000,0.00998000,1253444.00000000,0.00997000,324772.00000000,0.00996000,474941.00000000,0.00995000,2066238.00000000,0.01006000,236920.00000000,0.01007000,510797.00000000,0.01008000,959473.00000000,0.01009000,499893.00000000,0.01010000,1597373.00000000,0.01011000,261049.00000000,0.01012000,221962.00000000,0.01013000,254680.00000000,0.01014000,1777228.00000000,0.01015000,166004.00000000,,,,,,,,,,,,,,,,,,,,,,,,,,,,,,,,,,,,,,,,,,
0,7,291,0.01005000,0.01003,-0.199,1774137109000,0.01005000,32685.00000000,0.01004000,164712.00000000,0.01003000,177298.00000000,0.01002000,439563.00000000,0.01001000,2068866.00000000,0.01000000,505099.00000000,0.00999000,238051.00000000,0.00998000,1353623.00000000,0.00997000,324772.00000000,0.00996000,2087617.00000000,0.01006000,209815.00000000,0.01007000,410797.00000000,0.01008000,953003.00000000,0.01009000,594746.00000000,0.01010000,1660348.00000000,0.01011000,309414.00000000,0.01012000,221962.00000000,0.01013000,254680.00000000,0.01014000,1777228.00000000,0.01015000,166004.00000000,,,,,,,,,,,,,,,,,,,,,,,,,,,,,,,,,,,,,,,,,,
0,7,291,0.01005000,0.01003,-0.199,1774137110000,0.01005000,32685.00000000,0.01004000,214712.00000000,0.01003000,177298.00000000,0.01002000,439563.00000000,0.01001000,2068866.00000000,0.01000000,505099.00000000,0.00999000,238051.00000000,0.00998000,1353623.00000000,0.00997000,324772.00000000,0.00996000,2087617.00000000,0.01006000,312252.00000000,0.01007000,410797.00000000,0.01008000,640507.00000000,0.01009000,712247.00000000,0.01010000,1611265.00000000,0.01011000,261049.00000000,0.01012000,221962.00000000,0.01013000,254680.00000000,0.01014000,1777228.00000000,0.01015000,166004.00000000,,,,,,,,,,,,,,,,,,,,,,,,,,,,,,,,,,,,,,,,,,
0,7,291,0.01006000,0.01003,-0.2982,1774137112000,0.01005000,29700.00000000,0.01004000,164712.00000000,0.01003000,177298.00000000,0.01002000,439563.00000000,0.01001000,2068866.00000000,0.01000000,505099.00000000,0.00999000,238051.00000000,0.00998000,1353623.00000000,0.00997000,324772.00000000,0.00996000,2087617.00000000,0.01006000,312252.00000000,0.01007000,410797.00000000,0.01008000,740804.00000000,0.01009000,809280.00000000,0.01010000,1611265.00000000,0.01011000,226020.00000000,0.01012000,256991.00000000,0.01013000,254680.00000000,0.01014000,1777228.00000000,0.01015000,166004.00000000,,,,,,,,,,,,,,,,,,,,,,,,,,,,,,,,,,,,,,,,,0.00005,
0,7,291,0.01006000,0.01005,-0.0994,1774137113000,0.01006000,57612.00000000,0.01005000,271240.00000000,0.01004000,485128.00000000,0.01003000,218700.00000000,0.01002000,212117.00000000,0.01001000,2068866.00000000,0.01000000,415796.00000000,0.00999000,238051.00000000,0.00998000,1353623.00000000,0.00997000,2134095.00000000,0.01007000,218862.00000000,0.01008000,467419.00000000,0.01009000,792258.00000000,0.01010000,1946580.00000000,0.01011000,261049.00000000,0.01012000,221962.00000000,0.01013000,254680.00000000,0.01014000,267161.00000000,0.01015000,166004.00000000,0.01016000,1639513.00000000,,,,,,,,,,,,,,,,,,,,,,,,,,,,,,,,,,,,,,,,,0.00005,
0,7,291,0.01006000,0.01004,-0.1988,1774137114000,0.01006000,36960.00000000,0.01005000,154919.00000000,0.01004000,499409.00000000,0.01003000,258373.00000000,0.01002000,250795.00000000,0.01001000,2068866.00000000,0.01000000,512254.00000000,0.00999000,209442.00000000,0.00998000,1353623.00000000,0.00997000,573588.00000000,0.01007000,242389.00000000,0.01008000,467415.00000000,0.01009000,895984.00000000,0.01010000,1958725.00000000,0.01011000,261049.00000000,0.01012000,221962.00000000,0.01013000,254680.00000000,0.01014000,267161.00000000,0.01015000,166004.00000000,0.01016000,114300.00000000,,,,,,,,,,,,,,,,,,,,,,,,,,,,,,,,,,,,,,,,,,
0,7,291,0.01006000,0.01004,-0.1988,1774137118000,0.01005000,100474.00000000,0.01004000,468812.00000000,0.01003000,163023.00000000,0.01002000,194272.00000000,0.01001000,2068866.00000000,0.01000000,610366.00000000,0.00999000,209442.00000000,0.00998000,1550535.00000000,0.00997000,573588.00000000,0.00996000,2013425.00000000,0.01006000,33081.00000000,0.01007000,262313.00000000,0.01008000,758570.00000000,0.01009000,966801.00000000,0.01010000,1639200.00000000,0.01011000,226020.00000000,0.01012000,256991.00000000,0.01013000,254680.00000000,0.01014000,267161.00000000,0.01015000,1681214.00000000,,,,,,,,,,,,,,,,,,,,,,,,,,,,,,,,,,,,,,,,,,
0,7,291,0.01006000,0.01004,-0.1988,1774137121000,0.01005000,5480.00000000,0.01004000,124288.00000000,0.01003000,163023.00000000,0.01002000,335134.00000000,0.01001000,2068866.00000000,0.01000000,638930.00000000,0.00999000,246630.00000000,0.00998000,1353623.00000000,0.00997000,573588.00000000,0.00996000,2013425.00000000,0.01006000,89546.00000000,0.01007000,258409.00000000,0.01008000,942123.00000000,0.01009000,885052.00000000,0.01010000,1641220.00000000,0.01011000,226603.00000000,0.01012000,306698.00000000,0.01013000,218669.00000000,0.01014000,267161.00000000,0.01015000,1684653.00000000,,,,,,,,,,,,,,,,,,,,,,,,,,,,,,,,,,,,,,,,,,
0,7,291,0.01006000,0.01004,-0.1988,1774137122000,0.01004000,33311.00000000,0.01003000,249453.00000000,0.01002000,454155.00000000,0.01001000,216359.00000000,0.01000000,694941.00000000,0.00999000,140079.00000000,0.00998000,1311306.00000000,0.00997000,523975.00000000,0.00996000,450687.00000000,0.00995000,281747.00000000,0.01005000,53275.00000000,0.01006000,286726.00000000,0.01007000,246259.00000000,0.01008000,1043739.00000000,0.01009000,519423.00000000,0.01010000,329001.00000000,0.01011000,226603.00000000,0.01012000,271669.00000000,0.01013000,159831.00000000,0.01014000,267161.00000000,,,,,,,,,,,,,,,,,,,,,,,,,,,,,,,,,,,,,,,,,0.00005,
0,7,291,0.01006000,0.01004,-0.1988,1774137123000,0.01004000,61759.00000000,0.01003000,249838.00000000,0.01002000,454155.00000000,0.01001000,272370.00000000,0.01000000,694941.00000000,0.00999000,140079.00000000,0.00998000,1661091.00000000,0.00997000,521744.00000000,0.00996000,428351.00000000,0.00995000,281747.00000000,0.01005000,81193.00000000,0.01006000,252836.00000000,0.01007000,518472.00000000,0.01008000,1043739.00000000,0.01009000,519423.00000000,0.01010000,329001.00000000,0.01011000,226603.00000000,0.01012000,271669.00000000,0.01013000,159831.00000000,0.01014000,267161.00000000,,,,,,,,,,,,,,,,,,,,,,,,,,,,,,,,,,,,,,,,,0.00005,
0,7,291,0.01006000,0.01002,-0.3976,1774137124000,0.01004000,45843.00000000,0.01003000,222040.00000000,0.01002000,454155.00000000,0.01001000,272435.00000000,0.01000000,594895.00000000,0.00999000,108533.00000000,0.00998000,1556309.00000000,0.00997000,324772.00000000,0.00996000,176809.00000000,0.00995000,232600.00000000,0.01006000,200701.00000000,0.01007000,246259.00000000,0.01008000,1370514.00000000,0.01009000,422331.00000000,0.01010000,228506.00000000,0.01011000,206743.00000000,0.01012000,221962.00000000,0.01013000,219348.00000000,0.01014000,267161.00000000,0.01015000,166004.00000000,,,,,,,,,,,,,,,,,,,,,,,,,,,,,,,,,,,,,,,,,0.00005,
0,7,291,0.01005000,0.01001,-0.398,1774137125000,0.01004000,45737.00000000,0.01003000,226756.00000000,0.01002000,454155.00000000,0.01001000,272435.00000000,0.01000000,2113118.00000000,0.00999000,166379.00000000,0.00998000,1556309.00000000,0.00997000,324772.00000000,0.00996000,176809.00000000,0.00995000,1795338.00000000,0.01005000,92024.00000000,0.01006000,252961.00000000,0.01007000,246259.00000000,0.01008000,831777.00000000,0.01009000,422331.00000000,0.01010000,251944.00000000,0.01011000,176649.00000000,0.01012000,221962.00000000,0.01013000,159831.00000000,0.01014000,1845435.00000000,,,,,,,,,,,,,,,,,,,,,,,,,,,,,,,,,,,,,,,,,0.00005,
0,7,291,0.01005000,0.01,-0.4975,1774137126000,0.01003000,67778.00000000,0.01002000,439871.00000000,0.01001000,216359.00000000,0.01000000,566313.00000000,0.00999000,208376.00000000,0.00998000,1560399.00000000,0.00997000,324772.00000000,0.00996000,176809.00000000,0.00995000,232600.00000000,0.00994000,293736.00000000,0.01004000,40460.00000000,0.01005000,117831.00000000,0.01006000,290371.00000000,0.01007000,499493.00000000,0.01008000,1043951.00000000,0.01009000,449266.00000000,0.01010000,166566.00000000,0.01011000,176649.00000000,0.01012000,221962.00000000,0.01013000,159831.00000000,,,,,,,,,,,,,,,,,,,,,,,,,,,,,,,,,,,,,,,,,,
0,7,291,0.01006000,0.00999,-0.6958,1774137127000,0.01002000,59662.00000000,0.01001000,112850.00000000,0.01000000,274715.00000000,0.00999000,468746.00000000,0.00998000,881358.00000000,0.00997000,1836017.00000000,0.00996000,259549.00000000,0.00995000,485012.00000000,0.00994000,520639.00000000,0.00993000,884080.00000000,0.01003000,80139.00000000,0.01004000,311570.00000000,0.01005000,1162600.00000000,0.01006000,318560.00000000,0.01007000,203153.00000000,0.01008000,171911.00000000,0.01009000,260281.00000000,0.01010000,119733.00000000,0.01011000,106682.00000000,0.01012000,331352.00000000,,,,,,,,,,,,,,,,,,,,,,,,,,,,,,,,,,,,,,,,,,
0,7,291,0.01005000,0.00991,-1.393,1774137128000,0.01002000,45125.00000000,0.01001000,134076.00000000,0.01000000,272079.00000000,0.00999000,612075.00000000,0.00998000,881358.00000000,0.00997000,1862565.00000000,0.00996000,308663.00000000,0.00995000,584268.00000000,0.00994000,619905.00000000,0.00993000,881085.00000000,0.01003000,96510.00000000,0.01004000,311570.00000000,0.01005000,608288.00000000,0.01006000,877067.00000000,0.01007000,1677981.00000000,0.01008000,152371.00000000,0.01009000,317146.00000000,0.01010000,119733.00000000,0.01011000,106682.00000000,0.01012000,1880865.00000000,,,,,,,,,,,,,,,,,,,,,,,,,,,,,,,,,,,,,,,,,0.00005,
0,7,291,0.01005000,0.00987,-1.791,1774137130000,0.01001000,40591.00000000,0.01000000,272438.00000000,0.00999000,328227.00000000,0.00998000,935355.00000000,0.00997000,1868895.00000000,0.00996000,440176.00000000,0.00995000,485012.00000000,0.00994000,321876.00000000,0.00993000,597666.00000000,0.00992000,1668279.00000000,0.01002000,30172.00000000,0.01003000,308013.00000000,0.01004000,1004451.00000000,0.01005000,532728.00000000,0.01006000,1600270.00000000,0.01007000,238182.00000000,0.01008000,152371.00000000,0.01009000,353628.00000000,0.01010000,119733.00000000,0.01011000,1616149.00000000,,,,,,,,,,,,,,,,,,,,,,,,,,,,,,,,,,,,,,,,,,
0,7,291,0.01005000,0.00987,-1.791,1774137131000,0.00998000,2.00000000,0.00997000,140274.00000000,0.00996000,82310.00000000,0.00995000,86681.00000000,0.00994000,132041.00000000,0.00993000,50464.00000000,0.00992000,553766.00000000,0.00991000,409913.00000000,0.00990000,58171.00000000,0.00989000,109280.00000000,0.00999000,48060.00000000,0.01000000,200705.00000000,0.01001000,115030.00000000,0.01002000,256891.00000000,0.01003000,1144409.00000000,0.01004000,122107.00000000,0.01005000,413180.00000000,0.01006000,99273.00000000,0.01007000,149685.00000000,0.01008000,188168.00000000,,,,,,,,,,,,,,,,,,,,,,,,,,,,,,,,,,,,,,,,,0.00005,
0,7,291,0.01006000,0.0098,-2.5845,1774137132000,0.00992000,24433.00000000,0.00991000,93022.00000000,0.00990000,156444.00000000,0.00989000,149821.00000000,0.00988000,682152.00000000,0.00987000,175823.00000000,0.00986000,236520.00000000,0.00985000,320723.00000000,0.00984000,111031.00000000,0.00983000,425287.00000000,0.00994000,110700.00000000,0.00995000,386190.00000000,0.00996000,656034.00000000,0.00997000,314945.00000000,0.00998000,84478.00000000,0.00999000,476613.00000000,0.01000000,109239.00000000,0.01001000,112562.00000000,0.01002000,92521.00000000,0.01003000,163111.00000000,,,,,,,,,,,,,,,,,,,,,,,,,,,,,,,,,,,,,,,,,0.00005,
0,7,291,0.01005000,0.0098,-2.4876,1774137133000,0.00991000,62458.00000000,0.00990000,273817.00000000,0.00989000,151514.00000000,0.00988000,159502.00000000,0.00987000,490695.00000000,0.00986000,725116.00000000,0.00985000,93926.00000000,0.00984000,232444.00000000,0.00983000,605430.00000000,0.00982000,145061.00000000,0.00992000,26403.00000000,0.00993000,357986.00000000,0.00994000,299637.00000000,0.00995000,550234.00000000,0.00996000,1813826.00000000,0.00997000,109689.00000000,0.00998000,73334.00000000,0.00999000,215852.00000000,0.01000000,53074.00000000,0.01001000,1720170.00000000,,,,,,,,,,,,,,,,,,,,,,,,,,,,,,,,,,,,,,,,,0.00005,
0,7,291,0.01006000,0.00978,-2.7833,1774137134000,0.00989000,15569.00000000,0.00988000,252734.00000000,0.00987000,199190.00000000,0.00986000,424221.00000000,0.00985000,302415.00000000,0.00984000,177478.00000000,0.00983000,1019460.00000000,0.00982000,145061.00000000,0.00981000,142288.00000000,0.00980000,2171320.00000000,0.00990000,9798.00000000,0.00991000,197929.00000000,0.00992000,463384.00000000,0.00993000,491807.00000000,0.00994000,252811.00000000,0.00995000,273240.00000000,0.00996000,242904.00000000,0.00997000,74660.00000000,0.00998000,84930.00000000,0.00999000,212518.00000000,,,,,,,,,,,,,,,,,,,,,,,,,,,,,,,,,,,,,,,,,,
0,7,291,0.01005000,0.00978,-2.6866,1774137135000,0.00990000,71764.00000000,0.00989000,214698.00000000,0.00988000,210592.00000000,0.00987000,199190.00000000,0.00986000,1904807.00000000,0.00985000,302415.00000000,0.00984000,174675.00000000,0.00983000,1119733.00000000,0.00982000,145061.00000000,0.00981000,329314.00000000,0.00991000,149482.00000000,0.00992000,341922.00000000,0.00993000,491807.00000000,0.00994000,374334.00000000,0.00995000,273240.00000000,0.00996000,242904.00000000,0.00997000,74660.00000000,0.00998000,84930.00000000,0.00999000,212518.00000000,0.01000000,53074.00000000,,,,,,,,,,,,,,,,,,,,,,,,,,,,,,,,,,,,,,,,,0.00005,
0,7,291,0.01005000,0.00977,-2.7861,1774137137000,0.00984000,39680.00000000,0.00983000,196628.00000000,0.00982000,184368.00000000,0.00981000,160200.00000000,0.00980000,524930.00000000,0.00979000,367745.00000000,0.00978000,842212.00000000,0.00977000,782880.00000000,0.00976000,179215.00000000,0.00975000,576496.00000000,0.00985000,209788.00000000,0.00986000,788607.00000000,0.00987000,269637.00000000,0.00988000,425021.00000000,0.00989000,1709670.00000000,0.00990000,202869.00000000,0.00991000,190930.00000000,0.00992000,189002.00000000,0.00993000,55970.00000000,0.00994000,1836265.00000000,,,,,,,,,,,,,,,,,,,,,,,,,,,,,,,,,,,,,,,,,0.00005,
0,7,291,0.01005000,0.00979,-2.5871,1774137138000,0.00982000,124289.00000000,0.00981000,60593.00000000,0.00980000,581567.00000000,0.00979000,154899.00000000,0.00978000,1817376.00000000,0.00977000,506545.00000000,0.00976000,334831.00000000,0.00975000,965897.00000000,0.00974000,358090.00000000,0.00973000,2034888.00000000,0.00983000,85325.00000000,0.00984000,708252.00000000,0.00985000,739143.00000000,0.00986000,298677.00000000,0.00987000,138663.00000000,0.00988000,416621.00000000,0.00989000,187960.00000000,0.00990000,194469.00000000,0.00991000,130298.00000000,0.00992000,239982.00000000,,,,,,,,,,,,,,,,,,,,,,,,,,,,,,,,,,,,,,,,,,
0,7,291,0.01005000,0.00977,-2.7861,1774137139000,0.00983000,12279.00000000,0.00982000,150623.00000000,0.00981000,205156.00000000,0.00980000,687057.00000000,0.00979000,154899.00000000,0.00978000,273693.00000000,0.00977000,568099.00000000,0.00976000,370069.00000000,0.00975000,861621.00000000,0.00974000,330880.00000000,0.00984000,83234.00000000,0.00985000,417447.00000000,0.00986000,375468.00000000,0.00987000,350663.00000000,0.00988000,214249.00000000,0.00989000,187960.00000000,0.00990000,229498.00000000,0.00991000,130298.00000000,0.00992000,289149.00000000,0.00993000,113221.00000000,,,,,,,,,,,,,,,,,,,,,,,,,,,,,,,,,,,,,,,,,0.00005,
0,7,291,0.01004000,0.00978,-2.5896,1774137140000,0.00981000,98958.00000000,0.00980000,498100.00000000,0.00979000,197363.00000000,0.00978000,366385.00000000,0.00977000,1971176.00000000,0.00976000,366005.00000000,0.00975000,839679.00000000,0.00974000,414746.00000000,0.00973000,491820.00000000,0.00972000,2683442.00000000,0.00982000,205918.00000000,0.00983000,340669.00000000,0.00984000,521332.00000000,0.00985000,969922.00000000,0.00986000,364512.00000000,0.00987000,371878.00000000,0.00988000,213456.00000000,0.00989000,247368.00000000,0.00990000,110660.00000000,0.00991000,130298.00000000,,,,,,,,,,,,,,,,,,,,,,,,,,,,,,,,,,,,,,,,,,
0,7,291,0.01003000,0.00979,-2.3928,1774137141000,0.00981000,64936.00000000,0.00980000,498100.00000000,0.00979000,197363.00000000,0.00978000,366385.00000000,0.00977000,1971176.00000000,0.00976000,366005.00000000,0.00975000,939679.00000000,0.00974000,414746.00000000,0.00973000,495642.00000000,0.00972000,2683442.00000000,0.00982000,205918.00000000,0.00983000,340669.00000000,0.00984000,521891.00000000,0.00985000,655573.00000000,0.00986000,1856378.00000000,0.00987000,371878.00000000,0.00988000,248485.00000000,0.00989000,247368.00000000,0.00990000,75631.00000000,0.00991000,1684809.00000000,,,,,,,,,,,,,,,,,,,,,,,,,,,,,,,,,,,,,,,,,0.00005,
0,7,291,0.01002000,0.0098,-2.1956,1774137142000,0.00982000,107576.00000000,0.00981000,49684.00000000,0.00980000,489512.00000000,0.00979000,197363.00000000,0.00978000,366385.00000000,0.00977000,1971176.00000000,0.00976000,336532.00000000,0.00975000,839679.00000000,0.00974000,414746.00000000,0.00973000,495642.00000000,0.00983000,182446.00000000,0.00984000,515455.00000000,0.00985000,655573.00000000,0.00986000,1754895.00000000,0.00987000,166686.00000000,0.00988000,248485.00000000,0.00989000,247368.00000000,0.00990000,81215.00000000,0.00991000,1684809.00000000,0.00992000,239982.00000000,,,,,,,,,,,,,,,,,,,,,,,,,,,,,,,,,,,,,,,,,0.00005,
0,7,291,0.00984000,0.00981,-0.3049,1774137148000,0.00980000,473338.00000000,0.00979000,520346.00000000,0.00978000,212990.00000000,0.00977000,212598.00000000,0.00976000,340196.00000000,0.00975000,369795.00000000,0.00974000,276210.00000000,0.00973000,491820.00000000,0.00972000,829202.00000000,0.00971000,334327.00000000,0.00981000,1021.00000000,0.00982000,135317.00000000,0.00983000,100054.00000000,0.00984000,320915.00000000,0.00985000,195424.00000000,0.00986000,182674.00000000,0.00987000,352465.00000000,0.00988000,324594.00000000,0.00989000,467820.00000000,0.00990000,90639.00000000,,,,,,,,,,,,,,,,,,,,,,,,,,,,,,,,,,,,,,,,,0.00005,
0,7,291,0.00985000,0.00981,-0.4061,1774137149000,0.00982000,56756.00000000,0.00981000,249058.00000000,0.00980000,332662.00000000,0.00979000,360205.00000000,0.00978000,1706894.00000000,0.00977000,312598.00000000,0.00976000,299476.00000000,0.00975000,483114.00000000,0.00974000,276210.00000000,0.00973000,2070425.00000000,0.00983000,50273.00000000,0.00984000,443519.00000000,0.00985000,216194.00000000,0.00986000,230751.00000000,0.00987000,699821.00000000,0.00988000,330404.00000000,0.00989000,188517.00000000,0.00990000,90639.00000000,0.00991000,131803.00000000,0.00992000,296031.00000000,,,,,,,,,,,,,,,,,,,,,,,,,,,,,,,,,,,,,,,,,0.00005,
0,7,291,0.00985000,0.0098,-0.5076,1774137150000,0.00983000,184678.00000000,0.00982000,216981.00000000,0.00981000,203848.00000000,0.00980000,332662.00000000,0.00979000,297807.00000000,0.00978000,275388.00000000,0.00977000,376381.00000000,0.00976000,239150.00000000,0.00975000,486830.00000000,0.00974000,274843.00000000,0.00984000,367211.00000000,0.00985000,216194.00000000,0.00986000,233271.00000000,0.00987000,535104.00000000,0.00988000,330404.00000000,0.00989000,188517.00000000,0.00990000,181531.00000000,0.00991000,131803.00000000,0.00992000,296031.00000000,0.00993000,54495.00000000,,,,,,,,,,,,,,,,,,,,,,,,,,,,,,,,,,,,,,,,,0.00005,
0,7,291,0.00985000,0.00978,-0.7107,1774137151000,0.00986000,29899.00000000,0.00985000,318991.00000000,0.00984000,213558.00000000,0.00983000,168204.00000000,0.00982000,564013.00000000,0.00981000,348512.00000000,0.00980000,240450.00000000,0.00979000,580720.00000000,0.00978000,208820.00000000,0.00977000,161351.00000000,0.00987000,419222.00000000,0.00988000,193700.00000000,0.00989000,349592.00000000,0.00990000,296148.00000000,0.00991000,183344.00000000,0.00992000,187130.00000000,0.00993000,54495.00000000,0.00994000,96162.00000000,0.00995000,219493.00000000,0.00996000,53074.00000000,,,,,,,,,,,,,,,,,,,,,,,,,,,,,,,,,,,,,,,,,0.00005,
0,7,291,0.00985000,0.00978,-0.7107,1774137152000,0.00985000,184945.00000000,0.00984000,290685.00000000,0.00983000,154318.00000000,0.00982000,564013.00000000,0.00981000,248512.00000000,0.00980000,377415.00000000,0.00979000,510532.00000000,0.00978000,533941.00000000,0.00977000,161351.00000000,0.00976000,128964.00000000,0.00986000,31473.00000000,0.00987000,436821.00000000,0.00988000,186276.00000000,0.00989000,319471.00000000,0.00990000,425572.00000000,0.00991000,183899.00000000,0.00992000,216810.00000000,0.00993000,54495.00000000,0.00994000,96162.00000000,0.00995000,291487.00000000,,,,,,,,,,,,,,,,,,,,,,,,,,,,,,,,,,,,,,,,,0.00005,
0,7,291,0.00984000,0.00978,-0.6098,1774137153000,0.00985000,196077.00000000,0.00984000,491782.00000000,0.00983000,255748.00000000,0.00982000,453833.00000000,0.00981000,165987.00000000,0.00980000,418676.00000000,0.00979000,510051.00000000,0.00978000,145318.00000000,0.00977000,874841.00000000,0.00976000,71945.00000000,0.00986000,65896.00000000,0.00987000,57289.00000000,0.00988000,294632.00000000,0.00989000,172549.00000000,0.00990000,331155.00000000,0.00991000,181193.00000000,0.00992000,448953.00000000,0.00993000,344840.00000000,0.00994000,96162.00000000,0.00995000,215466.00000000,,,,,,,,,,,,,,,,,,,,,,,,,,,,,,,,,,,,,,,,,0.00005,
0,7,291,0.00985000,0.0098,-0.5076,1774137154000,0.00985000,57967.00000000,0.00984000,297890.00000000,0.00983000,168731.00000000,0.00982000,617438.00000000,0.00981000,1697634.00000000,0.00980000,521147.00000000,0.00979000,549354.00000000,0.00978000,584231.00000000,0.00977000,878170.00000000,0.00976000,1882136.00000000,0.00986000,69758.00000000,0.00987000,165533.00000000,0.00988000,352547.00000000,0.00989000,331227.00000000,0.00990000,2150735.00000000,0.00991000,207724.00000000,0.00992000,338917.00000000,0.00993000,127568.00000000,0.00994000,151874.00000000,0.00995000,1867054.00000000,,,,,,,,,,,,,,,,,,,,,,,,,,,,,,,,,,,,,,,,,0.00005,
0,7,291,0.00984000,0.00981,-0.3049,1774137155000,0.00983000,89211.00000000,0.00982000,584867.00000000,0.00981000,218180.00000000,0.00980000,488759.00000000,0.00979000,583539.00000000,0.00978000,610597.00000000,0.00977000,968111.00000000,0.00976000,427483.00000000,0.00975000,70206.00000000,0.00974000,161913.00000000,0.00984000,108958.00000000,0.00985000,144061.00000000,0.00986000,208281.00000000,0.00987000,307637.00000000,0.00988000,452213.00000000,0.00989000,604007.00000000,0.00990000,509851.00000000,0.00991000,105992.00000000,0.00992000,338917.00000000,0.00993000,127568.00000000,,,,,,,,,,,,,,,,,,,,,,,,,,,,,,,,,,,,,,,,,0.00005,
0,7,291,0.00983000,0.00982,-0.1017,1774137156000,0.00983000,107249.00000000,0.00982000,595446.00000000,0.00981000,155987.00000000,0.00980000,488759.00000000,0.00979000,2125359.00000000,0.00978000,714244.00000000,0.00977000,1033727.00000000,0.00976000,427483.00000000,0.00975000,70206.00000000,0.00974000,1737139.00000000,0.00984000,98038.00000000,0.00985000,192131.00000000,0.00986000,410702.00000000,0.00987000,359295.00000000,0.00988000,1878784.00000000,0.00989000,509449.00000000,0.00990000,441517.00000000,0.00991000,84982.00000000,0.00992000,303888.00000000,0.00993000,1698860.00000000,,,,,,,,,,,,,,,,,,,,,,,,,,,,,,,,,,,,,,,,,,
0,7,291,0.00983000,0.00981,-0.2035,1774137157000,0.00983000,68838.00000000,0.00982000,654572.00000000,0.00981000,218180.00000000,0.00980000,488759.00000000,0.00979000,583539.00000000,0.00978000,771701.00000000,0.00977000,1033727.00000000,0.00976000,487167.00000000,0.00975000,127399.00000000,0.00974000,199685.00000000,0.00984000,79122.00000000,0.00985000,192043.00000000,0.00986000,342671.00000000,0.00987000,357425.00000000,0.00988000,1811245.00000000,0.00989000,633013.00000000,0.00990000,516902.00000000,0.00991000,84982.00000000,0.00992000,303888.00000000,0.00993000,1698860.00000000,,,,,,,,,,,,,,,,,,,,,,,,,,,,,,,,,,,,,,,,,,
0,7,291,0.00983000,0.00984,0.1017,1774137158000,0.00983000,116747.00000000,0.00982000,654572.00000000,0.00981000,218385.00000000,0.00980000,488759.00000000,0.00979000,2075164.00000000,0.00978000,714244.00000000,0.00977000,1071487.00000000,0.00976000,487167.00000000,0.00975000,127399.00000000,0.00974000,1811286.00000000,0.00984000,45967.00000000,0.00985000,195923.00000000,0.00986000,398534.00000000,0.00987000,357983.00000000,0.00988000,1978691.00000000,0.00989000,599380.00000000,0.00990000,472392.00000000,0.00991000,151609.00000000,0.00992000,303888.00000000,0.00993000,1698860.00000000,,,,,,,,,,,,,,,,,,,,,,,,,,,,,,,,,,,,,,,,,0.00005,
0,7,291,0.00983000,0.00984,0.1017,1774137159000,0.00982000,355680.00000000,0.00981000,212455.00000000,0.00980000,426566.00000000,0.00979000,635937.00000000,0.00978000,767829.00000000,0.00977000,969678.00000000,0.00976000,306212.00000000,0.00975000,129948.00000000,0.00974000,297888.00000000,0.00973000,580694.00000000,0.00983000,41221.00000000,0.00984000,166184.00000000,0.00985000,201998.00000000,0.00986000,247759.00000000,0.00987000,802295.00000000,0.00988000,553477.00000000,0.00989000,477434.00000000,0.00990000,472392.00000000,0.00991000,151609.00000000,0.00992000,303888.00000000,,,,,,,,,,,,,,,,,,,,,,,,,,,,,,,,,,,,,,,,,,
0,7,291,0.00983000,0.00984,0.1017,1774137160000,0.00983000,40929.00000000,0.00982000,488996.00000000,0.00981000,374423.00000000,0.00980000,454961.00000000,0.00979000,216048.00000000,0.00978000,805431.00000000,0.00977000,375139.00000000,0.00976000,664802.00000000,0.00975000,335070.00000000,0.00974000,238735.00000000,0.00984000,115136.00000000,0.00985000,222354.00000000,0.00986000,243108.00000000,0.00987000,516480.00000000,0.00988000,551440.00000000,0.00989000,477991.00000000,0.00990000,295546.00000000,0.00991000,151609.00000000,0.00992000,302890.00000000,0.00993000,224936.00000000,,,,,,,,,,,,,,,,,,,,,,,,,,,,,,,,,,,,,,,,,0.00005,
0,7,291,0.00983000,0.00984,0.1017,1774137161000,0.00984000,174866.00000000,0.00983000,233224.00000000,0.00982000,446532.00000000,0.00981000,374423.00000000,0.00980000,554961.00000000,0.00979000,216048.00000000,0.00978000,656720.00000000,0.00977000,343207.00000000,0.00976000,607006.00000000,0.00975000,332289.00000000,0.00985000,83605.00000000,0.00986000,146745.00000000,0.00987000,361251.00000000,0.00988000,388127.00000000,0.00989000,658978.00000000,0.00990000,295546.00000000,0.00991000,124032.00000000,0.00992000,302890.00000000,0.00993000,224936.00000000,0.00994000,213388.00000000,,,,,,,,,,,,,,,,,,,,,,,,,,,,,,,,,,,,,,,,,0.00005,
0,7,291,0.00983000,0.00984,0.1017,1774137162000,0.00985000,63143.00000000,0.00984000,218626.00000000,0.00983000,173686.00000000,0.00982000,446532.00000000,0.00981000,374423.00000000,0.00980000,2016361.00000000,0.00979000,216048.00000000,0.00978000,655959.00000000,0.00977000,343207.00000000,0.00976000,607006.00000000,0.00986000,190780.00000000,0.00987000,365246.00000000,0.00988000,615926.00000000,0.00989000,622128.00000000,0.00990000,340479.00000000,0.00991000,124032.00000000,0.00992000,302890.00000000,0.00993000,224936.00000000,0.00994000,213388.00000000,0.00995000,185275.00000000,,,,,,,,,,,,,,,,,,,,,,,,,,,,,,,,,,,,,,,,,0.00005,
0,7,291,0.00984000,0.00985,0.1016,1774137163000,0.00985000,63143.00000000,0.00984000,275761.00000000,0.00983000,330068.00000000,0.00982000,494532.00000000,0.00981000,232432.00000000,0.00980000,1953963.00000000,0.00979000,217445.00000000,0.00978000,655959.00000000,0.00977000,341822.00000000,0.00976000,2112551.00000000,0.00986000,190780.00000000,0.00987000,365246.00000000,0.00988000,388027.00000000,0.00989000,587099.00000000,0.00990000,1783254.00000000,0.00991000,124032.00000000,0.00992000,337919.00000000,0.00993000,224936.00000000,0.00994000,213388.00000000,0.00995000,1714112.00000000,,,,,,,,,,,,,,,,,,,,,,,,,,,,,,,,,,,,,,,,,,
0,7,291,0.00984000,0.00985,0.1016,1774137164000,0.00983000,291790.00000000,0.00982000,494762.00000000,0.00981000,232432.00000000,0.00980000,454824.00000000,0.00979000,216879.00000000,0.00978000,709670.00000000,0.00977000,341822.00000000,0.00976000,876598.00000000,0.00975000,127167.00000000,0.00974000,181716.00000000,0.00984000,36960.00000000,0.00985000,145551.00000000,0.00986000,321640.00000000,0.00987000,361251.00000000,0.00988000,517709.00000000,0.00989000,587099.00000000,0.00990000,265307.00000000,0.00991000,124032.00000000,0.00992000,337919.00000000,0.00993000,224936.00000000,,,,,,,,,,,,,,,,,,,,,,,,,,,,,,,,,,,,,,,,,,
0,7,291,0.00984000,0.00985,0.1016,1774137165000,0.00984000,123333.00000000,0.00983000,405776.00000000,0.00982000,494083.00000000,0.00981000,170034.00000000,0.00980000,454824.00000000,0.00979000,275452.00000000,0.00978000,688247.00000000,0.00977000,343207.00000000,0.00976000,813617.00000000,0.00975000,127167.00000000,0.00985000,58867.00000000,0.00986000,233023.00000000,0.00987000,201459.00000000,0.00988000,2079865.00000000,0.00989000,556100.00000000,0.00990000,319969.00000000,0.00991000,124032.00000000,0.00992000,302890.00000000,0.00993000,1768516.00000000,0.00994000,151415.00000000,,,,,,,,,,,,,,,,,,,,,,,,,,,,,,,,,,,,,,,,,0.00005,
0,7,291,0.00985000,0.00985,0.0,1774137166000,0.00984000,37859.00000000,0.00983000,405776.00000000,0.00982000,431822.00000000,0.00981000,232295.00000000,0.00980000,454824.00000000,0.00979000,375452.00000000,0.00978000,688247.00000000,0.00977000,343207.00000000,0.00976000,872954.00000000,0.00975000,127167.00000000,0.00985000,78992.00000000,0.00986000,269727.00000000,0.00987000,201459.00000000,0.00988000,2079865.00000000,0.00989000,556100.00000000,0.00990000,372782.00000000,0.00991000,124032.00000000,0.00992000,325226.00000000,0.00993000,1768516.00000000,0.00994000,96162.00000000,,,,,,,,,,,,,,,,,,,,,,,,,,,,,,,,,,,,,,,,,,
0,7,291,0.00985000,0.00985,0.0,1774137167000,0.00984000,16943.00000000,0.00983000,405776.00000000,0.00982000,431822.00000000,0.00981000,232295.00000000,0.00980000,1920730.00000000,0.00979000,322502.00000000,0.00978000,656720.00000000,0.00977000,343207.00000000,0.00976000,872954.00000000,0.00975000,1679345.00000000,0.00985000,125179.00000000,0.00986000,279549.00000000,0.00987000,201459.00000000,0.00988000,2114894.00000000,0.00989000,556100.00000000,0.00990000,337753.00000000,0.00991000,146368.00000000,0.00992000,302890.00000000,0.00993000,1768516.00000000,0.00994000,96162.00000000,,,,,,,,,,,,,,,,,,,,,,,,,,,,,,,,,,,,,,,,,0.00005,
0,7,291,0.00986000,0.00988,0.2028,1774137168000,0.00983000,5501.00000000,0.00982000,238404.00000000,0.00981000,170034.00000000,0.00980000,313339.00000000,0.00979000,215381.00000000,0.00978000,709569.00000000,0.00977000,272633.00000000,0.00976000,670843.00000000,0.00975000,127167.00000000,0.00974000,238909.00000000,0.00984000,53042.00000000,0.00985000,220331.00000000,0.00986000,160720.00000000,0.00987000,236171.00000000,0.00988000,1942866.00000000,0.00989000,563658.00000000,0.00990000,284940.00000000,0.00991000,146368.00000000,0.00992000,187685.00000000,0.00993000,1768516.00000000,,,,,,,,,,,,,,,,,,,,,,,,,,,,,,,,,,,,,,,,,0.00005,
0,7,291,0.00986000,0.00988,0.2028,1774137169000,0.00981000,342029.00000000,0.00980000,297753.00000000,0.00979000,176078.00000000,0.00978000,749724.00000000,0.00977000,334962.00000000,0.00976000,701400.00000000,0.00975000,146228.00000000,0.00974000,238909.00000000,0.00973000,530771.00000000,0.00972000,801032.00000000,0.00983000,209231.00000000,0.00984000,187184.00000000,0.00985000,221381.00000000,0.00986000,520514.00000000,0.00987000,329799.00000000,0.00988000,386616.00000000,0.00989000,166496.00000000,0.00990000,265307.00000000,0.00991000,146368.00000000,0.00992000,130492.00000000,,,,,,,,,,,,,,,,,,,,,,,,,,,,,,,,,,,,,,,,,0.00005,
0,7,291,0.00986000,0.00989,0.3043,1774137170000,0.00982000,20258.00000000,0.00981000,382207.00000000,0.00980000,235212.00000000,0.00979000,195726.00000000,0.00978000,421162.00000000,0.00977000,334962.00000000,0.00976000,702724.00000000,0.00975000,176315.00000000,0.00974000,341493.00000000,0.00973000,530771.00000000,0.00983000,170193.00000000,0.00984000,348895.00000000,0.00985000,358847.00000000,0.00986000,391131.00000000,0.00987000,313526.00000000,0.00988000,351587.00000000,0.00989000,201525.00000000,0.00990000,265307.00000000,0.00991000,124032.00000000,0.00992000,130492.00000000,,,,,,,,,,,,,,,,,,,,,,,,,,,,,,,,,,,,,,,,,0.00005,
0,7,291,0.00987000,0.00988,0.1013,1774137171000,0.00982000,7399.00000000,0.00981000,130620.00000000,0.00980000,249595.00000000,0.00979000,459410.00000000,0.00978000,1888400.00000000,0.00977000,299336.00000000,0.00976000,729873.00000000,0.00975000,177694.00000000,0.00974000,398833.00000000,0.00973000,2104336.00000000,0.00983000,116755.00000000,0.00984000,341794.00000000,0.00985000,610985.00000000,0.00986000,484259.00000000,0.00987000,1955289.00000000,0.00988000,251883.00000000,0.00989000,227888.00000000,0.00990000,265307.00000000,0.00991000,232538.00000000,0.00992000,1740587.00000000,,,,,,,,,,,,,,,,,,,,,,,,,,,,,,,,,,,,,,,,,0.00005,
0,7,291,0.00987000,0.00988,0.1013,1774137172000,0.00982000,85175.00000000,0.00981000,479440.00000000,0.00980000,249595.00000000,0.00979000,238407.00000000,0.00978000,1888400.00000000,0.00977000,289743.00000000,0.00976000,729873.00000000,0.00975000,147607.00000000,0.00974000,398833.00000000,0.00973000,2148820.00000000,0.00983000,138768.00000000,0.00984000,313289.00000000,0.00985000,445789.00000000,0.00986000,620771.00000000,0.00987000,1955289.00000000,0.00988000,254969.00000000,0.00989000,192859.00000000,0.00990000,265307.00000000,0.00991000,232538.00000000,0.00992000,1740587.00000000,,,,,,,,,,,,,,,,,,,,,,,,,,,,,,,,,,,,,,,,,0.00005,
0,7,291,0.00989000,0.0099,0.1011,1774137173000,0.00982000,78794.00000000,0.00981000,479397.00000000,0.00980000,249595.00000000,0.00979000,238407.00000000,0.00978000,440813.00000000,0.00977000,289743.00000000,0.00976000,729873.00000000,0.00975000,147607.00000000,0.00974000,296249.00000000,0.00973000,575255.00000000,0.00984000,190303.00000000,0.00985000,316337.00000000,0.00986000,782358.00000000,0.00987000,850410.00000000,0.00988000,254969.00000000,0.00989000,192859.00000000,0.00990000,265307.00000000,0.00991000,232538.00000000,0.00992000,181167.00000000,0.00993000,173253.00000000,,,,,,,,,,,,,,,,,,,,,,,,,,,,,,,,,,,,,,,,,0.00005,
0,7,291,0.00989000,0.0099,0.1011,1774137175000,0.00983000,107563.00000000,0.00982000,191105.00000000,0.00981000,436933.00000000,0.00980000,292648.00000000,0.00979000,1696925.00000000,0.00978000,401558.00000000,0.00977000,237007.00000000,0.00976000,666343.00000000,0.00975000,252028.00000000,0.00974000,1869681.00000000,0.00985000,72112.00000000,0.00986000,652159.00000000,0.00987000,758431.00000000,0.00988000,1879572.00000000,0.00989000,165001.00000000,0.00990000,265307.00000000,0.00991000,232538.00000000,0.00992000,240756.00000000,0.00993000,1740072.00000000,0.00994000,96162.00000000,,,,,,,,,,,,,,,,,,,,,,,,,,,,,,,,,,,,,,,,,0.00005,
0,7,291,0.00989000,0.00991,0.2022,1774137176000,0.00985000,44917.00000000,0.00984000,180690.00000000,0.00983000,437857.00000000,0.00982000,284523.00000000,0.00981000,235705.00000000,0.00980000,358620.00000000,0.00979000,214748.00000000,0.00978000,305984.00000000,0.00977000,664097.00000000,0.00976000,666343.00000000,0.00986000,181917.00000000,0.00987000,179055.00000000,0.00988000,525347.00000000,0.00989000,273472.00000000,0.00990000,265307.00000000,0.00991000,124032.00000000,0.00992000,245609.00000000,0.00993000,283188.00000000,0.00994000,96162.00000000,0.00995000,128082.00000000,,,,,,,,,,,,,,,,,,,,,,,,,,,,,,,,,,,,,,,,,,
0,7,291,0.00989000,0.00992,0.3033,1774137177000,0.00985000,73496.00000000,0.00984000,228639.00000000,0.00983000,438417.00000000,0.00982000,328679.00000000,0.00981000,1707117.00000000,0.00980000,296154.00000000,0.00979000,221869.00000000,0.00978000,333357.00000000,0.00977000,664097.00000000,0.00976000,2148580.00000000,0.00986000,7820.00000000,0.00987000,149238.00000000,0.00988000,582424.00000000,0.00989000,251136.00000000,0.00990000,1736012.00000000,0.00991000,124032.00000000,0.00992000,245609.00000000,0.00993000,283188.00000000,0.00994000,211192.00000000,0.00995000,1675288.00000000,,,,,,,,,,,,,,,,,,,,,,,,,,,,,,,,,,,,,,,,,0.00005,
0,7,291,0.00989000,0.00992,0.3033,1774137178000,0.00986000,71082.00000000,0.00985000,224744.00000000,0.00984000,253942.00000000,0.00983000,424038.00000000,0.00982000,1793550.00000000,0.00981000,295553.00000000,0.00980000,242638.00000000,0.00979000,163296.00000000,0.00978000,691213.00000000,0.00977000,664097.00000000,0.00987000,23990.00000000,0.00988000,574781.00000000,0.00989000,216107.00000000,0.00990000,653726.00000000,0.00991000,1567049.00000000,0.00992000,280638.00000000,0.00993000,305524.00000000,0.00994000,211192.00000000,0.00995000,128082.00000000,0.00996000,1663420.00000000,,,,,,,,,,,,,,,,,,,,,,,,,,,,,,,,,,,,,,,,,0.00005,
0,7,291,0.00988000,0.00996,0.8097,1774137179000,0.00986000,91185.00000000,0.00985000,854263.00000000,0.00984000,236191.00000000,0.00983000,508120.00000000,0.00982000,1793550.00000000,0.00981000,202866.00000000,0.00980000,244735.00000000,0.00979000,163296.00000000,0.00978000,691213.00000000,0.00977000,2185609.00000000,0.00987000,18434.00000000,0.00988000,510381.00000000,0.00989000,216107.00000000,0.00990000,843597.00000000,0.00991000,1662451.00000000,0.00992000,280638.00000000,0.00993000,305524.00000000,0.00994000,211192.00000000,0.00995000,128082.00000000,0.00996000,1661472.00000000,,,,,,,,,,,,,,,,,,,,,,,,,,,,,,,,,,,,,,,,,0.00005,
0,7,291,0.00988000,0.00996,0.8097,1774137180000,0.00986000,196279.00000000,0.00985000,1141534.00000000,0.00984000,298452.00000000,0.00983000,262452.00000000,0.00982000,1731289.00000000,0.00981000,202866.00000000,0.00980000,242638.00000000,0.00979000,163296.00000000,0.00978000,635501.00000000,0.00977000,2083972.00000000,0.00987000,12368.00000000,0.00988000,94437.00000000,0.00989000,91347.00000000,0.00990000,616252.00000000,0.00991000,1698398.00000000,0.00992000,245609.00000000,0.00993000,340553.00000000,0.00994000,211192.00000000,0.00995000,128082.00000000,0.00996000,1771301.00000000,,,,,,,,,,,,,,,,,,,,,,,,,,,,,,,,,,,,,,,,,0.00005,
0,7,291,0.00988000,0.00998,1.0121,1774137180851,0.00988000,50509.00000000,0.00987000,164378.00000000,0.00986000,180001.00000000,0.00985000,1053048.00000000,0.00984000,1720941.00000000,0.00983000,322178.00000000,0.00982000,303405.00000000,0.00981000,501755.00000000,0.00980000,591038.00000000,0.00979000,1889068.00000000,0.00989000,8400.00000000,0.00990000,509918.00000000,0.00991000,314626.00000000,0.00992000,738848.00000000,0.00993000,764947.00000000,0.00994000,211192.00000000,0.00995000,236670.00000000,0.00996000,243073.00000000,0.00997000,94860.00000000,0.00998000,111581.00000000,,,,,,,,,,,,,,,,,,,,,,,,,,,,,,,,,,,,,,,,,0.00005,
0,7,291,0.00989000,0.00998,0.91,1774137181151,0.00988000,50509.00000000,0.00987000,164378.00000000,0.00986000,180001.00000000,0.00985000,1053048.00000000,0.00984000,1720941.00000000,0.00983000,322178.00000000,0.00982000,303405.00000000,0.00981000,501755.00000000,0.00980000,591038.00000000,0.00979000,1889068.00000000,0.00989000,12280.00000000,0.00990000,509918.00000000,0.00991000,314626.00000000,0.00992000,738838.00000000,0.00993000,764947.00000000,0.00994000,211192.00000000,0.00995000,236670.00000000,0.00996000,243073.00000000,0.00997000,94860.00000000,0.00998000,111581.00000000,,,,,,,,,,,,,,,,,,,,,,,,,,,,,,,,,,,,,,,,,0.00005,
0,7,291,0.00989000,0.00998,0.91,1774137181452,0.00988000,50509.00000000,0.00987000,164378.00000000,0.00986000,180001.00000000,0.00985000,1053048.00000000,0.00984000,1783202.00000000,0.00983000,322178.00000000,0.00982000,241144.00000000,0.00981000,501755.00000000,0.00980000,695842.00000000,0.00979000,1889068.00000000,0.00989000,12280.00000000,0.00990000,509918.00000000,0.00991000,314626.00000000,0.00992000,738838.00000000,0.00993000,764947.00000000,0.00994000,211192.00000000,0.00995000,236670.00000000,0.00996000,243073.00000000,0.00997000,94860.00000000,0.00998000,111581.00000000,,,,,,,,,,,,,,,,,,,,,,,,,,,,,,,,,,,,,,,,,0.00005,
0,7,291,0.00989000,0.00998,0.91,1774137181753,0.00988000,49930.00000000,0.00987000,143809.00000000,0.00986000,167127.00000000,0.00985000,1053048.00000000,0.00984000,255865.00000000,0.00983000,301637.00000000,0.00982000,363192.00000000,0.00981000,501755.00000000,0.00980000,695842.00000000,0.00979000,163296.00000000,0.00989000,12280.00000000,0.00990000,478669.00000000,0.00991000,450306.00000000,0.00992000,838556.00000000,0.00993000,529298.00000000,0.00994000,211192.00000000,0.00995000,236670.00000000,0.00996000,243073.00000000,0.00997000,94860.00000000,0.00998000,150766.00000000,,,,,,,,,,,,,,,,,,,,,,,,,,,,,,,,,,,,,,,,,0.00005,
0,7,291,0.00989000,0.00998,0.91,1774137182054,0.00988000,49930.00000000,0.00987000,185994.00000000,0.00986000,192035.00000000,0.00985000,1053048.00000000,0.00984000,1764513.00000000,0.00983000,301637.00000000,0.00982000,300931.00000000,0.00981000,501755.00000000,0.00980000,695842.00000000,0.00979000,1738412.00000000,0.00989000,12280.00000000,0.00990000,513396.00000000,0.00991000,450306.00000000,0.00992000,838556.00000000,0.00993000,2017191.00000000,0.00994000,211192.00000000,0.00995000,236670.00000000,0.00996000,243073.00000000,0.00997000,94860.00000000,0.00998000,1686443.00000000,,,,,,,,,,,,,,,,,,,,,,,,,,,,,,,,,,,,,,,,,0.00005,
0,7,291,0.00989000,0.00998,0.91,1774137182354,0.00988000,49930.00000000,0.00987000,185994.00000000,0.00986000,192035.00000000,0.00985000,1053048.00000000,0.00984000,1764513.00000000,0.00983000,301637.00000000,0.00982000,300931.00000000,0.00981000,501755.00000000,0.00980000,736086.00000000,0.00979000,1738412.00000000,0.00989000,12280.00000000,0.00990000,513396.00000000,0.00991000,314626.00000000,0.00992000,838556.00000000,0.00993000,2017191.00000000,0.00994000,211192.00000000,0.00995000,236670.00000000,0.00996000,243073.00000000,0.00997000,94860.00000000,0.00998000,1686443.00000000,,,,,,,,,,,,,,,,,,,,,,,,,,,,,,,,,,,,,,,,,0.00005,
0,7,291,0.00989000,0.00998,0.91,1774137182654,0.00988000,49930.00000000,0.00987000,185994.00000000,0.00986000,192035.00000000,0.00985000,404876.00000000,0.00984000,1764513.00000000,0.00983000,301637.00000000,0.00982000,300931.00000000,0.00981000,501755.00000000,0.00980000,736086.00000000,0.00979000,1738412.00000000,0.00989000,12280.00000000,0.00990000,513396.00000000,0.00991000,314626.00000000,0.00992000,838556.00000000,0.00993000,2017191.00000000,0.00994000,211192.00000000,0.00995000,236670.00000000,0.00996000,243073.00000000,0.00997000,94860.00000000,0.00998000,1686443.00000000,,,,,,,,,,,,,,,,,,,,,,,,,,,,,,,,,,,,,,,,,0.00005,
0,7,291,0.00989000,0.00998,0.91,1774137182955,0.00988000,14559.00000000,0.00987000,143809.00000000,0.00986000,125500.00000000,0.00985000,404876.00000000,0.00984000,1702456.00000000,0.00983000,301637.00000000,0.00982000,364403.00000000,0.00981000,501755.00000000,0.00980000,736086.00000000,0.00979000,1737015.00000000,0.00989000,98596.00000000,0.00990000,478669.00000000,0.00991000,450306.00000000,0.00992000,838556.00000000,0.00993000,2017191.00000000,0.00994000,211192.00000000,0.00995000,236670.00000000,0.00996000,243073.00000000,0.00997000,94860.00000000,0.00998000,1686443.00000000,,,,,,,,,,,,,,,,,,,,,,,,,,,,,,,,,,,,,,,,,0.00005,
0,7,291,0.00989000,0.00999,1.0111,1774137183255,0.00988000,14559.00000000,0.00987000,143809.00000000,0.00986000,169619.00000000,0.00985000,404876.00000000,0.00984000,1702456.00000000,0.00983000,301637.00000000,0.00982000,364403.00000000,0.00981000,501755.00000000,0.00980000,736086.00000000,0.00979000,1737015.00000000,0.00989000,98596.00000000,0.00990000,478669.00000000,0.00991000,450306.00000000,0.00992000,838556.00000000,0.00993000,2017191.00000000,0.00994000,211192.00000000,0.00995000,236670.00000000,0.00996000,243073.00000000,0.00997000,94860.00000000,0.00998000,1686443.00000000,,,,,,,,,,,,,,,,,,,,,,,,,,,,,,,,,,,,,,,,,0.00005,
0,7,291,0.00989000,0.01,1.1122,1774137183556,0.00988000,14559.00000000,0.00987000,143809.00000000,0.00986000,167706.00000000,0.00985000,404876.00000000,0.00984000,1702456.00000000,0.00983000,301637.00000000,0.00982000,364403.00000000,0.00981000,501755.00000000,0.00980000,736086.00000000,0.00979000,1737015.00000000,0.00989000,157052.00000000,0.00990000,478669.00000000,0.00991000,450306.00000000,0.00992000,838556.00000000,0.00993000,2017191.00000000,0.00994000,211192.00000000,0.00995000,236670.00000000,0.00996000,243073.00000000,0.00997000,94860.00000000,0.00998000,1686443.00000000,,,,,,,,,,,,,,,,,,,,,,,,,,,,,,,,,,,,,,,,,0.00005,
0,7,291,0.00989000,0.01001,1.2133,1774137183856,0.00988000,56179.00000000,0.00987000,186015.00000000,0.00986000,167706.00000000,0.00985000,404876.00000000,0.00984000,1702456.00000000,0.00983000,301637.00000000,0.00982000,364403.00000000,0.00981000,501755.00000000,0.00980000,736086.00000000,0.00979000,1737015.00000000,0.00989000,106693.00000000,0.00990000,478669.00000000,0.00991000,450306.00000000,0.00992000,838556.00000000,0.00993000,2017191.00000000,0.00994000,211192.00000000,0.00995000,236670.00000000,0.00996000,243073.00000000,0.00997000,94860.00000000,0.00998000,1686443.00000000,,,,,,,,,,,,,,,,,,,,,,,,,,,,,,,,,,,,,,,,,0.00005,
0,7,291,0.00990000,0.01002,1.2121,1774137184157,0.00988000,56179.00000000,0.00987000,143809.00000000,0.00986000,167706.00000000,0.00985000,404876.00000000,0.00984000,1702456.00000000,0.00983000,301637.00000000,0.00982000,364403.00000000,0.00981000,501755.00000000,0.00980000,772848.00000000,0.00979000,1737015.00000000,0.00989000,143289.00000000,0.00990000,478669.00000000,0.00991000,450306.00000000,0.00992000,838556.00000000,0.00993000,2017191.00000000,0.00994000,211192.00000000,0.00995000,236670.00000000,0.00996000,243073.00000000,0.00997000,94860.00000000,0.00998000,1686443.00000000,,,,,,,,,,,,,,,,,,,,,,,,,,,,,,,,,,,,,,,,,0.00005,
0,7,291,0.00989000,0.01001,1.2133,1774137184458,0.00988000,56179.00000000,0.00987000,143809.00000000,0.00986000,167706.00000000,0.00985000,404876.00000000,0.00984000,1702456.00000000,0.00983000,301637.00000000,0.00982000,364403.00000000,0.00981000,501755.00000000,0.00980000,813071.00000000,0.00979000,1737015.00000000,0.00989000,143289.00000000,0.00990000,478669.00000000,0.00991000,450306.00000000,0.00992000,838556.00000000,0.00993000,2017191.00000000,0.00994000,211192.00000000,0.00995000,236670.00000000,0.00996000,243073.00000000,0.00997000,94860.00000000,0.00998000,1686443.00000000,,,,,,,,,,,,,,,,,,,,,,,,,,,,,,,,,,,,,,,,,0.00005,
0,7,291,0.00989000,0.01003,1.4156,1774137184759,0.00988000,56179.00000000,0.00987000,377614.00000000,0.00986000,125500.00000000,0.00985000,263219.00000000,0.00984000,1702456.00000000,0.00983000,301637.00000000,0.00982000,364403.00000000,0.00981000,501755.00000000,0.00980000,813071.00000000,0.00979000,1737015.00000000,0.00989000,107779.00000000,0.00990000,322555.00000000,0.00991000,464664.00000000,0.00992000,744476.00000000,0.00993000,1995017.00000000,0.00994000,211192.00000000,0.00995000,236670.00000000,0.00996000,264706.00000000,0.00997000,94860.00000000,0.00998000,1686443.00000000,,,,,,,,,,,,,,,,,,,,,,,,,,,,,,,,,,,,,,,,,0.00005,
0,7,291,0.00989000,0.01003,1.4156,1774137185060,0.00988000,8448.00000000,0.00987000,374972.00000000,0.00986000,167706.00000000,0.00985000,121486.00000000,0.00984000,1702456.00000000,0.00983000,301637.00000000,0.00982000,404274.00000000,0.00981000,501755.00000000,0.00980000,813071.00000000,0.00979000,1737015.00000000,0.00989000,145917.00000000,0.00990000,394239.00000000,0.00991000,464664.00000000,0.00992000,744476.00000000,0.00993000,1995017.00000000,0.00994000,211192.00000000,0.00995000,236670.00000000,0.00996000,264706.00000000,0.00997000,94860.00000000,0.00998000,1686443.00000000,,,,,,,,,,,,,,,,,,,,,,,,,,,,,,,,,,,,,,,,,0.00005,
0,7,291,0.00989000,0.01003,1.4156,1774137185360,0.00987000,382102.00000000,0.00986000,187938.00000000,0.00985000,121486.00000000,0.00984000,255865.00000000,0.00983000,301637.00000000,0.00982000,404274.00000000,0.00981000,501755.00000000,0.00980000,813071.00000000,0.00979000,161899.00000000,0.00978000,435430.00000000,0.00988000,64170.00000000,0.00989000,156773.00000000,0.00990000,481564.00000000,0.00991000,468957.00000000,0.00992000,2165326.00000000,0.00993000,407156.00000000,0.00994000,211192.00000000,0.00995000,259006.00000000,0.00996000,132541.00000000,0.00997000,1655053.00000000,,,,,,,,,,,,,,,,,,,,,,,,,,,,,,,,,,,,,,,,,0.00005,
0,7,291,0.00989000,0.01003,1.4156,1774137185661,0.00987000,363792.00000000,0.00986000,187938.00000000,0.00985000,121486.00000000,0.00984000,255865.00000000,0.00983000,301637.00000000,0.00982000,404274.00000000,0.00981000,501755.00000000,0.00980000,810611.00000000,0.00979000,161899.00000000,0.00978000,435430.00000000,0.00988000,77980.00000000,0.00989000,156773.00000000,0.00990000,362426.00000000,0.00991000,468957.00000000,0.00992000,2186507.00000000,0.00993000,407156.00000000,0.00994000,211192.00000000,0.00995000,259006.00000000,0.00996000,132541.00000000,0.00997000,1655053.00000000,,,,,,,,,,,,,,,,,,,,,,,,,,,,,,,,,,,,,,,,,0.00005,
0,7,291,0.00989000,0.01003,1.4156,1774137185962,0.00987000,222194.00000000,0.00986000,249317.00000000,0.00985000,263054.00000000,0.00984000,317990.00000000,0.00983000,301637.00000000,0.00982000,340802.00000000,0.00981000,501755.00000000,0.00980000,812020.00000000,0.00979000,161899.00000000,0.00978000,379265.00000000,0.00988000,22130.00000000,0.00989000,117901.00000000,0.00990000,362426.00000000,0.00991000,468957.00000000,0.00992000,2186507.00000000,0.00993000,407156.00000000,0.00994000,211192.00000000,0.00995000,263033.00000000,0.00996000,190096.00000000,0.00997000,1655053.00000000,,,,,,,,,,,,,,,,,,,,,,,,,,,,,,,,,,,,,,,,,0.00005,
0,7,291,0.00989000,0.01003,1.4156,1774137186263,0.00987000,220281.00000000,0.00986000,249317.00000000,0.00985000,263054.00000000,0.00984000,317990.00000000,0.00983000,301637.00000000,0.00982000,340802.00000000,0.00981000,501755.00000000,0.00980000,812020.00000000,0.00979000,161899.00000000,0.00978000,379265.00000000,0.00988000,22130.00000000,0.00989000,117901.00000000,0.00990000,362426.00000000,0.00991000,468957.00000000,0.00992000,2186507.00000000,0.00993000,407156.00000000,0.00994000,211192.00000000,0.00995000,263033.00000000,0.00996000,190096.00000000,0.00997000,1655053.00000000,,,,,,,,,,,,,,,,,,,,,,,,,,,,,,,,,,,,,,,,,0.00005,
0,7,291,0.00989000,0.01003,1.4156,1774137186563,0.00987000,220281.00000000,0.00986000,191762.00000000,0.00985000,263054.00000000,0.00984000,255865.00000000,0.00983000,301637.00000000,0.00982000,402927.00000000,0.00981000,501755.00000000,0.00980000,812020.00000000,0.00979000,366265.00000000,0.00978000,236955.00000000,0.00988000,137720.00000000,0.00989000,117901.00000000,0.00990000,362426.00000000,0.00991000,468957.00000000,0.00992000,2186507.00000000,0.00993000,407156.00000000,0.00994000,211192.00000000,0.00995000,263033.00000000,0.00996000,132541.00000000,0.00997000,1655053.00000000,,,,,,,,,,,,,,,,,,,,,,,,,,,,,,,,,,,,,,,,,0.00005,
0,7,291,0.00989000,0.01001,1.2133,1774137186864,0.00987000,220281.00000000,0.00986000,193676.00000000,0.00985000,263054.00000000,0.00984000,255865.00000000,0.00983000,301637.00000000,0.00982000,402927.00000000,0.00981000,501755.00000000,0.00980000,812020.00000000,0.00979000,366265.00000000,0.00978000,236955.00000000,0.00988000,138136.00000000,0.00989000,79763.00000000,0.00990000,363896.00000000,0.00991000,473011.00000000,0.00992000,2185034.00000000,0.00993000,407156.00000000,0.00994000,211192.00000000,0.00995000,263033.00000000,0.00996000,132541.00000000,0.00997000,1655053.00000000,,,,,,,,,,,,,,,,,,,,,,,,,,,,,,,,,,,,,,,,,0.00005,
0,7,291,0.00989000,0.01001,1.2133,1774137187165,0.00987000,220281.00000000,0.00986000,193676.00000000,0.00985000,263054.00000000,0.00984000,255865.00000000,0.00983000,301637.00000000,0.00982000,402927.00000000,0.00981000,501755.00000000,0.00980000,812020.00000000,0.00979000,366265.00000000,0.00978000,236955.00000000,0.00988000,172360.00000000,0.00989000,79763.00000000,0.00990000,363896.00000000,0.00991000,473011.00000000,0.00992000,2185034.00000000,0.00993000,407156.00000000,0.00994000,211192.00000000,0.00995000,263033.00000000,0.00996000,132541.00000000,0.00997000,1655053.00000000,,,,,,,,,,,,,,,,,,,,,,,,,,,,,,,,,,,,,,,,,0.00005,
0,7,291,0.00989000,0.01003,1.4156,1774137187466,0.00987000,220281.00000000,0.00986000,193676.00000000,0.00985000,263054.00000000,0.00984000,255865.00000000,0.00983000,301637.00000000,0.00982000,402927.00000000,0.00981000,501755.00000000,0.00980000,812020.00000000,0.00979000,366265.00000000,0.00978000,236955.00000000,0.00988000,172360.00000000,0.00989000,79763.00000000,0.00990000,363896.00000000,0.00991000,473011.00000000,0.00992000,2185034.00000000,0.00993000,407156.00000000,0.00994000,211192.00000000,0.00995000,263033.00000000,0.00996000,132541.00000000,0.00997000,1655053.00000000,,,,,,,,,,,,,,,,,,,,,,,,,,,,,,,,,,,,,,,,,0.00005,
0,7,291,0.00989000,0.01003,1.4156,1774137187766,0.00987000,220281.00000000,0.00986000,191762.00000000,0.00985000,263054.00000000,0.00984000,255865.00000000,0.00983000,1748228.00000000,0.00982000,402927.00000000,0.00981000,501755.00000000,0.00980000,812020.00000000,0.00979000,366265.00000000,0.00978000,1812071.00000000,0.00988000,227220.00000000,0.00989000,116690.00000000,0.00990000,363896.00000000,0.00991000,508040.00000000,0.00992000,2185034.00000000,0.00993000,372127.00000000,0.00994000,211192.00000000,0.00995000,263033.00000000,0.00996000,170126.00000000,0.00997000,1655053.00000000,,,,,,,,,,,,,,,,,,,,,,,,,,,,,,,,,,,,,,,,,0.00005,
0,7,291,0.00989000,0.01003,1.4156,1774137188067,0.00987000,220281.00000000,0.00986000,193677.00000000,0.00985000,263054.00000000,0.00984000,255865.00000000,0.00983000,1748228.00000000,0.00982000,402927.00000000,0.00981000,501755.00000000,0.00980000,812020.00000000,0.00979000,369247.00000000,0.00978000,1812071.00000000,0.00988000,192996.00000000,0.00989000,116690.00000000,0.00990000,363896.00000000,0.00991000,508040.00000000,0.00992000,2185034.00000000,0.00993000,372127.00000000,0.00994000,211192.00000000,0.00995000,263033.00000000,0.00996000,170126.00000000,0.00997000,1655053.00000000,,,,,,,,,,,,,,,,,,,,,,,,,,,,,,,,,,,,,,,,,0.00005,
0,7,291,0.00989000,0.01003,1.4156,1774137188367,0.00987000,220281.00000000,0.00986000,193677.00000000,0.00985000,263054.00000000,0.00984000,255865.00000000,0.00983000,1748228.00000000,0.00982000,402927.00000000,0.00981000,501755.00000000,0.00980000,812020.00000000,0.00979000,369247.00000000,0.00978000,1812071.00000000,0.00988000,140664.00000000,0.00989000,116690.00000000,0.00990000,363896.00000000,0.00991000,508040.00000000,0.00992000,2185034.00000000,0.00993000,372127.00000000,0.00994000,211192.00000000,0.00995000,263033.00000000,0.00996000,170126.00000000,0.00997000,1655053.00000000,,,,,,,,,,,,,,,,,,,,,,,,,,,,,,,,,,,,,,,,,0.00005,
0,7,291,0.00989000,0.01003,1.4156,1774137188668,0.00988000,85684.00000000,0.00987000,314052.00000000,0.00986000,191733.00000000,0.00985000,263054.00000000,0.00984000,317990.00000000,0.00983000,301637.00000000,0.00982000,340802.00000000,0.00981000,501755.00000000,0.00980000,812020.00000000,0.00979000,369247.00000000,0.00989000,9412.00000000,0.00990000,353749.00000000,0.00991000,268338.00000000,0.00992000,743610.00000000,0.00993000,1809227.00000000,0.00994000,211192.00000000,0.00995000,263033.00000000,0.00996000,226243.00000000,0.00997000,1655053.00000000,0.00998000,150766.00000000,,,,,,,,,,,,,,,,,,,,,,,,,,,,,,,,,,,,,,,,,0.00005,
0,7,291,0.00989000,0.01003,1.4156,1774137188969,0.00988000,94666.00000000,0.00987000,304917.00000000,0.00986000,191733.00000000,0.00985000,263054.00000000,0.00984000,317990.00000000,0.00983000,301637.00000000,0.00982000,340802.00000000,0.00981000,501755.00000000,0.00980000,812020.00000000,0.00979000,369247.00000000,0.00989000,119697.00000000,0.00990000,353749.00000000,0.00991000,262181.00000000,0.00992000,743610.00000000,0.00993000,1825500.00000000,0.00994000,211192.00000000,0.00995000,263033.00000000,0.00996000,281332.00000000,0.00997000,1655053.00000000,0.00998000,150766.00000000,,,,,,,,,,,,,,,,,,,,,,,,,,,,,,,,,,,,,,,,,0.00005,
0,7,291,0.00989000,0.01004,1.5167,1774137189269,0.00988000,109015.00000000,0.00987000,446426.00000000,0.00986000,177363.00000000,0.00985000,121486.00000000,0.00984000,1764581.00000000,0.00983000,301637.00000000,0.00982000,340802.00000000,0.00981000,501755.00000000,0.00980000,812020.00000000,0.00979000,1944363.00000000,0.00989000,51518.00000000,0.00990000,353749.00000000,0.00991000,262181.00000000,0.00992000,743610.00000000,0.00993000,1825500.00000000,0.00994000,211192.00000000,0.00995000,263033.00000000,0.00996000,281332.00000000,0.00997000,1655053.00000000,0.00998000,150766.00000000,,,,,,,,,,,,,,,,,,,,,,,,,,,,,,,,,,,,,,,,,0.00005,
0,7,291,0.00989000,0.01004,1.5167,1774137189570,0.00988000,117705.00000000,0.00987000,477372.00000000,0.00986000,177363.00000000,0.00985000,121486.00000000,0.00984000,1764581.00000000,0.00983000,301637.00000000,0.00982000,340802.00000000,0.00981000,501755.00000000,0.00980000,812020.00000000,0.00979000,369247.00000000,0.00989000,12301.00000000,0.00990000,350942.00000000,0.00991000,227152.00000000,0.00992000,780114.00000000,0.00993000,2202120.00000000,0.00994000,211192.00000000,0.00995000,263033.00000000,0.00996000,281332.00000000,0.00997000,94860.00000000,0.00998000,150766.00000000,,,,,,,,,,,,,,,,,,,,,,,,,,,,,,,,,,,,,,,,,0.00005,
0,7,291,0.00989000,0.01003,1.4156,1774137189871,0.00988000,45575.00000000,0.00987000,477372.00000000,0.00986000,167247.00000000,0.00985000,121486.00000000,0.00984000,1764581.00000000,0.00983000,301637.00000000,0.00982000,340802.00000000,0.00981000,501755.00000000,0.00980000,812020.00000000,0.00979000,161899.00000000,0.00989000,63635.00000000,0.00990000,311071.00000000,0.00991000,243425.00000000,0.00992000,779836.00000000,0.00993000,2050169.00000000,0.00994000,211192.00000000,0.00995000,263033.00000000,0.00996000,281332.00000000,0.00997000,94860.00000000,0.00998000,1707588.00000000,,,,,,,,,,,,,,,,,,,,,,,,,,,,,,,,,,,,,,,,,0.00005,
0,7,291,0.00989000,0.01003,1.4156,1774137190171,0.00988000,111579.00000000,0.00987000,477372.00000000,0.00986000,167247.00000000,0.00985000,121486.00000000,0.00984000,1764581.00000000,0.00983000,301637.00000000,0.00982000,343914.00000000,0.00981000,501755.00000000,0.00980000,812020.00000000,0.00979000,161899.00000000,0.00989000,45325.00000000,0.00990000,311071.00000000,0.00991000,262254.00000000,0.00992000,779836.00000000,0.00993000,2050169.00000000,0.00994000,211192.00000000,0.00995000,263033.00000000,0.00996000,281332.00000000,0.00997000,94860.00000000,0.00998000,1707588.00000000,,,,,,,,,,,,,,,,,,,,,,,,,,,,,,,,,,,,,,,,,0.00005,
0,7,291,0.00989000,0.01003,1.4156,1774137190472,0.00988000,111579.00000000,0.00987000,477372.00000000,0.00986000,167247.00000000,0.00985000,121486.00000000,0.00984000,1764581.00000000,0.00983000,301637.00000000,0.00982000,343914.00000000,0.00981000,501755.00000000,0.00980000,812020.00000000,0.00979000,1737015.00000000,0.00989000,45325.00000000,0.00990000,311071.00000000,0.00991000,262254.00000000,0.00992000,779836.00000000,0.00993000,2050169.00000000,0.00994000,211192.00000000,0.00995000,263033.00000000,0.00996000,283437.00000000,0.00997000,94860.00000000,0.00998000,1707588.00000000,,,,,,,,,,,,,,,,,,,,,,,,,,,,,,,,,,,,,,,,,0.00005,
0,7,291,0.00989000,0.01003,1.4156,1774137190773,0.00988000,111579.00000000,0.00987000,477372.00000000,0.00986000,167247.00000000,0.00985000,121486.00000000,0.00984000,1764581.00000000,0.00983000,301637.00000000,0.00982000,343914.00000000,0.00981000,501755.00000000,0.00980000,812020.00000000,0.00979000,1737015.00000000,0.00989000,45325.00000000,0.00990000,311071.00000000,0.00991000,262254.00000000,0.00992000,779836.00000000,0.00993000,2050169.00000000,0.00994000,211192.00000000,0.00995000,263033.00000000,0.00996000,283437.00000000,0.00997000,94860.00000000,0.00998000,1707588.00000000,,,,,,,,,,,,,,,,,,,,,,,,,,,,,,,,,,,,,,,,,0.00005,
0,7,291,0.00989000,0.01003,1.4156,1774137191074,0.00988000,111579.00000000,0.00987000,477372.00000000,0.00986000,167247.00000000,0.00985000,121486.00000000,0.00984000,1764581.00000000,0.00983000,301637.00000000,0.00982000,343914.00000000,0.00981000,501755.00000000,0.00980000,812020.00000000,0.00979000,1737015.00000000,0.00989000,45325.00000000,0.00990000,311071.00000000,0.00991000,262254.00000000,0.00992000,779836.00000000,0.00993000,2050169.00000000,0.00994000,211192.00000000,0.00995000,263033.00000000,0.00996000,283437.00000000,0.00997000,94860.00000000,0.00998000,1707588.00000000,,,,,,,,,,,,,,,,,,,,,,,,,,,,,,,,,,,,,,,,,0.00005,
0,7,291,0.00989000,0.01003,1.4156,1774137191374,0.00988000,111579.00000000,0.00987000,477372.00000000,0.00986000,167247.00000000,0.00985000,121486.00000000,0.00984000,1764581.00000000,0.00983000,301637.00000000,0.00982000,343914.00000000,0.00981000,501755.00000000,0.00980000,812020.00000000,0.00979000,1737015.00000000,0.00989000,45325.00000000,0.00990000,311071.00000000,0.00991000,262254.00000000,0.00992000,744807.00000000,0.00993000,2050169.00000000,0.00994000,246221.00000000,0.00995000,263033.00000000,0.00996000,283437.00000000,0.00997000,94860.00000000,0.00998000,1707588.00000000,,,,,,,,,,,,,,,,,,,,,,,,,,,,,,,,,,,,,,,,,0.00005,
0,7,291,0.00989000,0.01003,1.4156,1774137191674,0.00988000,111579.00000000,0.00987000,477372.00000000,0.00986000,167247.00000000,0.00985000,121486.00000000,0.00984000,1702456.00000000,0.00983000,301637.00000000,0.00982000,405971.00000000,0.00981000,501755.00000000,0.00980000,812020.00000000,0.00979000,1737015.00000000,0.00989000,45325.00000000,0.00990000,327344.00000000,0.00991000,243425.00000000,0.00992000,728534.00000000,0.00993000,2050169.00000000,0.00994000,246221.00000000,0.00995000,263033.00000000,0.00996000,283437.00000000,0.00997000,94860.00000000,0.00998000,1707588.00000000,,,,,,,,,,,,,,,,,,,,,,,,,,,,,,,,,,,,,,,,,0.00005,
0,7,291,0.00989000,0.01003,1.4156,1774137191975,0.00988000,107624.00000000,0.00987000,481355.00000000,0.00986000,167247.00000000,0.00985000,121486.00000000,0.00984000,1764513.00000000,0.00983000,301637.00000000,0.00982000,340802.00000000,0.00981000,501755.00000000,0.00980000,812020.00000000,0.00979000,1737015.00000000,0.00989000,45325.00000000,0.00990000,311071.00000000,0.00991000,243425.00000000,0.00992000,744807.00000000,0.00993000,2050169.00000000,0.00994000,246221.00000000,0.00995000,263033.00000000,0.00996000,283437.00000000,0.00997000,94860.00000000,0.00998000,1707588.00000000,,,,,,,,,,,,,,,,,,,,,,,,,,,,,,,,,,,,,,,,,0.00005,
0,7,291,0.00989000,0.01003,1.4156,1774137192276,0.00988000,107624.00000000,0.00987000,481355.00000000,0.00986000,167247.00000000,0.00985000,121486.00000000,0.00984000,1764513.00000000,0.00983000,301637.00000000,0.00982000,340802.00000000,0.00981000,501755.00000000,0.00980000,812020.00000000,0.00979000,1737015.00000000,0.00989000,45325.00000000,0.00990000,311071.00000000,0.00991000,243425.00000000,0.00992000,744807.00000000,0.00993000,2050169.00000000,0.00994000,246221.00000000,0.00995000,263033.00000000,0.00996000,283437.00000000,0.00997000,94860.00000000,0.00998000,1707588.00000000,,,,,,,,,,,,,,,,,,,,,,,,,,,,,,,,,,,,,,,,,0.00005,
0,7,291,0.00989000,0.01003,1.4156,1774137192577,0.00987000,330651.00000000,0.00986000,209453.00000000,0.00985000,121486.00000000,0.00984000,1764513.00000000,0.00983000,301637.00000000,0.00982000,342217.00000000,0.00981000,501755.00000000,0.00980000,810611.00000000,0.00979000,1737015.00000000,0.00978000,124725.00000000,0.00988000,590824.00000000,0.00989000,46337.00000000,0.00990000,311071.00000000,0.00991000,243425.00000000,0.00992000,744807.00000000,0.00993000,2050169.00000000,0.00994000,246221.00000000,0.00995000,263033.00000000,0.00996000,283437.00000000,0.00997000,94860.00000000,,,,,,,,,,,,,,,,,,,,,,,,,,,,,,,,,,,,,,,,,0.00005,
0,7,291,0.00989000,0.01003,1.4156,1774137192877,0.00987000,330606.00000000,0.00986000,229685.00000000,0.00985000,121486.00000000,0.00984000,317922.00000000,0.00983000,1748228.00000000,0.00982000,342217.00000000,0.00981000,501755.00000000,0.00980000,810611.00000000,0.00979000,161899.00000000,0.00978000,1699841.00000000,0.00988000,553260.00000000,0.00989000,62260.00000000,0.00990000,311071.00000000,0.00991000,243425.00000000,0.00992000,2222941.00000000,0.00993000,613069.00000000,0.00994000,246221.00000000,0.00995000,263033.00000000,0.00996000,283437.00000000,0.00997000,1623823.00000000,,,,,,,,,,,,,,,,,,,,,,,,,,,,,,,,,,,,,,,,,0.00005,
0,7,291,0.00989000,0.01004,1.5167,1774137193178,0.00987000,322206.00000000,0.00986000,229685.00000000,0.00985000,121486.00000000,0.00984000,317922.00000000,0.00983000,1748228.00000000,0.00982000,342217.00000000,0.00981000,501755.00000000,0.00980000,810611.00000000,0.00979000,161899.00000000,0.00978000,1699841.00000000,0.00988000,265283.00000000,0.00989000,60587.00000000,0.00990000,311071.00000000,0.00991000,243425.00000000,0.00992000,2222941.00000000,0.00993000,613069.00000000,0.00994000,246221.00000000,0.00995000,263033.00000000,0.00996000,283437.00000000,0.00997000,1638462.00000000,,,,,,,,,,,,,,,,,,,,,,,,,,,,,,,,,,,,,,,,,0.00005,
0,7,291,0.00989000,0.01005,1.6178,1774137193478,0.00987000,324129.00000000,0.00986000,229685.00000000,0.00985000,121486.00000000,0.00984000,317922.00000000,0.00983000,1748228.00000000,0.00982000,342217.00000000,0.00981000,501755.00000000,0.00980000,810611.00000000,0.00979000,161899.00000000,0.00978000,1699841.00000000,0.00988000,265283.00000000,0.00989000,60587.00000000,0.00990000,311071.00000000,0.00991000,243425.00000000,0.00992000,2222941.00000000,0.00993000,648098.00000000,0.00994000,211192.00000000,0.00995000,263033.00000000,0.00996000,283437.00000000,0.00997000,1638462.00000000,,,,,,,,,,,,,,,,,,,,,,,,,,,,,,,,,,,,,,,,,0.00005,
0,7,291,0.00989000,0.01005,1.6178,1774137193780,0.00989000,72217.00000000,0.00988000,229859.00000000,0.00987000,347502.00000000,0.00986000,232681.00000000,0.00985000,183543.00000000,0.00984000,1824178.00000000,0.00983000,239376.00000000,0.00982000,282430.00000000,0.00981000,501755.00000000,0.00980000,753649.00000000,0.00990000,44974.00000000,0.00991000,90896.00000000,0.00992000,516316.00000000,0.00993000,1673586.00000000,0.00994000,483957.00000000,0.00995000,150418.00000000,0.00996000,283437.00000000,0.00997000,218124.00000000,0.00998000,243538.00000000,0.00999000,201250.00000000,,,,,,,,,,,,,,,,,,,,,,,,,,,,,,,,,,,,,,,,,0.00005,
0,7,291,0.00989000,0.01005,1.6178,1774137194081,0.00991000,42397.00000000,0.00990000,173051.00000000,0.00989000,350998.00000000,0.00988000,232635.00000000,0.00987000,84045.00000000,0.00986000,294738.00000000,0.00985000,183543.00000000,0.00984000,299524.00000000,0.00983000,562843.00000000,0.00982000,305454.00000000,0.00992000,177286.00000000,0.00993000,111044.00000000,0.00994000,677461.00000000,0.00995000,646000.00000000,0.00996000,271295.00000000,0.00997000,240460.00000000,0.00998000,243538.00000000,0.00999000,222865.00000000,0.01000000,90386.00000000,0.01001000,92349.00000000,,,,,,,,,,,,,,,,,,,,,,,,,,,,,,,,,,,,,,,,,0.00005,
0,7,291,0.01009000,0.01004,-0.4955,1774137194381,0.00990000,87110.00000000,0.00989000,398967.00000000,0.00988000,232635.00000000,0.00987000,140949.00000000,0.00986000,354858.00000000,0.00985000,183543.00000000,0.00984000,239859.00000000,0.00983000,918879.00000000,0.00982000,305658.00000000,0.00981000,144993.00000000,0.00991000,61432.00000000,0.00992000,228410.00000000,0.00993000,99775.00000000,0.00994000,589509.00000000,0.00995000,409377.00000000,0.00996000,857714.00000000,0.00997000,117890.00000000,0.00998000,243538.00000000,0.00999000,245201.00000000,0.01000000,198838.00000000,,,,,,,,,,,,,,,,,,,,,,,,,,,,,,,,,,,,,,,,,0.00005,
0,7,291,0.01009000,0.01004,-0.4955,1774137194682,0.00990000,101452.00000000,0.00989000,398967.00000000,0.00988000,232635.00000000,0.00987000,140949.00000000,0.00986000,354858.00000000,0.00985000,223585.00000000,0.00984000,239859.00000000,0.00983000,918879.00000000,0.00982000,308123.00000000,0.00981000,144993.00000000,0.00991000,8400.00000000,0.00992000,228410.00000000,0.00993000,139817.00000000,0.00994000,593839.00000000,0.00995000,405002.00000000,0.00996000,857714.00000000,0.00997000,115870.00000000,0.00998000,266954.00000000,0.00999000,201250.00000000,0.01000000,198838.00000000,,,,,,,,,,,,,,,,,,,,,,,,,,,,,,,,,,,,,,,,,0.00005,
0,7,291,0.01009000,0.01004,-0.4955,1774137194983,0.00991000,23058.00000000,0.00990000,186784.00000000,0.00989000,378776.00000000,0.00988000,232635.00000000,0.00987000,140949.00000000,0.00986000,354858.00000000,0.00985000,223585.00000000,0.00984000,239859.00000000,0.00983000,918879.00000000,0.00982000,308123.00000000,0.00992000,153426.00000000,0.00993000,143631.00000000,0.00994000,558810.00000000,0.00995000,440031.00000000,0.00996000,857714.00000000,0.00997000,115870.00000000,0.00998000,266954.00000000,0.00999000,201250.00000000,0.01000000,198838.00000000,0.01001000,92349.00000000,,,,,,,,,,,,,,,,,,,,,,,,,,,,,,,,,,,,,,,,,0.00005,
0,7,291,0.01009000,0.01004,-0.4955,1774137195284,0.00991000,23058.00000000,0.00990000,186784.00000000,0.00989000,337212.00000000,0.00988000,232635.00000000,0.00987000,140949.00000000,0.00986000,393323.00000000,0.00985000,223585.00000000,0.00984000,242318.00000000,0.00983000,918879.00000000,0.00982000,308123.00000000,0.00992000,185740.00000000,0.00993000,143631.00000000,0.00994000,558810.00000000,0.00995000,440031.00000000,0.00996000,857714.00000000,0.00997000,115870.00000000,0.00998000,266954.00000000,0.00999000,201250.00000000,0.01000000,198838.00000000,0.01001000,130814.00000000,,,,,,,,,,,,,,,,,,,,,,,,,,,,,,,,,,,,,,,,,0.00005,
0,7,291,0.01009000,0.01004,-0.4955,1774137195585,0.00991000,63157.00000000,0.00990000,186784.00000000,0.00989000,347338.00000000,0.00988000,232635.00000000,0.00987000,203006.00000000,0.00986000,395662.00000000,0.00985000,161528.00000000,0.00984000,269548.00000000,0.00983000,918879.00000000,0.00982000,225764.00000000,0.00992000,18570.00000000,0.00993000,76383.00000000,0.00994000,558810.00000000,0.00995000,432421.00000000,0.00996000,892743.00000000,0.00997000,115870.00000000,0.00998000,266954.00000000,0.00999000,201250.00000000,0.01000000,253324.00000000,0.01001000,130814.00000000,,,,,,,,,,,,,,,,,,,,,,,,,,,,,,,,,,,,,,,,,0.00005,
0,7,291,0.01009000,0.01004,-0.4955,1774137195886,0.00992000,19983.00000000,0.00991000,129945.00000000,0.00990000,221110.00000000,0.00989000,409395.00000000,0.00988000,232635.00000000,0.00987000,203006.00000000,0.00986000,331266.00000000,0.00985000,161528.00000000,0.00984000,269548.00000000,0.00983000,918879.00000000,0.00993000,38315.00000000,0.00994000,333405.00000000,0.00995000,191424.00000000,0.00996000,909015.00000000,0.00997000,115870.00000000,0.00998000,266954.00000000,0.00999000,201250.00000000,0.01000000,307841.00000000,0.01001000,1673938.00000000,0.01002000,113519.00000000,,,,,,,,,,,,,,,,,,,,,,,,,,,,,,,,,,,,,,,,,0.00005,
0,7,291,0.01008000,0.01004,-0.3968,1774137196187,0.00992000,91057.00000000,0.00991000,454922.00000000,0.00990000,229257.00000000,0.00989000,121125.00000000,0.00988000,294692.00000000,0.00987000,203006.00000000,0.00986000,334999.00000000,0.00985000,161528.00000000,0.00984000,265880.00000000,0.00983000,861686.00000000,0.00993000,13776.00000000,0.00994000,171761.00000000,0.00995000,343554.00000000,0.00996000,814659.00000000,0.00997000,115870.00000000,0.00998000,244618.00000000,0.00999000,201250.00000000,0.01000000,330177.00000000,0.01001000,1673938.00000000,0.01002000,113519.00000000,,,,,,,,,,,,,,,,,,,,,,,,,,,,,,,,,,,,,,,,,0.00005,
0,7,291,0.01009000,0.01004,-0.4955,1774137196487,0.00991000,375228.00000000,0.00990000,217365.00000000,0.00989000,160662.00000000,0.00988000,294692.00000000,0.00987000,203006.00000000,0.00986000,334999.00000000,0.00985000,161528.00000000,0.00984000,265880.00000000,0.00983000,861686.00000000,0.00982000,163958.00000000,0.00992000,8400.00000000,0.00993000,54734.00000000,0.00994000,171761.00000000,0.00995000,327261.00000000,0.00996000,814659.00000000,0.00997000,132143.00000000,0.00998000,256214.00000000,0.00999000,223586.00000000,0.01000000,307841.00000000,0.01001000,1673938.00000000,,,,,,,,,,,,,,,,,,,,,,,,,,,,,,,,,,,,,,,,,0.00005,
0,7,291,0.01009000,0.01004,-0.4955,1774137196788,0.00991000,379055.00000000,0.00990000,237516.00000000,0.00989000,158267.00000000,0.00988000,331710.00000000,0.00987000,1649597.00000000,0.00986000,412599.00000000,0.00985000,162961.00000000,0.00984000,268175.00000000,0.00983000,861686.00000000,0.00982000,1737659.00000000,0.00992000,8400.00000000,0.00993000,103556.00000000,0.00994000,209651.00000000,0.00995000,327261.00000000,0.00996000,2240246.00000000,0.00997000,143947.00000000,0.00998000,306251.00000000,0.00999000,223586.00000000,0.01000000,307841.00000000,0.01001000,1673938.00000000,,,,,,,,,,,,,,,,,,,,,,,,,,,,,,,,,,,,,,,,,0.00005,
0,7,291,0.01009000,0.01004,-0.4955,1774137197089,0.00991000,379055.00000000,0.00990000,237516.00000000,0.00989000,158267.00000000,0.00988000,331710.00000000,0.00987000,1649597.00000000,0.00986000,412599.00000000,0.00985000,162961.00000000,0.00984000,268175.00000000,0.00983000,861686.00000000,0.00982000,1737659.00000000,0.00992000,8400.00000000,0.00993000,103556.00000000,0.00994000,209651.00000000,0.00995000,327261.00000000,0.00996000,2240246.00000000,0.00997000,143947.00000000,0.00998000,306251.00000000,0.00999000,223586.00000000,0.01000000,307841.00000000,0.01001000,1673938.00000000,,,,,,,,,,,,,,,,,,,,,,,,,,,,,,,,,,,,,,,,,0.00005,
0,7,291,0.01008000,0.01004,-0.3968,1774137197390,0.00991000,76521.00000000,0.00990000,115679.00000000,0.00989000,405328.00000000,0.00988000,269897.00000000,0.00987000,202804.00000000,0.00986000,412599.00000000,0.00985000,232432.00000000,0.00984000,268175.00000000,0.00983000,861686.00000000,0.00982000,107447.00000000,0.00992000,13257.00000000,0.00993000,118535.00000000,0.00994000,228493.00000000,0.00995000,498753.00000000,0.00996000,779630.00000000,0.00997000,127674.00000000,0.00998000,362983.00000000,0.00999000,223586.00000000,0.01000000,313401.00000000,0.01001000,145453.00000000,,,,,,,,,,,,,,,,,,,,,,,,,,,,,,,,,,,,,,,,,0.00005,
0,7,291,0.01008000,0.01004,-0.3968,1774137197691,0.00991000,76521.00000000,0.00990000,115679.00000000,0.00989000,405328.00000000,0.00988000,269897.00000000,0.00987000,202804.00000000,0.00986000,412599.00000000,0.00985000,232432.00000000,0.00984000,268175.00000000,0.00983000,861686.00000000,0.00982000,107447.00000000,0.00992000,13257.00000000,0.00993000,118535.00000000,0.00994000,228493.00000000,0.00995000,498753.00000000,0.00996000,779630.00000000,0.00997000,127674.00000000,0.00998000,362983.00000000,0.00999000,223586.00000000,0.01000000,313401.00000000,0.01001000,145453.00000000,,,,,,,,,,,,,,,,,,,,,,,,,,,,,,,,,,,,,,,,,0.00005,
0,7,291,0.01008000,0.01004,-0.3968,1774137197992,0.00991000,76521.00000000,0.00990000,115679.00000000,0.00989000,405328.00000000,0.00988000,269897.00000000,0.00987000,202804.00000000,0.00986000,412599.00000000,0.00985000,232432.00000000,0.00984000,268175.00000000,0.00983000,861686.00000000,0.00982000,107447.00000000,0.00992000,13257.00000000,0.00993000,118535.00000000,0.00994000,228493.00000000,0.00995000,498753.00000000,0.00996000,779630.00000000,0.00997000,127674.00000000,0.00998000,362983.00000000,0.00999000,223586.00000000,0.01000000,313401.00000000,0.01001000,145453.00000000,,,,,,,,,,,,,,,,,,,,,,,,,,,,,,,,,,,,,,,,,0.00005,
0,7,291,0.01008000,0.01004,-0.3968,1774137198292,0.00991000,76521.00000000,0.00990000,115679.00000000,0.00989000,405328.00000000,0.00988000,269897.00000000,0.00987000,202804.00000000,0.00986000,412599.00000000,0.00985000,232432.00000000,0.00984000,268175.00000000,0.00983000,861686.00000000,0.00982000,107447.00000000,0.00992000,13257.00000000,0.00993000,118535.00000000,0.00994000,228493.00000000,0.00995000,498753.00000000,0.00996000,779630.00000000,0.00997000,127674.00000000,0.00998000,362983.00000000,0.00999000,223586.00000000,0.01000000,313401.00000000,0.01001000,145453.00000000,,,,,,,,,,,,,,,,,,,,,,,,,,,,,,,,,,,,,,,,,0.00005,
0,7,291,0.01008000,0.01004,-0.3968,1774137198593,0.00991000,76521.00000000,0.00990000,115679.00000000,0.00989000,405328.00000000,0.00988000,269897.00000000,0.00987000,202804.00000000,0.00986000,412599.00000000,0.00985000,232432.00000000,0.00984000,268175.00000000,0.00983000,861686.00000000,0.00982000,107447.00000000,0.00992000,13257.00000000,0.00993000,118535.00000000,0.00994000,228493.00000000,0.00995000,498753.00000000,0.00996000,779630.00000000,0.00997000,127674.00000000,0.00998000,362983.00000000,0.00999000,223586.00000000,0.01000000,313401.00000000,0.01001000,145453.00000000,,,,,,,,,,,,,,,,,,,,,,,,,,,,,,,,,,,,,,,,,0.00005,
0,7,291,0.01008000,0.01003,-0.496,1774137198894,0.00991000,76521.00000000,0.00990000,115679.00000000,0.00989000,405328.00000000,0.00988000,269897.00000000,0.00987000,202804.00000000,0.00986000,412599.00000000,0.00985000,232432.00000000,0.00984000,268175.00000000,0.00983000,861686.00000000,0.00982000,107447.00000000,0.00992000,13257.00000000,0.00993000,118535.00000000,0.00994000,228493.00000000,0.00995000,498753.00000000,0.00996000,779630.00000000,0.00997000,127674.00000000,0.00998000,362983.00000000,0.00999000,223586.00000000,0.01000000,313401.00000000,0.01001000,145453.00000000,,,,,,,,,,,,,,,,,,,,,,,,,,,,,,,,,,,,,,,,,0.00005,
0,7,291,0.01008000,0.01003,-0.496,1774137199195,0.00991000,76521.00000000,0.00990000,115679.00000000,0.00989000,405328.00000000,0.00988000,269897.00000000,0.00987000,202804.00000000,0.00986000,412599.00000000,0.00985000,232432.00000000,0.00984000,268175.00000000,0.00983000,861686.00000000,0.00982000,107447.00000000,0.00992000,13257.00000000,0.00993000,118535.00000000,0.00994000,228493.00000000,0.00995000,498753.00000000,0.00996000,779630.00000000,0.00997000,127674.00000000,0.00998000,362983.00000000,0.00999000,223586.00000000,0.01000000,313401.00000000,0.01001000,145453.00000000,,,,,,,,,,,,,,,,,,,,,,,,,,,,,,,,,,,,,,,,,0.00005,
0,7,291,0.01008000,0.01003,-0.496,1774137199495,0.00991000,76521.00000000,0.00990000,115679.00000000,0.00989000,405328.00000000,0.00988000,269897.00000000,0.00987000,202804.00000000,0.00986000,412599.00000000,0.00985000,232432.00000000,0.00984000,268175.00000000,0.00983000,861686.00000000,0.00982000,107447.00000000,0.00992000,13257.00000000,0.00993000,118535.00000000,0.00994000,228493.00000000,0.00995000,498753.00000000,0.00996000,779630.00000000,0.00997000,127674.00000000,0.00998000,362983.00000000,0.00999000,223586.00000000,0.01000000,313401.00000000,0.01001000,145453.00000000,,,,,,,,,,,,,,,,,,,,,,,,,,,,,,,,,,,,,,,,,0.00005,
0,7,291,0.01009000,0.01003,-0.5946,1774137199796,0.00991000,76521.00000000,0.00990000,115679.00000000,0.00989000,405328.00000000,0.00988000,269897.00000000,0.00987000,202804.00000000,0.00986000,412599.00000000,0.00985000,232432.00000000,0.00984000,268175.00000000,0.00983000,861686.00000000,0.00982000,107447.00000000,0.00992000,13257.00000000,0.00993000,118535.00000000,0.00994000,228493.00000000,0.00995000,498753.00000000,0.00996000,779630.00000000,0.00997000,127674.00000000,0.00998000,362983.00000000,0.00999000,223586.00000000,0.01000000,313401.00000000,0.01001000,145453.00000000,,,,,,,,,,,,,,,,,,,,,,,,,,,,,,,,,,,,,,,,,0.00005,
0,7,291,0.01009000,0.01003,-0.5946,1774137200097,0.00991000,76521.00000000,0.00990000,115679.00000000,0.00989000,405328.00000000,0.00988000,269897.00000000,0.00987000,202804.00000000,0.00986000,412599.00000000,0.00985000,232432.00000000,0.00984000,268175.00000000,0.00983000,861686.00000000,0.00982000,107447.00000000,0.00992000,13257.00000000,0.00993000,118535.00000000,0.00994000,228493.00000000,0.00995000,498753.00000000,0.00996000,779630.00000000,0.00997000,127674.00000000,0.00998000,362983.00000000,0.00999000,223586.00000000,0.01000000,313401.00000000,0.01001000,145453.00000000,,,,,,,,,,,,,,,,,,,,,,,,,,,,,,,,,,,,,,,,,0.00005,
0,7,291,0.01008000,0.01003,-0.496,1774137200397,0.00991000,76521.00000000,0.00990000,115679.00000000,0.00989000,405328.00000000,0.00988000,269897.00000000,0.00987000,202804.00000000,0.00986000,412599.00000000,0.00985000,232432.00000000,0.00984000,268175.00000000,0.00983000,861686.00000000,0.00982000,107447.00000000,0.00992000,13257.00000000,0.00993000,118535.00000000,0.00994000,228493.00000000,0.00995000,498753.00000000,0.00996000,779630.00000000,0.00997000,127674.00000000,0.00998000,362983.00000000,0.00999000,223586.00000000,0.01000000,313401.00000000,0.01001000,145453.00000000,,,,,,,,,,,,,,,,,,,,,,,,,,,,,,,,,,,,,,,,,0.00005,
0,7,291,0.01008000,0.01003,-0.496,1774137200697,0.00991000,76521.00000000,0.00990000,115679.00000000,0.00989000,405328.00000000,0.00988000,269897.00000000,0.00987000,202804.00000000,0.00986000,412599.00000000,0.00985000,232432.00000000,0.00984000,268175.00000000,0.00983000,861686.00000000,0.00982000,107447.00000000,0.00992000,13257.00000000,0.00993000,118535.00000000,0.00994000,228493.00000000,0.00995000,498753.00000000,0.00996000,779630.00000000,0.00997000,127674.00000000,0.00998000,362983.00000000,0.00999000,223586.00000000,0.01000000,313401.00000000,0.01001000,145453.00000000,,,,,,,,,,,,,,,,,,,,,,,,,,,,,,,,,,,,,,,,,0.00005,
0,7,291,0.01007000,0.01003,-0.3972,1774137200999,0.00991000,76521.00000000,0.00990000,115679.00000000,0.00989000,405328.00000000,0.00988000,269897.00000000,0.00987000,202804.00000000,0.00986000,412599.00000000,0.00985000,232432.00000000,0.00984000,268175.00000000,0.00983000,861686.00000000,0.00982000,107447.00000000,0.00992000,13257.00000000,0.00993000,118535.00000000,0.00994000,228493.00000000,0.00995000,498753.00000000,0.00996000,779630.00000000,0.00997000,127674.00000000,0.00998000,362983.00000000,0.00999000,223586.00000000,0.01000000,313401.00000000,0.01001000,145453.00000000,,,,,,,,,,,,,,,,,,,,,,,,,,,,,,,,,,,,,,,,,0.00005,
0,7,291,0.01008000,0.01003,-0.496,1774137201299,0.00991000,76521.00000000,0.00990000,115679.00000000,0.00989000,405328.00000000,0.00988000,269897.00000000,0.00987000,202804.00000000,0.00986000,412599.00000000,0.00985000,232432.00000000,0.00984000,268175.00000000,0.00983000,861686.00000000,0.00982000,107447.00000000,0.00992000,13257.00000000,0.00993000,118535.00000000,0.00994000,228493.00000000,0.00995000,498753.00000000,0.00996000,779630.00000000,0.00997000,127674.00000000,0.00998000,362983.00000000,0.00999000,223586.00000000,0.01000000,313401.00000000,0.01001000,145453.00000000,,,,,,,,,,,,,,,,,,,,,,,,,,,,,,,,,,,,,,,,,0.00005,
0,7,291,0.01008000,0.01003,-0.496,1774137201600,0.00991000,76521.00000000,0.00990000,115679.00000000,0.00989000,405328.00000000,0.00988000,269897.00000000,0.00987000,202804.00000000,0.00986000,412599.00000000,0.00985000,232432.00000000,0.00984000,268175.00000000,0.00983000,861686.00000000,0.00982000,107447.00000000,0.00992000,13257.00000000,0.00993000,118535.00000000,0.00994000,228493.00000000,0.00995000,498753.00000000,0.00996000,779630.00000000,0.00997000,127674.00000000,0.00998000,362983.00000000,0.00999000,223586.00000000,0.01000000,313401.00000000,0.01001000,145453.00000000,,,,,,,,,,,,,,,,,,,,,,,,,,,,,,,,,,,,,,,,,0.00005,
0,7,291,0.01005000,0.01001,-0.398,1774137201900,0.00991000,76521.00000000,0.00990000,115679.00000000,0.00989000,405328.00000000,0.00988000,269897.00000000,0.00987000,202804.00000000,0.00986000,412599.00000000,0.00985000,232432.00000000,0.00984000,268175.00000000,0.00983000,861686.00000000,0.00982000,107447.00000000,0.00992000,13257.00000000,0.00993000,118535.00000000,0.00994000,228493.00000000,0.00995000,498753.00000000,0.00996000,779630.00000000,0.00997000,127674.00000000,0.00998000,362983.00000000,0.00999000,223586.00000000,0.01000000,313401.00000000,0.01001000,145453.00000000,,,,,,,,,,,,,,,,,,,,,,,,,,,,,,,,,,,,,,,,,0.00005,
0,7,291,0.01005000,0.01001,-0.398,1774137202201,0.00991000,76521.00000000,0.00990000,115679.00000000,0.00989000,405328.00000000,0.00988000,269897.00000000,0.00987000,202804.00000000,0.00986000,412599.00000000,0.00985000,232432.00000000,0.00984000,268175.00000000,0.00983000,861686.00000000,0.00982000,107447.00000000,0.00992000,13257.00000000,0.00993000,118535.00000000,0.00994000,228493.00000000,0.00995000,498753.00000000,0.00996000,779630.00000000,0.00997000,127674.00000000,0.00998000,362983.00000000,0.00999000,223586.00000000,0.01000000,313401.00000000,0.01001000,145453.00000000,,,,,,,,,,,,,,,,,,,,,,,,,,,,,,,,,,,,,,,,,0.00005,
0,7,291,0.01005000,0.01001,-0.398,1774137202502,0.00991000,76521.00000000,0.00990000,115679.00000000,0.00989000,405328.00000000,0.00988000,269897.00000000,0.00987000,202804.00000000,0.00986000,412599.00000000,0.00985000,232432.00000000,0.00984000,268175.00000000,0.00983000,861686.00000000,0.00982000,107447.00000000,0.00992000,13257.00000000,0.00993000,118535.00000000,0.00994000,228493.00000000,0.00995000,498753.00000000,0.00996000,779630.00000000,0.00997000,127674.00000000,0.00998000,362983.00000000,0.00999000,223586.00000000,0.01000000,313401.00000000,0.01001000,145453.00000000,,,,,,,,,,,,,,,,,,,,,,,,,,,,,,,,,,,,,,,,,0.00005,
0,7,291,0.01005000,0.01001,-0.398,1774137202803,0.00991000,76521.00000000,0.00990000,115679.00000000,0.00989000,405328.00000000,0.00988000,269897.00000000,0.00987000,202804.00000000,0.00986000,412599.00000000,0.00985000,232432.00000000,0.00984000,268175.00000000,0.00983000,861686.00000000,0.00982000,107447.00000000,0.00992000,13257.00000000,0.00993000,118535.00000000,0.00994000,228493.00000000,0.00995000,498753.00000000,0.00996000,779630.00000000,0.00997000,127674.00000000,0.00998000,362983.00000000,0.00999000,223586.00000000,0.01000000,313401.00000000,0.01001000,145453.00000000,,,,,,,,,,,,,,,,,,,,,,,,,,,,,,,,,,,,,,,,,0.00005,
0,7,291,0.01005000,0.01001,-0.398,1774137203103,0.00991000,76521.00000000,0.00990000,115679.00000000,0.00989000,405328.00000000,0.00988000,269897.00000000,0.00987000,202804.00000000,0.00986000,412599.00000000,0.00985000,232432.00000000,0.00984000,268175.00000000,0.00983000,861686.00000000,0.00982000,107447.00000000,0.00992000,13257.00000000,0.00993000,118535.00000000,0.00994000,228493.00000000,0.00995000,498753.00000000,0.00996000,779630.00000000,0.00997000,127674.00000000,0.00998000,362983.00000000,0.00999000,223586.00000000,0.01000000,313401.00000000,0.01001000,145453.00000000,,,,,,,,,,,,,,,,,,,,,,,,,,,,,,,,,,,,,,,,,0.00005,
0,7,291,0.01005000,0.01001,-0.398,1774137203404,0.00991000,76521.00000000,0.00990000,115679.00000000,0.00989000,405328.00000000,0.00988000,269897.00000000,0.00987000,202804.00000000,0.00986000,412599.00000000,0.00985000,232432.00000000,0.00984000,268175.00000000,0.00983000,861686.00000000,0.00982000,107447.00000000,0.00992000,13257.00000000,0.00993000,118535.00000000,0.00994000,228493.00000000,0.00995000,498753.00000000,0.00996000,779630.00000000,0.00997000,127674.00000000,0.00998000,362983.00000000,0.00999000,223586.00000000,0.01000000,313401.00000000,0.01001000,145453.00000000,,,,,,,,,,,,,,,,,,,,,,,,,,,,,,,,,,,,,,,,,0.00005,
0,7,291,0.01005000,0.01,-0.4975,1774137203705,0.00991000,76521.00000000,0.00990000,115679.00000000,0.00989000,405328.00000000,0.00988000,269897.00000000,0.00987000,202804.00000000,0.00986000,412599.00000000,0.00985000,232432.00000000,0.00984000,268175.00000000,0.00983000,861686.00000000,0.00982000,107447.00000000,0.00992000,13257.00000000,0.00993000,118535.00000000,0.00994000,228493.00000000,0.00995000,498753.00000000,0.00996000,779630.00000000,0.00997000,127674.00000000,0.00998000,362983.00000000,0.00999000,223586.00000000,0.01000000,313401.00000000,0.01001000,145453.00000000,,,,,,,,,,,,,,,,,,,,,,,,,,,,,,,,,,,,,,,,,0.00005,
0,7,291,0.01004000,0.01,-0.3984,1774137204005,0.00991000,76521.00000000,0.00990000,115679.00000000,0.00989000,405328.00000000,0.00988000,269897.00000000,0.00987000,202804.00000000,0.00986000,412599.00000000,0.00985000,232432.00000000,0.00984000,268175.00000000,0.00983000,861686.00000000,0.00982000,107447.00000000,0.00992000,13257.00000000,0.00993000,118535.00000000,0.00994000,228493.00000000,0.00995000,498753.00000000,0.00996000,779630.00000000,0.00997000,127674.00000000,0.00998000,362983.00000000,0.00999000,223586.00000000,0.01000000,313401.00000000,0.01001000,145453.00000000,,,,,,,,,,,,,,,,,,,,,,,,,,,,,,,,,,,,,,,,,0.00005,
0,7,291,0.01004000,0.01,-0.3984,1774137204306,0.00991000,76521.00000000,0.00990000,115679.00000000,0.00989000,405328.00000000,0.00988000,269897.00000000,0.00987000,202804.00000000,0.00986000,412599.00000000,0.00985000,232432.00000000,0.00984000,268175.00000000,0.00983000,861686.00000000,0.00982000,107447.00000000,0.00992000,13257.00000000,0.00993000,118535.00000000,0.00994000,228493.00000000,0.00995000,498753.00000000,0.00996000,779630.00000000,0.00997000,127674.00000000,0.00998000,362983.00000000,0.00999000,223586.00000000,0.01000000,313401.00000000,0.01001000,145453.00000000,,,,,,,,,,,,,,,,,,,,,,,,,,,,,,,,,,,,,,,,,0.00005,
0,7,291,0.01004000,0.01,-0.3984,1774137204607,0.00991000,76521.00000000,0.00990000,115679.00000000,0.00989000,405328.00000000,0.00988000,269897.00000000,0.00987000,202804.00000000,0.00986000,412599.00000000,0.00985000,232432.00000000,0.00984000,268175.00000000,0.00983000,861686.00000000,0.00982000,107447.00000000,0.00992000,13257.00000000,0.00993000,118535.00000000,0.00994000,228493.00000000,0.00995000,498753.00000000,0.00996000,779630.00000000,0.00997000,127674.00000000,0.00998000,362983.00000000,0.00999000,223586.00000000,0.01000000,313401.00000000,0.01001000,145453.00000000,,,,,,,,,,,,,,,,,,,,,,,,,,,,,,,,,,,,,,,,,0.00005,
0,7,291,0.01004000,0.01,-0.3984,1774137204908,0.00991000,76521.00000000,0.00990000,115679.00000000,0.00989000,405328.00000000,0.00988000,269897.00000000,0.00987000,202804.00000000,0.00986000,412599.00000000,0.00985000,232432.00000000,0.00984000,268175.00000000,0.00983000,861686.00000000,0.00982000,107447.00000000,0.00992000,13257.00000000,0.00993000,118535.00000000,0.00994000,228493.00000000,0.00995000,498753.00000000,0.00996000,779630.00000000,0.00997000,127674.00000000,0.00998000,362983.00000000,0.00999000,223586.00000000,0.01000000,313401.00000000,0.01001000,145453.00000000,,,,,,,,,,,,,,,,,,,,,,,,,,,,,,,,,,,,,,,,,0.00005,
0,7,291,0.01004000,0.01,-0.3984,1774137205208,0.00991000,76521.00000000,0.00990000,115679.00000000,0.00989000,405328.00000000,0.00988000,269897.00000000,0.00987000,202804.00000000,0.00986000,412599.00000000,0.00985000,232432.00000000,0.00984000,268175.00000000,0.00983000,861686.00000000,0.00982000,107447.00000000,0.00992000,13257.00000000,0.00993000,118535.00000000,0.00994000,228493.00000000,0.00995000,498753.00000000,0.00996000,779630.00000000,0.00997000,127674.00000000,0.00998000,362983.00000000,0.00999000,223586.00000000,0.01000000,313401.00000000,0.01001000,145453.00000000,,,,,,,,,,,,,,,,,,,,,,,,,,,,,,,,,,,,,,,,,0.00005,
0,7,291,0.01004000,0.01,-0.3984,1774137205509,0.00991000,76521.00000000,0.00990000,115679.00000000,0.00989000,405328.00000000,0.00988000,269897.00000000,0.00987000,202804.00000000,0.00986000,412599.00000000,0.00985000,232432.00000000,0.00984000,268175.00000000,0.00983000,861686.00000000,0.00982000,107447.00000000,0.00992000,13257.00000000,0.00993000,118535.00000000,0.00994000,228493.00000000,0.00995000,498753.00000000,0.00996000,779630.00000000,0.00997000,127674.00000000,0.00998000,362983.00000000,0.00999000,223586.00000000,0.01000000,313401.00000000,0.01001000,145453.00000000,,,,,,,,,,,,,,,,,,,,,,,,,,,,,,,,,,,,,,,,,0.00005,
0,7,291,0.01004000,0.01,-0.3984,1774137205809,0.01002000,539576.00000000,0.01001000,412397.00000000,0.01000000,283685.00000000,0.00999000,429777.00000000,0.00998000,2256612.00000000,0.00997000,416630.00000000,0.00996000,213063.00000000,0.00995000,542206.00000000,0.00994000,869423.00000000,0.00993000,1649917.00000000,0.01004000,55685.00000000,0.01005000,216114.00000000,0.01006000,405319.00000000,0.01007000,321383.00000000,0.01008000,2086308.00000000,0.01009000,517143.00000000,0.01010000,272739.00000000,0.01011000,446753.00000000,0.01012000,219373.00000000,0.01013000,2116272.00000000,,,,,,,,,,,,,,,,,,,,,,,,,,,,,,,,,,,,,,,,,0.00005,
0,7,291,0.01004000,0.01,-0.3984,1774137206110,0.01002000,539576.00000000,0.01001000,373753.00000000,0.01000000,283685.00000000,0.00999000,429777.00000000,0.00998000,2256612.00000000,0.00997000,416630.00000000,0.00996000,213063.00000000,0.00995000,542206.00000000,0.00994000,869423.00000000,0.00993000,1649917.00000000,0.01004000,55685.00000000,0.01005000,216114.00000000,0.01006000,405319.00000000,0.01007000,321383.00000000,0.01008000,2184252.00000000,0.01009000,552172.00000000,0.01010000,272739.00000000,0.01011000,446753.00000000,0.01012000,714033.00000000,0.01013000,2116272.00000000,,,,,,,,,,,,,,,,,,,,,,,,,,,,,,,,,,,,,,,,,0.00005,
0,7,291,0.01004000,0.01,-0.3984,1774137206411,0.01002000,539576.00000000,0.01001000,373753.00000000,0.01000000,283685.00000000,0.00999000,429777.00000000,0.00998000,2256612.00000000,0.00997000,416630.00000000,0.00996000,213063.00000000,0.00995000,542206.00000000,0.00994000,869423.00000000,0.00993000,1649917.00000000,0.01004000,55685.00000000,0.01005000,216114.00000000,0.01006000,405319.00000000,0.01007000,360665.00000000,0.01008000,2184252.00000000,0.01009000,552172.00000000,0.01010000,272739.00000000,0.01011000,446753.00000000,0.01012000,714033.00000000,0.01013000,2116272.00000000,,,,,,,,,,,,,,,,,,,,,,,,,,,,,,,,,,,,,,,,,0.00005,
0,7,291,0.01004000,0.01,-0.3984,1774137206711,0.01002000,539576.00000000,0.01001000,373753.00000000,0.01000000,283685.00000000,0.00999000,330845.00000000,0.00998000,2256612.00000000,0.00997000,416630.00000000,0.00996000,410875.00000000,0.00995000,542206.00000000,0.00994000,869423.00000000,0.00993000,1649917.00000000,0.01004000,55685.00000000,0.01005000,216114.00000000,0.01006000,405319.00000000,0.01007000,261733.00000000,0.01008000,2184252.00000000,0.01009000,552172.00000000,0.01010000,272739.00000000,0.01011000,248160.00000000,0.01012000,219373.00000000,0.01013000,1671074.00000000,,,,,,,,,,,,,,,,,,,,,,,,,,,,,,,,,,,,,,,,,0.00005,
0,7,291,0.01004000,0.01,-0.3984,1774137207012,0.01002000,539576.00000000,0.01001000,373753.00000000,0.01000000,283685.00000000,0.00999000,330845.00000000,0.00998000,2256612.00000000,0.00997000,416630.00000000,0.00996000,410875.00000000,0.00995000,542206.00000000,0.00994000,869423.00000000,0.00993000,1649917.00000000,0.01004000,55685.00000000,0.01005000,216114.00000000,0.01006000,405319.00000000,0.01007000,261733.00000000,0.01008000,2184252.00000000,0.01009000,552172.00000000,0.01010000,272739.00000000,0.01011000,248160.00000000,0.01012000,219373.00000000,0.01013000,1671074.00000000,,,,,,,,,,,,,,,,,,,,,,,,,,,,,,,,,,,,,,,,,0.00005,
0,7,291,0.01004000,0.01,-0.3984,1774137207313,0.01002000,539576.00000000,0.01001000,373753.00000000,0.01000000,283685.00000000,0.00999000,330845.00000000,0.00998000,2256612.00000000,0.00997000,416630.00000000,0.00996000,410875.00000000,0.00995000,542206.00000000,0.00994000,869423.00000000,0.00993000,1649917.00000000,0.01004000,55685.00000000,0.01005000,216114.00000000,0.01006000,405319.00000000,0.01007000,261733.00000000,0.01008000,2184252.00000000,0.01009000,749772.00000000,0.01010000,272739.00000000,0.01011000,248160.00000000,0.01012000,219373.00000000,0.01013000,1671074.00000000,,,,,,,,,,,,,,,,,,,,,,,,,,,,,,,,,,,,,,,,,0.00005,
0,7,291,0.01004000,0.01,-0.3984,1774137207613,0.01002000,539576.00000000,0.01001000,373753.00000000,0.01000000,283685.00000000,0.00999000,330845.00000000,0.00998000,2256612.00000000,0.00997000,416630.00000000,0.00996000,410875.00000000,0.00995000,542206.00000000,0.00994000,869423.00000000,0.00993000,1649917.00000000,0.01004000,55685.00000000,0.01005000,216114.00000000,0.01006000,406835.00000000,0.01007000,261733.00000000,0.01008000,2182733.00000000,0.01009000,749772.00000000,0.01010000,272739.00000000,0.01011000,248160.00000000,0.01012000,219373.00000000,0.01013000,1671074.00000000,,,,,,,,,,,,,,,,,,,,,,,,,,,,,,,,,,,,,,,,,0.00005,
0,7,291,0.01004000,0.01,-0.3984,1774137207914,0.01002000,539576.00000000,0.01001000,373753.00000000,0.01000000,283685.00000000,0.00999000,330845.00000000,0.00998000,2256612.00000000,0.00997000,416630.00000000,0.00996000,410875.00000000,0.00995000,542206.00000000,0.00994000,869423.00000000,0.00993000,1649917.00000000,0.01004000,55685.00000000,0.01005000,216114.00000000,0.01006000,406835.00000000,0.01007000,261733.00000000,0.01008000,2182733.00000000,0.01009000,749772.00000000,0.01010000,272739.00000000,0.01011000,248160.00000000,0.01012000,219373.00000000,0.01013000,1671074.00000000,,,,,,,,,,,,,,,,,,,,,,,,,,,,,,,,,,,,,,,,,0.00005,
0,7,291,0.01001000,0.01,-0.0999,1774137208215,0.01002000,539576.00000000,0.01001000,373753.00000000,0.01000000,283685.00000000,0.00999000,330845.00000000,0.00998000,2256612.00000000,0.00997000,416630.00000000,0.00996000,410875.00000000,0.00995000,542206.00000000,0.00994000,869423.00000000,0.00993000,1649917.00000000,0.01004000,55685.00000000,0.01005000,216114.00000000,0.01006000,406835.00000000,0.01007000,261733.00000000,0.01008000,2182733.00000000,0.01009000,749772.00000000,0.01010000,272739.00000000,0.01011000,248160.00000000,0.01012000,219373.00000000,0.01013000,1671074.00000000,,,,,,,,,,,,,,,,,,,,,,,,,,,,,,,,,,,,,,,,,0.00005,
