spot_source_id,fut_source_id,symbol_id,ask_spot,bid_futures,spread_pct,ts,s_b1,s_b2,s_b3,s_b4,s_b5,s_b6,s_b7,s_b8,s_b9,s_b10,s_bq1,s_bq2,s_bq3,s_bq4,s_bq5,s_bq6,s_bq7,s_bq8,s_bq9,s_bq10,s_a1,s_a2,s_a3,s_a4,s_a5,s_a6,s_a7,s_a8,s_a9,s_a10,s_aq1,s_aq2,s_aq3,s_aq4,s_aq5,s_aq6,s_aq7,s_aq8,s_aq9,s_aq10,f_b1,f_b2,f_b3,f_b4,f_b5,f_b6,f_b7,f_b8,f_b9,f_b10,f_bq1,f_bq2,f_bq3,f_bq4,f_bq5,f_bq6,f_bq7,f_bq8,f_bq9,f_bq10,f_a1,f_a2,f_a3,f_a4,f_a5,f_a6,f_a7,f_a8,f_a9,f_a10,f_aq1,f_aq2,f_aq3,f_aq4,f_aq5,f_aq6,f_aq7,f_aq8,f_aq9,f_aq10,fr_r,fr_ft
0,5,384,2.39800000,2.391,-0.2919,1774137100000,2.39500000,0.57000000,2.39400000,298.82000000,2.39300000,1119.65000000,2.39200000,691.66000000,2.39100000,732.80000000,2.39000000,905.17000000,2.38900000,947.31000000,2.38800000,751.36000000,2.38700000,1096.89000000,2.38600000,2696.38000000,2.39600000,16.82000000,2.39700000,246.16000000,2.39800000,312.18000000,2.39900000,1927.52000000,2.40000000,3473.12000000,2.40100000,1559.24000000,2.40200000,1915.88000000,2.40300000,1883.58000000,2.40400000,1352.67000000,2.40500000,811.20000000,2.391,2696,2.39,18747,2.389,18815,2.388,19187,2.387,41240,2.386,44584,2.385,16073,2.384,13869,2.383,15743,2.382,11981,2.392,3953,2.393,21779,2.394,18559,2.395,25708,2.396,30117,2.397,39800,2.398,34810,2.399,41420,2.4,21574,2.401,18847,,
0,5,384,2.39700000,2.391,-0.2503,1774137101000,2.39500000,36.57000000,2.39400000,1229.53000000,2.39300000,1452.36000000,2.39200000,1549.43000000,2.39100000,1466.41000000,2.39000000,710.92000000,2.38900000,858.60000000,2.38800000,1570.99000000,2.38700000,1096.89000000,2.38600000,1133.41000000,2.39700000,578.60000000,2.39800000,452.60000000,2.39900000,1424.93000000,2.40000000,2554.92000000,2.40100000,2076.76000000,2.40200000,2344.87000000,2.40300000,1423.49000000,2.40400000,1630.55000000,2.40500000,768.38000000,2.40600000,366.03000000,2.391,2754,2.39,18747,2.389,18815,2.388,19187,2.387,41240,2.386,48720,2.385,16073,2.384,13869,2.383,15743,2.382,11981,2.392,1953,2.393,16587,2.394,18559,2.395,25708,2.396,30117,2.397,39800,2.398,34810,2.399,41420,2.4,21575,2.401,18847,,
0,5,384,2.39500000,2.389,-0.2505,1774137102000,2.39300000,384.21000000,2.39200000,927.07000000,2.39100000,744.74000000,2.39000000,1609.18000000,2.38900000,956.77000000,2.38800000,1195.55000000,2.38700000,586.07000000,2.38600000,1295.94000000,2.38500000,1106.39000000,2.38400000,892.33000000,2.39500000,491.06000000,2.39600000,323.78000000,2.39700000,1196.68000000,2.39800000,2228.63000000,2.39900000,2192.36000000,2.40000000,3201.28000000,2.40100000,576.51000000,2.40200000,1590.21000000,2.40300000,391.57000000,2.40400000,63.66000000,2.39,3756,2.389,13659,2.388,17699,2.387,22683,2.386,24790,2.385,23363,2.384,35364,2.383,25552,2.382,12711,2.381,23015,2.391,6392,2.392,27567,2.393,23123,2.394,20376,2.395,29747,2.396,30006,2.397,24889,2.398,20465,2.399,18116,2.4,17587,,
0,5,384,2.39800000,2.392,-0.2502,1774137103000,2.39600000,314.95000000,2.39500000,679.49000000,2.39400000,1503.59000000,2.39300000,1501.60000000,2.39200000,2274.99000000,2.39100000,313.81000000,2.39000000,2034.80000000,2.38900000,593.96000000,2.38800000,905.83000000,2.38700000,248.67000000,2.39800000,1016.80000000,2.39900000,458.70000000,2.40000000,1527.68000000,2.40100000,2297.74000000,2.40200000,1488.08000000,2.40300000,2592.87000000,2.40400000,1691.09000000,2.40500000,596.03000000,2.40600000,366.03000000,2.40700000,55.40000000,2.392,2413,2.391,23727,2.39,22270,2.389,20768,2.388,27189,2.387,38197,2.386,36650,2.385,15641,2.384,23880,2.383,18963,2.393,2534,2.394,14792,2.395,21039,2.396,20428,2.397,22888,2.398,24565,2.399,22075,2.4,17007,2.401,31615,2.402,18450,,
0,5,384,2.39700000,2.392,-0.2086,1774137104000,2.39300000,1056.16000000,2.39200000,1797.16000000,2.39100000,213.81000000,2.39000000,2145.84000000,2.38900000,715.84000000,2.38800000,1591.58000000,2.38700000,1302.87000000,2.38600000,409.25000000,2.38500000,14.51000000,2.38400000,415.53000000,2.39600000,38.90000000,2.39700000,295.98000000,2.39800000,698.35000000,2.39900000,458.43000000,2.40000000,2054.76000000,2.40100000,2297.74000000,2.40200000,1488.08000000,2.40300000,2592.87000000,2.40400000,1691.09000000,2.40500000,1122.12000000,2.392,324,2.391,19387,2.39,22275,2.389,20768,2.388,22162,2.387,22460,2.386,28335,2.385,15376,2.384,23880,2.383,18963,2.393,8409,2.394,22340,2.395,21039,2.396,22627,2.397,27023,2.398,30822,2.399,20167,2.4,22000,2.401,27450,2.402,18450,,
0,5,384,2.39500000,2.389,-0.2505,1774137105000,2.39200000,322.67000000,2.39100000,618.36000000,2.39000000,1527.06000000,2.38900000,1152.97000000,2.38800000,1592.67000000,2.38700000,1216.03000000,2.38600000,298.39000000,2.38500000,1643.17000000,2.38400000,896.08000000,2.38300000,557.05000000,2.39400000,313.65000000,2.39500000,820.31000000,2.39600000,919.32000000,2.39700000,2030.65000000,2.39800000,2794.20000000,2.39900000,2026.27000000,2.40000000,1968.89000000,2.40100000,1288.70000000,2.40200000,1066.98000000,2.40300000,1066.54000000,2.388,2745,2.387,18065,2.386,22006,2.385,19468,2.384,38499,2.383,30010,2.382,9862,2.381,20737,2.38,264707,2.379,15609,2.389,5771,2.39,22186,2.391,23329,2.392,23982,2.393,27580,2.394,29552,2.395,31273,2.396,26232,2.397,19007,2.398,35461,,
0,5,384,2.39400000,2.386,-0.3342,1774137106000,2.39000000,55.46000000,2.38900000,504.33000000,2.38800000,1391.42000000,2.38700000,1353.48000000,2.38600000,460.48000000,2.38500000,1204.08000000,2.38400000,982.07000000,2.38300000,868.49000000,2.38200000,1812.04000000,2.38100000,305.04000000,2.39100000,24.06000000,2.39200000,289.88000000,2.39300000,823.65000000,2.39400000,1237.59000000,2.39500000,1167.66000000,2.39600000,2570.95000000,2.39700000,2596.74000000,2.39800000,2741.50000000,2.39900000,1808.68000000,2.40000000,912.32000000,2.387,4479,2.386,13918,2.385,17663,2.384,21551,2.383,16958,2.382,22403,2.381,108099,2.38,276846,2.379,14867,2.378,9245,2.388,10956,2.389,21863,2.39,29506,2.391,21490,2.392,34127,2.393,34716,2.394,25535,2.395,16424,2.396,23393,2.397,20240,,
0,5,384,2.39300000,2.39,-0.1254,1774137107000,2.39400000,45.00000000,2.39300000,1146.54000000,2.39200000,639.25000000,2.39100000,1616.59000000,2.39000000,1438.22000000,2.38900000,1366.79000000,2.38800000,995.72000000,2.38700000,1646.71000000,2.38600000,368.88000000,2.38500000,586.37000000,2.39600000,862.96000000,2.39700000,308.74000000,2.39800000,1271.68000000,2.39900000,1973.09000000,2.40000000,2360.89000000,2.40100000,1985.93000000,2.40200000,2736.00000000,2.40300000,902.64000000,2.40400000,63.66000000,2.40500000,69.53000000,2.39,7278,2.389,25138,2.388,24221,2.387,23863,2.386,25746,2.385,33384,2.384,23471,2.383,12976,2.382,9523,2.381,21506,2.391,137,2.392,15072,2.393,22172,2.394,21103,2.395,24758,2.396,32632,2.397,23269,2.398,31063,2.399,19397,2.4,23645,,
0,5,384,2.39200000,2.388,-0.1672,1774137108000,2.39200000,49.18000000,2.39100000,302.62000000,2.39000000,657.14000000,2.38900000,1576.69000000,2.38800000,1054.73000000,2.38700000,1208.25000000,2.38600000,478.32000000,2.38500000,1122.46000000,2.38400000,368.89000000,2.38300000,34.39000000,2.39400000,750.35000000,2.39500000,734.98000000,2.39600000,1058.68000000,2.39700000,2320.41000000,2.39800000,2376.46000000,2.39900000,1920.27000000,2.40000000,2017.35000000,2.40100000,600.69000000,2.40200000,1662.84000000,2.40300000,366.06000000,2.388,3140,2.387,14085,2.386,16751,2.385,15407,2.384,25795,2.383,21744,2.382,13722,2.381,36344,2.38,262976,2.379,12390,2.389,8745,2.39,26625,2.391,23428,2.392,23711,2.393,30188,2.394,33939,2.395,17323,2.396,23151,2.397,18774,2.398,16042,,
0,5,384,2.39300000,2.388,-0.2089,1774137109000,2.39200000,389.39000000,2.39100000,294.01000000,2.39000000,635.76000000,2.38900000,1579.00000000,2.38800000,1341.49000000,2.38700000,1357.81000000,2.38600000,457.14000000,2.38500000,1662.92000000,2.38400000,368.89000000,2.38300000,226.40000000,2.39400000,646.03000000,2.39500000,194.34000000,2.39600000,1005.86000000,2.39700000,2320.41000000,2.39800000,2323.64000000,2.39900000,1920.27000000,2.40000000,2558.51000000,2.40100000,600.69000000,2.40200000,588.96000000,2.40300000,366.06000000,2.389,3054,2.388,17519,2.387,24525,2.386,14750,2.385,22378,2.384,27712,2.383,23485,2.382,23446,2.381,36568,2.38,260744,2.39,9866,2.391,22385,2.392,18128,2.393,24552,2.394,27250,2.395,22845,2.396,40392,2.397,18774,2.398,16043,2.399,11950,,
0,5,384,2.39500000,2.388,-0.2923,1774137110000,2.39100000,176.99000000,2.39000000,226.27000000,2.38900000,1671.72000000,2.38800000,1341.49000000,2.38700000,1357.81000000,2.38600000,457.14000000,2.38500000,1751.74000000,2.38400000,900.48000000,2.38300000,226.40000000,2.38200000,422.18000000,2.39300000,159.25000000,2.39400000,382.76000000,2.39500000,418.43000000,2.39600000,1590.26000000,2.39700000,2320.41000000,2.39800000,2855.23000000,2.39900000,1920.27000000,2.40000000,2018.16000000,2.40100000,600.69000000,2.40200000,588.96000000,2.388,1071,2.387,13163,2.386,11829,2.385,28777,2.384,20738,2.383,22046,2.382,32001,2.381,30223,2.38,262976,2.379,12658,2.389,12866,2.39,21777,2.391,23388,2.392,23237,2.393,27492,2.394,32376,2.395,16158,2.396,23378,2.397,33807,2.398,22963,,
0,5,384,2.39400000,2.387,-0.2924,1774137111000,2.39000000,49.18000000,2.38900000,1026.23000000,2.38800000,1207.25000000,2.38700000,821.33000000,2.38600000,457.14000000,2.38500000,1751.74000000,2.38400000,1029.08000000,2.38300000,390.13000000,2.38200000,756.82000000,2.38100000,305.04000000,2.39100000,45.00000000,2.39200000,88.09000000,2.39300000,314.29000000,2.39400000,772.55000000,2.39500000,1567.46000000,2.39600000,1590.26000000,2.39700000,2320.41000000,2.39800000,2684.31000000,2.39900000,1513.92000000,2.40000000,1449.42000000,2.387,2533,2.386,9245,2.385,18947,2.384,21475,2.383,18324,2.382,25848,2.381,36934,2.38,263206,2.379,15134,2.378,9496,2.388,10311,2.389,21391,2.39,23254,2.391,23772,2.392,29503,2.393,38265,2.394,28902,2.395,16986,2.396,23055,2.397,37979,,
0,5,384,2.39400000,2.384,-0.4177,1774137112000,2.38900000,49.18000000,2.38800000,615.08000000,2.38700000,1296.15000000,2.38600000,818.71000000,2.38500000,1443.95000000,2.38400000,1213.83000000,2.38300000,1217.82000000,2.38200000,770.21000000,2.38100000,639.90000000,2.38000000,1495.44000000,2.39100000,245.59000000,2.39200000,208.01000000,2.39300000,627.59000000,2.39400000,769.37000000,2.39500000,2860.78000000,2.39600000,1590.26000000,2.39700000,2267.59000000,2.39800000,2324.71000000,2.39900000,945.99000000,2.40000000,928.65000000,2.385,4244,2.384,15380,2.383,15353,2.382,22170,2.381,97572,2.38,271569,2.379,26251,2.378,11973,2.377,13427,2.376,20525,2.386,2325,2.387,18415,2.388,19342,2.389,22719,2.39,33787,2.391,27814,2.392,35807,2.393,28599,2.394,37121,2.395,16159,,
0,5,384,2.39300000,2.388,-0.2089,1774137113000,2.39200000,51.31000000,2.39100000,369.91000000,2.39000000,1462.81000000,2.38900000,462.28000000,2.38800000,1373.02000000,2.38700000,1378.99000000,2.38600000,980.47000000,2.38500000,1211.28000000,2.38400000,900.48000000,2.38300000,1552.48000000,2.39300000,215.27000000,2.39400000,55.46000000,2.39500000,418.43000000,2.39600000,1886.75000000,2.39700000,1783.98000000,2.39800000,2204.21000000,2.39900000,1514.49000000,2.40000000,1292.36000000,2.40100000,52.61000000,2.40200000,20.74000000,2.388,3322,2.387,18711,2.386,23545,2.385,28077,2.384,15493,2.383,17043,2.382,15387,2.381,17993,2.38,264710,2.379,23775,2.389,9292,2.39,24551,2.391,22621,2.392,27785,2.393,26041,2.394,41627,2.395,23974,2.396,25195,2.397,16785,2.398,15538,,
0,5,384,2.39200000,2.388,-0.1672,1774137114000,2.39100000,208.47000000,2.39000000,700.98000000,2.38900000,562.28000000,2.38800000,1373.02000000,2.38700000,1476.04000000,2.38600000,980.47000000,2.38500000,1211.28000000,2.38400000,900.48000000,2.38300000,1615.12000000,2.38200000,422.18000000,2.39300000,45.00000000,2.39400000,313.34000000,2.39500000,272.94000000,2.39600000,833.56000000,2.39700000,1983.61000000,2.39800000,2204.21000000,2.39900000,2054.82000000,2.40000000,1813.98000000,2.40100000,1663.05000000,2.40200000,20.74000000,2.387,3399,2.386,11599,2.385,25202,2.384,15497,2.383,20088,2.382,23721,2.381,18314,2.38,279752,2.379,11877,2.378,15087,2.388,4270,2.389,24811,2.39,20633,2.391,19692,2.392,31866,2.393,29124,2.394,36089,2.395,16482,2.396,39406,2.397,16785,,
0,5,384,2.39300000,2.387,-0.2507,1774137115000,2.39100000,49.19000000,2.39000000,179.49000000,2.38900000,645.87000000,2.38800000,1373.02000000,2.38700000,1994.56000000,2.38600000,1238.52000000,2.38500000,1211.28000000,2.38400000,988.04000000,2.38300000,1325.54000000,2.38200000,756.84000000,2.39200000,50.81000000,2.39300000,144.81000000,2.39400000,313.34000000,2.39500000,272.94000000,2.39600000,1217.07000000,2.39700000,2304.69000000,2.39800000,2725.03000000,2.39900000,1514.49000000,2.40000000,1813.98000000,2.40100000,1142.75000000,2.387,2636,2.386,17388,2.385,25202,2.384,16963,2.383,19899,2.382,30276,2.381,18314,2.38,279752,2.379,11877,2.378,10730,2.388,8201,2.389,21339,2.39,16864,2.391,19082,2.392,32179,2.393,28706,2.394,34011,2.395,16482,2.396,39406,2.397,16785,,
0,5,384,2.39200000,2.387,-0.209,1774137116000,2.39100000,49.19000000,2.39000000,795.82000000,2.38900000,645.87000000,2.38800000,1373.02000000,2.38700000,1994.56000000,2.38600000,1238.52000000,2.38500000,1211.28000000,2.38400000,988.04000000,2.38300000,798.53000000,2.38200000,756.84000000,2.39200000,50.81000000,2.39300000,144.81000000,2.39400000,313.34000000,2.39500000,272.94000000,2.39600000,1217.07000000,2.39700000,2304.69000000,2.39800000,2725.03000000,2.39900000,1514.49000000,2.40000000,1813.98000000,2.40100000,1142.75000000,2.387,2326,2.386,12430,2.385,25202,2.384,16963,2.383,19899,2.382,29878,2.381,18314,2.38,279752,2.379,11877,2.378,10730,2.388,9420,2.389,21606,2.39,16323,2.391,19082,2.392,32179,2.393,28706,2.394,34197,2.395,16482,2.396,39223,2.397,16785,,
0,5,384,2.39200000,2.387,-0.209,1774137117000,2.39100000,49.19000000,2.39000000,795.82000000,2.38900000,645.87000000,2.38800000,1373.02000000,2.38700000,1994.56000000,2.38600000,1238.52000000,2.38500000,1211.28000000,2.38400000,988.04000000,2.38300000,798.53000000,2.38200000,756.84000000,2.39200000,5.81000000,2.39300000,144.81000000,2.39400000,313.34000000,2.39500000,272.94000000,2.39600000,1217.07000000,2.39700000,2304.69000000,2.39800000,2725.03000000,2.39900000,1514.49000000,2.40000000,1813.98000000,2.40100000,1142.75000000,2.387,4568,2.386,15617,2.385,25202,2.384,16963,2.383,19899,2.382,29878,2.381,18314,2.38,279752,2.379,11877,2.378,15135,2.388,5416,2.389,21606,2.39,16864,2.391,19082,2.392,32179,2.393,28889,2.394,34014,2.395,16482,2.396,39223,2.397,16785,,
0,5,384,2.39200000,2.387,-0.209,1774137118000,2.39000000,269.83000000,2.38900000,472.49000000,2.38800000,1373.02000000,2.38700000,1994.56000000,2.38600000,1238.52000000,2.38500000,1211.28000000,2.38400000,1187.36000000,2.38300000,606.66000000,2.38200000,756.84000000,2.38100000,522.68000000,2.39200000,184.80000000,2.39300000,144.81000000,2.39400000,313.34000000,2.39500000,325.74000000,2.39600000,1017.44000000,2.39700000,2504.32000000,2.39800000,2725.03000000,2.39900000,1514.49000000,2.40000000,1813.98000000,2.40100000,1142.75000000,2.387,324,2.386,5506,2.385,25202,2.384,16963,2.383,19899,2.382,29485,2.381,18112,2.38,279752,2.379,11877,2.378,12226,2.388,10676,2.389,19130,2.39,20373,2.391,19498,2.392,32179,2.393,33486,2.394,30454,2.395,17099,2.396,39223,2.397,16785,,
0,5,384,2.39100000,2.386,-0.2091,1774137119000,2.39000000,49.19000000,2.38900000,270.26000000,2.38800000,1145.98000000,2.38700000,1476.04000000,2.38600000,1238.52000000,2.38500000,1507.21000000,2.38400000,988.04000000,2.38300000,1089.12000000,2.38200000,422.18000000,2.38100000,857.49000000,2.39200000,195.27000000,2.39300000,149.00000000,2.39400000,935.13000000,2.39500000,2414.87000000,2.39600000,1017.44000000,2.39700000,2556.06000000,2.39800000,2698.38000000,2.39900000,1514.49000000,2.40000000,768.85000000,2.40100000,621.15000000,2.386,4919,2.385,17925,2.384,16234,2.383,18515,2.382,20063,2.381,110429,2.38,279758,2.379,10608,2.378,14685,2.377,9405,2.387,2317,2.388,22924,2.389,20201,2.39,26023,2.391,27917,2.392,34693,2.393,26371,2.394,22276,2.395,16685,2.396,39223,,
0,5,384,2.39100000,2.386,-0.2091,1774137120000,2.38800000,48.16000000,2.38700000,671.69000000,2.38600000,1418.45000000,2.38500000,443.26000000,2.38400000,988.04000000,2.38300000,1667.62000000,2.38200000,1056.52000000,2.38100000,350.04000000,2.38000000,1686.66000000,2.37900000,297.96000000,2.38900000,115.05000000,2.39100000,161.50000000,2.39200000,195.27000000,2.39300000,204.11000000,2.39400000,987.93000000,2.39500000,2412.57000000,2.39600000,964.58000000,2.39700000,2503.20000000,2.39800000,2282.41000000,2.39900000,1514.49000000,2.384,2547,2.383,10878,2.382,21878,2.381,101744,2.38,274828,2.379,33862,2.378,13777,2.377,12157,2.376,23190,2.375,16613,2.385,7726,2.386,18097,2.387,22430,2.388,19457,2.389,27724,2.39,33041,2.391,30281,2.392,30685,2.393,22284,2.394,22276,-0.0000644352856053,1774152000000
0,5,384,2.38900000,2.382,-0.293,1774137121000,2.38500000,607.04000000,2.38400000,643.60000000,2.38300000,1333.92000000,2.38200000,1135.29000000,2.38100000,1454.30000000,2.38000000,2320.63000000,2.37900000,158.80000000,2.37800000,852.96000000,2.37700000,281.97000000,2.37600000,308.00000000,2.38700000,303.25000000,2.38800000,106.54000000,2.38900000,415.68000000,2.39000000,969.47000000,2.39100000,2139.52000000,2.39200000,1513.10000000,2.39300000,2891.73000000,2.39400000,313.34000000,2.39500000,1729.31000000,2.39600000,419.06000000,2.378,7394,2.377,19918,2.376,16779,2.375,21655,2.374,20733,2.373,17115,2.372,13501,2.371,17760,2.37,18245,2.369,10096,2.379,5170,2.38,14161,2.381,18000,2.382,24404,2.383,17488,2.384,28640,2.385,32004,2.386,34898,2.387,40621,2.388,36381,,
0,5,384,2.38900000,2.38,-0.3767,1774137122000,2.38400000,12.58000000,2.38300000,251.12000000,2.38200000,310.47000000,2.38100000,205.39000000,2.38000000,2550.58000000,2.37900000,650.27000000,2.37800000,267.43000000,2.37700000,879.46000000,2.37600000,807.91000000,2.37500000,1616.39000000,2.38500000,593.08000000,2.38600000,739.67000000,2.38700000,2556.43000000,2.38800000,1551.81000000,2.38900000,3198.61000000,2.39000000,615.45000000,2.39100000,1924.46000000,2.39200000,66.26000000,2.39300000,632.23000000,2.39400000,313.34000000,2.38,7370,2.379,13018,2.378,23286,2.377,22008,2.376,33092,2.375,28544,2.374,21332,2.373,16848,2.372,22066,2.371,27779,2.381,3139,2.382,15186,2.383,20200,2.384,22463,2.385,28098,2.386,40309,2.387,40992,2.388,28487,2.389,17587,2.39,29965,,
0,5,384,2.38700000,2.379,-0.3351,1774137123000,2.38500000,53.66000000,2.38400000,483.21000000,2.38300000,1632.98000000,2.38200000,1572.97000000,2.38100000,1739.92000000,2.38000000,2771.19000000,2.37900000,340.72000000,2.37800000,1324.10000000,2.37700000,952.18000000,2.37600000,988.61000000,2.38600000,437.20000000,2.38700000,298.85000000,2.38800000,438.88000000,2.38900000,1931.38000000,2.39000000,1765.71000000,2.39100000,2588.94000000,2.39200000,1131.51000000,2.39300000,1574.95000000,2.39400000,784.25000000,2.39500000,134.06000000,2.379,3380,2.378,17583,2.377,24508,2.376,30051,2.375,23090,2.374,27577,2.373,30928,2.372,35657,2.371,14819,2.37,18968,2.38,9217,2.381,16545,2.382,23602,2.383,20365,2.384,30406,2.385,30352,2.386,33739,2.387,28389,2.388,28487,2.389,36444,,
0,5,384,2.38700000,2.378,-0.377,1774137124000,2.38400000,45.00000000,2.38300000,369.15000000,2.38200000,464.11000000,2.38100000,1696.23000000,2.38000000,3696.14000000,2.37900000,522.75000000,2.37800000,1569.20000000,2.37700000,526.27000000,2.37600000,1850.83000000,2.37500000,1098.57000000,2.38600000,1457.17000000,2.38700000,273.01000000,2.38800000,953.70000000,2.38900000,1849.00000000,2.39000000,2020.96000000,2.39100000,2395.31000000,2.39200000,1015.55000000,2.39300000,1104.04000000,2.39400000,313.34000000,2.39500000,134.06000000,2.379,3382,2.378,17586,2.377,22221,2.376,23756,2.375,23694,2.374,30053,2.373,30927,2.372,19058,2.371,14819,2.37,18744,2.38,3523,2.381,18689,2.382,14948,2.383,18601,2.384,33200,2.385,37042,2.386,33739,2.387,28389,2.388,28487,2.389,21359,,
0,5,384,2.38600000,2.375,-0.461,1774137125000,2.38000000,1440.98000000,2.37900000,295.72000000,2.37800000,332.29000000,2.37700000,1338.96000000,2.37600000,706.68000000,2.37500000,1087.73000000,2.37400000,1382.24000000,2.37300000,1072.92000000,2.37200000,123.43000000,2.37100000,568.22000000,2.38100000,131.97000000,2.38200000,326.18000000,2.38300000,445.28000000,2.38400000,646.35000000,2.38500000,1631.07000000,2.38600000,1750.49000000,2.38700000,2291.93000000,2.38800000,964.62000000,2.38900000,1165.74000000,2.39000000,1137.09000000,2.376,6961,2.375,11672,2.374,23091,2.373,18875,2.372,24599,2.371,29271,2.37,33746,2.369,17254,2.368,13229,2.367,31075,2.378,14126,2.379,18923,2.38,24932,2.381,29298,2.382,32839,2.383,30978,2.384,28641,2.385,18799,2.386,20361,2.387,28385,,
0,5,384,2.38500000,2.377,-0.3354,1774137126000,2.38200000,134.00000000,2.38100000,317.52000000,2.38000000,704.91000000,2.37900000,1017.94000000,2.37800000,712.49000000,2.37700000,955.06000000,2.37600000,1218.30000000,2.37500000,1694.03000000,2.37400000,779.49000000,2.37300000,1120.32000000,2.38400000,114.61000000,2.38500000,286.75000000,2.38600000,638.02000000,2.38700000,1446.76000000,2.38800000,1738.04000000,2.38900000,963.37000000,2.39000000,974.16000000,2.39100000,818.35000000,2.39200000,55.47000000,2.39300000,55.47000000,2.377,2173,2.376,12418,2.375,11611,2.374,18897,2.373,23036,2.372,34458,2.371,39540,2.37,21200,2.369,15338,2.368,11938,2.378,6673,2.379,13686,2.38,13565,2.381,16661,2.382,23159,2.383,24712,2.384,22781,2.385,21064,2.386,15695,2.387,11573,,
0,5,384,2.38500000,2.372,-0.5451,1774137127000,2.38200000,317.40000000,2.38100000,1100.93000000,2.38000000,1140.34000000,2.37900000,471.22000000,2.37800000,1340.38000000,2.37700000,1263.97000000,2.37600000,1218.30000000,2.37500000,1260.36000000,2.37400000,779.49000000,2.37300000,671.96000000,2.38400000,247.91000000,2.38500000,310.40000000,2.38600000,779.39000000,2.38700000,861.61000000,2.38800000,1437.99000000,2.38900000,1539.57000000,2.39000000,1550.56000000,2.39100000,1281.27000000,2.39200000,1083.61000000,2.39300000,55.47000000,2.373,2495,2.372,14986,2.371,15522,2.37,21029,2.369,22052,2.368,17476,2.367,14359,2.366,37823,2.365,11926,2.364,16589,2.374,5997,2.375,19879,2.376,17369,2.377,17808,2.378,20211,2.379,21653,2.38,24045,2.381,27882,2.382,16457,2.383,10986,,
0,5,384,2.38400000,2.375,-0.3775,1774137128000,2.37900000,427.14000000,2.37800000,324.25000000,2.37700000,867.27000000,2.37600000,481.69000000,2.37500000,1045.07000000,2.37400000,403.31000000,2.37300000,1736.98000000,2.37200000,1630.49000000,2.37100000,403.85000000,2.37000000,917.71000000,2.38100000,10.52000000,2.38200000,382.98000000,2.38300000,1187.65000000,2.38400000,1527.46000000,2.38500000,512.26000000,2.38600000,2575.38000000,2.38700000,1868.18000000,2.38800000,505.78000000,2.38900000,631.69000000,2.39000000,69.59000000,2.374,2495,2.373,16886,2.372,14996,2.371,13174,2.37,27370,2.369,33225,2.368,28134,2.367,33502,2.366,18269,2.365,9450,2.375,8191,2.376,16600,2.377,18448,2.378,18565,2.379,18889,2.38,26159,2.381,26878,2.382,16457,2.383,10986,2.384,33576,,
0,5,384,2.38400000,2.373,-0.4614,1774137129000,2.37800000,49.21000000,2.37700000,681.71000000,2.37600000,691.14000000,2.37500000,1222.55000000,2.37400000,842.85000000,2.37300000,1182.70000000,2.37200000,1057.90000000,2.37100000,403.85000000,2.37000000,928.59000000,2.36900000,650.88000000,2.38000000,45.00000000,2.38100000,455.70000000,2.38200000,893.34000000,2.38300000,1710.07000000,2.38400000,804.42000000,2.38500000,2500.22000000,2.38600000,1665.82000000,2.38700000,1854.50000000,2.38800000,950.53000000,2.38900000,631.69000000,2.373,7239,2.372,17116,2.371,17663,2.37,22473,2.369,25838,2.368,22454,2.367,25123,2.366,16956,2.365,11926,2.364,16824,2.374,6891,2.375,16133,2.376,18398,2.377,18448,2.378,18024,2.379,18889,2.38,30361,2.381,22677,2.382,31580,2.383,10986,,
0,5,384,2.38500000,2.373,-0.5031,1774137130000,2.37300000,3.85000000,2.37200000,1147.98000000,2.37100000,840.12000000,2.37000000,549.65000000,2.36900000,988.52000000,2.36800000,536.63000000,2.36700000,21.50000000,2.36600000,781.73000000,2.36500000,106.09000000,2.36400000,10.21000000,2.37700000,127.40000000,2.37800000,55.53000000,2.37900000,184.53000000,2.38000000,613.26000000,2.38100000,1932.07000000,2.38200000,748.87000000,2.38300000,3210.46000000,2.38400000,1079.34000000,2.38500000,2219.30000000,2.38600000,550.11000000,2.373,3554,2.372,15821,2.371,16020,2.37,19388,2.369,19909,2.368,21076,2.367,31015,2.366,12412,2.365,17901,2.364,11546,2.374,4432,2.375,16131,2.376,18043,2.377,17843,2.378,20681,2.379,17798,2.38,19132,2.381,14399,2.382,14243,2.383,8331,,
0,5,384,2.38600000,2.368,-0.7544,1774137131000,2.37600000,4.77000000,2.37500000,285.36000000,2.37400000,961.24000000,2.37300000,1200.46000000,2.37200000,1231.13000000,2.37100000,1821.27000000,2.37000000,436.79000000,2.36900000,972.96000000,2.36800000,1107.38000000,2.36700000,10.41000000,2.37700000,102.45000000,2.37800000,157.01000000,2.37900000,187.13000000,2.38000000,843.60000000,2.38100000,1466.50000000,2.38200000,715.75000000,2.38300000,3478.40000000,2.38400000,1500.83000000,2.38500000,2034.42000000,2.38600000,1105.47000000,2.369,322,2.368,12973,2.367,18637,2.366,14978,2.365,18682,2.364,33867,2.363,54488,2.362,12878,2.361,17714,2.36,13041,2.37,11584,2.371,16544,2.372,20738,2.373,15996,2.374,18672,2.375,23440,2.376,22327,2.377,13209,2.378,13981,2.379,10442,,
0,5,384,2.38500000,2.369,-0.6709,1774137132000,2.37100000,1399.30000000,2.37000000,717.34000000,2.36900000,918.84000000,2.36800000,958.16000000,2.36700000,531.88000000,2.36600000,843.04000000,2.36500000,1176.56000000,2.36400000,634.59000000,2.36300000,323.14000000,2.36200000,60.12000000,2.37500000,214.85000000,2.37600000,355.13000000,2.37700000,65.95000000,2.37800000,1102.57000000,2.37900000,1438.49000000,2.38000000,1453.81000000,2.38100000,2527.06000000,2.38200000,323.68000000,2.38300000,1956.12000000,2.38400000,368.45000000,2.37,652,2.369,9326,2.368,12755,2.367,21072,2.366,20124,2.365,17260,2.364,26911,2.363,22738,2.362,30303,2.361,18594,2.371,5616,2.372,23540,2.373,17301,2.374,18374,2.375,23709,2.376,16278,2.377,15417,2.378,17528,2.379,16739,2.38,14923,,
0,5,384,2.38600000,2.368,-0.7544,1774137133000,2.37500000,12.77000000,2.37400000,271.51000000,2.37300000,1494.82000000,2.37200000,1585.15000000,2.37100000,547.33000000,2.37000000,1478.56000000,2.36900000,948.72000000,2.36800000,856.09000000,2.36700000,442.88000000,2.36600000,308.06000000,2.37800000,1007.69000000,2.37900000,65.95000000,2.38000000,185.30000000,2.38100000,773.60000000,2.38200000,461.56000000,2.38300000,1104.86000000,2.38400000,1431.38000000,2.38500000,1595.49000000,2.38600000,97.68000000,2.38700000,65.80000000,2.365,369,2.364,11244,2.363,16730,2.362,21517,2.361,42876,2.36,26800,2.359,23530,2.358,25539,2.357,12538,2.356,7775,2.366,11777,2.367,12591,2.368,13011,2.369,21540,2.37,20214,2.371,21082,2.372,21009,2.373,22924,2.374,23949,2.375,21253,,
0,5,384,2.38600000,2.351,-1.4669,1774137134000,2.36300000,8.34000000,2.36200000,358.18000000,2.36100000,653.55000000,2.36000000,1294.42000000,2.35900000,544.80000000,2.35800000,969.95000000,2.35700000,572.27000000,2.35600000,591.36000000,2.35500000,1471.70000000,2.35400000,1517.40000000,2.36400000,51.40000000,2.36500000,78.56000000,2.36600000,246.20000000,2.36700000,297.60000000,2.36800000,966.61000000,2.36900000,1373.31000000,2.37000000,1395.19000000,2.37100000,2675.18000000,2.37200000,707.04000000,2.37300000,1560.09000000,2.347,175,2.346,8898,2.345,19315,2.344,41065,2.343,22547,2.342,15337,2.341,14369,2.34,11592,2.339,14247,2.338,15558,2.348,11075,2.349,11890,2.35,17061,2.351,11413,2.352,11322,2.353,18519,2.354,10665,2.355,10646,2.356,15352,2.357,10907,,
0,5,384,2.38600000,2.352,-1.425,1774137135000,2.35600000,405.39000000,2.35500000,119.89000000,2.35400000,316.30000000,2.35300000,540.60000000,2.35200000,335.26000000,2.35100000,364.93000000,2.35000000,1055.36000000,2.34900000,440.54000000,2.34800000,866.09000000,2.34700000,874.66000000,2.36000000,104.83000000,2.36100000,910.34000000,2.36200000,891.65000000,2.36300000,999.37000000,2.36400000,3011.68000000,2.36500000,1225.17000000,2.36600000,1514.79000000,2.36700000,956.32000000,2.36800000,148.73000000,2.36900000,160.80000000,2.351,3708,2.35,7080,2.349,12055,2.348,9651,2.347,18007,2.346,33337,2.345,19616,2.344,26395,2.343,27089,2.342,12428,2.352,5285,2.353,15978,2.354,11926,2.355,16774,2.356,21142,2.357,19636,2.358,13319,2.359,12018,2.36,13013,2.361,9075,,
0,5,384,2.38500000,2.359,-1.0901,1774137136000,2.35900000,253.00000000,2.35800000,258.71000000,2.35700000,155.69000000,2.35600000,256.64000000,2.35500000,2265.96000000,2.35400000,316.30000000,2.35300000,1180.70000000,2.35200000,582.90000000,2.35100000,394.15000000,2.35000000,890.24000000,2.36000000,10.61000000,2.36100000,200.45000000,2.36200000,199.00000000,2.36300000,998.65000000,2.36400000,2735.04000000,2.36500000,1498.75000000,2.36600000,1784.93000000,2.36700000,1128.14000000,2.36800000,577.61000000,2.36900000,539.19000000,2.363,2194,2.362,2517,2.361,7886,2.36,9757,2.359,11886,2.358,16119,2.357,8242,2.356,20641,2.355,20514,2.354,10479,2.364,5,2.365,2128,2.366,5930,2.367,8271,2.368,12650,2.369,8784,2.37,28969,2.371,9316,2.372,18938,2.373,16808,,
0,5,384,2.38500000,2.369,-0.6709,1774137137000,2.36500000,450.80000000,2.36400000,1883.07000000,2.36300000,790.33000000,2.36200000,1182.85000000,2.36100000,309.71000000,2.36000000,1089.85000000,2.35900000,658.54000000,2.35800000,474.31000000,2.35700000,843.16000000,2.35600000,504.62000000,2.36600000,84.31000000,2.36700000,55.60000000,2.36800000,148.73000000,2.36900000,113.66000000,2.37000000,1666.63000000,2.37100000,638.85000000,2.37200000,1190.06000000,2.37300000,1266.20000000,2.37400000,2029.97000000,2.37500000,1102.53000000,2.369,1063,2.368,9646,2.367,18551,2.366,19352,2.365,21262,2.364,20118,2.363,9605,2.362,20287,2.361,27912,2.36,15737,2.37,5611,2.371,12457,2.372,11633,2.373,11439,2.374,9215,2.375,13502,2.376,10012,2.377,11880,2.378,17262,2.379,25367,,
0,5,384,2.38500000,2.366,-0.7966,1774137138000,2.37200000,314.61000000,2.37100000,441.28000000,2.37000000,1411.49000000,2.36900000,368.31000000,2.36800000,763.47000000,2.36700000,550.70000000,2.36600000,978.06000000,2.36500000,150.95000000,2.36400000,484.63000000,2.36300000,777.63000000,2.37300000,45.00000000,2.37400000,493.50000000,2.37500000,608.02000000,2.37600000,150.76000000,2.37700000,313.11000000,2.37800000,1316.49000000,2.37900000,1662.28000000,2.38000000,716.64000000,2.38100000,210.23000000,2.38200000,648.60000000,2.366,9031,2.365,14976,2.364,11988,2.363,20037,2.362,18446,2.361,9739,2.36,23454,2.359,14876,2.358,25677,2.357,9550,2.367,322,2.368,7986,2.369,5256,2.37,12443,2.371,16506,2.372,12453,2.373,11814,2.374,17579,2.375,13286,2.376,36114,,
0,5,384,2.38600000,2.369,-0.7125,1774137139000,2.37000000,45.02000000,2.36900000,640.37000000,2.36800000,910.77000000,2.36700000,1029.40000000,2.36600000,960.55000000,2.36500000,158.95000000,2.36400000,1066.62000000,2.36300000,935.84000000,2.36200000,112.93000000,2.36100000,1498.69000000,2.37100000,200.97000000,2.37200000,156.16000000,2.37300000,178.92000000,2.37400000,360.31000000,2.37500000,240.21000000,2.37600000,157.44000000,2.37700000,1286.98000000,2.37800000,635.64000000,2.37900000,1273.57000000,2.38000000,1121.46000000,2.37,1650,2.369,15416,2.368,11350,2.367,10883,2.366,23457,2.365,19994,2.364,12711,2.363,14100,2.362,37141,2.361,8008,2.371,7600,2.372,10454,2.373,8964,2.374,12121,2.375,14601,2.376,15635,2.377,13546,2.378,18595,2.379,14732,2.38,9184,,
0,5,384,2.38400000,2.371,-0.5453,1774137140000,2.37100000,208.44000000,2.37000000,293.24000000,2.36900000,1179.74000000,2.36800000,684.48000000,2.36700000,1202.41000000,2.36600000,724.25000000,2.36500000,841.62000000,2.36400000,828.61000000,2.36300000,321.21000000,2.36200000,112.93000000,2.37200000,4.22000000,2.37300000,10.56000000,2.37400000,380.55000000,2.37500000,481.61000000,2.37600000,730.16000000,2.37700000,498.21000000,2.37800000,1184.49000000,2.37900000,1250.78000000,2.38000000,1128.24000000,2.38100000,1633.65000000,2.371,2281,2.37,14591,2.369,14127,2.368,11016,2.367,13415,2.366,24266,2.365,21251,2.364,13917,2.363,19063,2.362,30760,2.372,1997,2.373,9253,2.374,10267,2.375,14093,2.376,11754,2.377,10724,2.378,19244,2.379,16419,2.38,15138,2.381,16652,,
0,5,384,2.38400000,2.368,-0.6711,1774137141000,2.37400000,146.98000000,2.37300000,158.51000000,2.37200000,820.50000000,2.37100000,1178.53000000,2.37000000,1036.12000000,2.36900000,742.09000000,2.36800000,684.48000000,2.36700000,1207.46000000,2.36600000,321.21000000,2.36500000,558.03000000,2.37500000,86.87000000,2.37600000,157.44000000,2.37700000,580.42000000,2.37800000,403.69000000,2.37900000,1919.49000000,2.38000000,641.19000000,2.38100000,2259.63000000,2.38200000,973.00000000,2.38300000,1650.93000000,2.38400000,805.72000000,2.368,2803,2.367,11797,2.366,26962,2.365,16828,2.364,13142,2.363,15232,2.362,19176,2.361,25651,2.36,33253,2.359,12727,2.369,4432,2.37,13383,2.371,14473,2.372,15058,2.373,12657,2.374,19425,2.375,13154,2.376,17843,2.377,29136,2.378,18412,,
0,5,384,2.38300000,2.36,-0.9652,1774137142000,2.37200000,370.31000000,2.37100000,1330.38000000,2.37000000,1174.09000000,2.36900000,1557.93000000,2.36800000,628.32000000,2.36700000,1456.99000000,2.36600000,473.00000000,2.36500000,702.08000000,2.36400000,282.21000000,2.36300000,321.21000000,2.37300000,96.26000000,2.37400000,255.14000000,2.37500000,279.44000000,2.37600000,407.35000000,2.37700000,274.84000000,2.37800000,450.44000000,2.37900000,1148.02000000,2.38000000,720.22000000,2.38100000,2289.26000000,2.38200000,636.54000000,2.359,4995,2.358,12316,2.357,9387,2.356,16061,2.355,19184,2.354,15061,2.353,38340,2.352,13440,2.351,13007,2.35,12098,2.36,394,2.361,7262,2.362,11032,2.363,12754,2.364,9095,2.365,12135,2.366,13789,2.367,8827,2.368,18662,2.369,18420,,
0,5,384,2.38100000,2.362,-0.798,1774137143000,2.36900000,702.50000000,2.36800000,743.81000000,2.36700000,1160.70000000,2.36600000,804.34000000,2.36500000,1358.06000000,2.36400000,717.66000000,2.36300000,496.70000000,2.36200000,1409.04000000,2.36100000,1129.06000000,2.36000000,321.23000000,2.37100000,171.84000000,2.37200000,351.67000000,2.37300000,482.93000000,2.37400000,495.51000000,2.37500000,1224.61000000,2.37600000,717.64000000,2.37700000,2467.77000000,2.37800000,645.70000000,2.37900000,1916.45000000,2.38000000,110.29000000,2.36,6688,2.359,14735,2.358,10499,2.357,17684,2.356,14247,2.355,15476,2.354,14174,2.353,26154,2.352,24407,2.351,9340,2.361,70,2.362,2179,2.363,12617,2.364,10168,2.365,10318,2.366,12782,2.367,13376,2.368,14547,2.369,17051,2.37,16129,,
0,5,384,2.36400000,2.354,-0.423,1774137148000,2.36600000,69.06000000,2.36500000,522.06000000,2.36400000,395.36000000,2.36300000,577.70000000,2.36200000,1350.02000000,2.36100000,586.36000000,2.36000000,1344.84000000,2.35900000,599.84000000,2.35800000,366.24000000,2.35700000,480.97000000,2.36700000,2.60000000,2.36800000,310.69000000,2.36900000,209.59000000,2.37000000,589.18000000,2.37100000,1727.16000000,2.37200000,1035.21000000,2.37300000,1636.92000000,2.37400000,1254.37000000,2.37500000,1023.40000000,2.37600000,159.54000000,2.354,6,2.353,8806,2.352,10431,2.351,11471,2.35,17346,2.349,15679,2.348,14629,2.347,13186,2.346,19502,2.345,6503,2.355,5876,2.356,10533,2.357,16626,2.358,14166,2.359,14451,2.36,18745,2.361,18624,2.362,17845,2.363,16302,2.364,25982,,
0,5,384,2.36100000,2.352,-0.3812,1774137149000,2.36200000,145.00000000,2.36100000,348.04000000,2.36000000,195.06000000,2.35900000,673.15000000,2.35800000,297.08000000,2.35700000,1036.72000000,2.35600000,581.82000000,2.35500000,1001.24000000,2.35400000,588.24000000,2.35300000,898.14000000,2.36300000,5.90000000,2.36400000,75.89000000,2.36500000,455.37000000,2.36600000,956.82000000,2.36700000,1085.52000000,2.36800000,1887.68000000,2.36900000,2804.84000000,2.37000000,157.25000000,2.37100000,1849.59000000,2.37200000,650.87000000,2.357,2430,2.356,9222,2.355,17301,2.354,9504,2.353,9644,2.352,14667,2.351,12451,2.35,18825,2.349,18517,2.348,13563,2.358,3059,2.359,13107,2.36,17001,2.361,13525,2.362,23101,2.363,20230,2.364,19613,2.365,28507,2.366,22963,2.367,11564,,
0,5,384,2.36500000,2.337,-1.1839,1774137150000,2.36000000,270.57000000,2.35900000,349.78000000,2.35800000,796.04000000,2.35700000,605.62000000,2.35600000,295.55000000,2.35500000,671.50000000,2.35400000,607.41000000,2.35300000,1396.77000000,2.35200000,818.00000000,2.35100000,536.87000000,2.36300000,153.39000000,2.36400000,237.89000000,2.36500000,674.09000000,2.36600000,784.16000000,2.36700000,3018.29000000,2.36800000,183.68000000,2.36900000,1087.96000000,2.37000000,171.70000000,2.37100000,747.61000000,2.37200000,93.49000000,2.337,3628,2.336,12429,2.335,14103,2.334,23898,2.333,12242,2.332,12922,2.331,14608,2.33,12995,2.329,7086,2.328,10030,2.339,1217,2.34,9929,2.341,7684,2.342,10849,2.343,11223,2.344,16110,2.345,15839,2.346,11032,2.347,10171,2.348,20675,,
0,5,384,2.36400000,2.339,-1.0575,1774137151000,2.36200000,469.68000000,2.36100000,589.39000000,2.36000000,203.66000000,2.35900000,690.21000000,2.35800000,295.89000000,2.35700000,586.39000000,2.35600000,568.03000000,2.35500000,1519.07000000,2.35400000,484.73000000,2.35300000,466.23000000,2.36500000,320.88000000,2.36600000,242.30000000,2.36700000,1209.37000000,2.36800000,581.00000000,2.36900000,1667.02000000,2.37000000,1176.97000000,2.37100000,759.62000000,2.37200000,1611.56000000,2.37300000,55.56000000,2.37400000,55.56000000,2.337,2644,2.336,3320,2.335,11067,2.334,13156,2.333,15252,2.332,11619,2.331,19342,2.33,8677,2.329,8295,2.328,9962,2.338,2190,2.339,2667,2.34,11669,2.341,14770,2.342,15869,2.343,12749,2.344,13756,2.345,9354,2.346,25132,2.347,12647,,
0,5,384,2.35700000,2.346,-0.4667,1774137152000,2.34800000,12.83000000,2.34700000,780.07000000,2.34600000,190.14000000,2.34500000,175.58000000,2.34400000,610.80000000,2.34300000,1346.76000000,2.34200000,166.75000000,2.34100000,2277.17000000,2.34000000,215.46000000,2.33900000,366.16000000,2.35000000,24.06000000,2.35100000,289.60000000,2.35200000,224.00000000,2.35300000,534.71000000,2.35400000,326.03000000,2.35500000,665.91000000,2.35600000,1257.00000000,2.35700000,1201.96000000,2.35800000,199.32000000,2.35900000,1573.48000000,2.347,392,2.346,3815,2.345,12104,2.344,9322,2.343,22517,2.342,12799,2.341,21166,2.34,13818,2.339,11915,2.338,25735,2.348,5545,2.349,9105,2.35,12168,2.351,9286,2.352,13562,2.353,15873,2.354,10374,2.355,8502,2.356,16437,2.357,8752,,
0,5,384,2.35600000,2.36,0.1698,1774137153000,2.33800000,66.13000000,2.33700000,611.93000000,2.33600000,598.07000000,2.33500000,586.84000000,2.33400000,578.83000000,2.33300000,430.72000000,2.33200000,626.50000000,2.33100000,743.72000000,2.33000000,2081.92000000,2.32900000,523.43000000,2.33900000,91.43000000,2.34000000,113.02000000,2.34200000,328.44000000,2.34300000,184.38000000,2.34400000,184.38000000,2.34500000,175.10000000,2.34600000,1675.86000000,2.34700000,165.81000000,2.34800000,662.51000000,2.34900000,546.02000000,2.357,5592,2.356,7177,2.355,12999,2.354,9108,2.353,9043,2.352,24784,2.351,8549,2.35,10791,2.349,14272,2.348,14476,2.358,19,2.359,3822,2.36,8374,2.361,19499,2.362,13853,2.363,14207,2.364,14030,2.365,18287,2.366,20245,2.367,9507,,
0,5,384,2.34800000,2.366,0.7666,1774137154000,2.34600000,24.06000000,2.34500000,304.89000000,2.34400000,504.58000000,2.34300000,169.84000000,2.34200000,277.83000000,2.34100000,425.55000000,2.34000000,207.74000000,2.33900000,260.70000000,2.33800000,285.22000000,2.33700000,390.73000000,2.34700000,45.00000000,2.34800000,581.88000000,2.34900000,1206.83000000,2.35000000,236.92000000,2.35100000,1141.04000000,2.35200000,141.31000000,2.35300000,763.93000000,2.35400000,55.65000000,2.35500000,55.65000000,2.35600000,107.02000000,2.366,4834,2.365,13134,2.364,8116,2.363,14510,2.362,10668,2.361,19689,2.36,31543,2.359,9198,2.358,9242,2.357,12127,2.368,2008,2.369,8737,2.37,54900,2.371,17542,2.372,17609,2.373,16828,2.374,11750,2.375,15759,2.376,13384,2.377,6703,,
0,5,384,2.34400000,2.364,0.8532,1774137155000,2.35200000,28.32000000,2.35100000,55.64000000,2.35000000,278.16000000,2.34900000,631.45000000,2.34800000,391.20000000,2.34700000,1262.24000000,2.34600000,158.16000000,2.34500000,872.81000000,2.34400000,199.44000000,2.34300000,918.61000000,2.35300000,165.92000000,2.35400000,192.21000000,2.35500000,192.35000000,2.35600000,192.34000000,2.35700000,241.62000000,2.35800000,188.53000000,2.35900000,152.70000000,2.36000000,581.72000000,2.36100000,762.12000000,2.36200000,463.71000000,2.364,6424,2.363,21664,2.362,10250,2.361,16579,2.36,13275,2.359,9739,2.358,12320,2.357,28541,2.356,12806,2.355,13531,2.365,1502,2.366,5041,2.367,8359,2.368,10301,2.369,16319,2.37,53110,2.371,11308,2.372,20416,2.373,6808,2.374,23984,,
0,5,384,2.34000000,2.364,1.0256,1774137156000,2.35700000,45.00000000,2.35600000,204.38000000,2.35500000,293.47000000,2.35400000,633.61000000,2.35300000,381.56000000,2.35200000,841.38000000,2.35100000,428.70000000,2.35000000,509.93000000,2.34900000,1214.03000000,2.34800000,158.15000000,2.35900000,4.24000000,2.36000000,49.24000000,2.36100000,49.24000000,2.36200000,110.93000000,2.36300000,55.60000000,2.36400000,646.40000000,2.36500000,854.17000000,2.36600000,55.61000000,2.36700000,1253.49000000,2.36800000,1045.92000000,2.366,7838,2.365,9817,2.364,8189,2.363,14716,2.362,10305,2.361,20663,2.36,16373,2.359,8876,2.358,8920,2.357,16047,2.367,192,2.368,2848,2.369,7266,2.37,53956,2.371,21883,2.372,24076,2.373,12253,2.374,23978,2.375,12434,2.376,9175,,
0,5,384,2.34000000,2.364,1.0256,1774137156199,2.35700000,45.00000000,2.35600000,51.38000000,2.35500000,208.64000000,2.35400000,717.78000000,2.35300000,381.56000000,2.35200000,941.38000000,2.35100000,428.70000000,2.35000000,509.93000000,2.34900000,814.73000000,2.34800000,158.15000000,2.35900000,4.24000000,2.36000000,49.24000000,2.36100000,49.24000000,2.36200000,110.93000000,2.36300000,448.44000000,2.36400000,646.40000000,2.36500000,454.88000000,2.36600000,645.48000000,2.36700000,854.19000000,2.36800000,1438.76000000,2.366,7838,2.365,9817,2.364,8189,2.363,14716,2.362,10305,2.361,20663,2.36,16373,2.359,8876,2.358,8920,2.357,16047,2.367,192,2.368,2848,2.369,7266,2.37,53956,2.371,21883,2.372,24076,2.373,12253,2.374,23978,2.375,12434,2.376,9175,-0.0000770272600401,1774152000000
0,5,384,2.33900000,2.366,1.1543,1774137156500,2.35700000,45.00000000,2.35600000,45.00000000,2.35500000,293.47000000,2.35400000,632.95000000,2.35300000,381.56000000,2.35200000,941.38000000,2.35100000,428.70000000,2.35000000,509.93000000,2.34900000,814.73000000,2.34800000,158.15000000,2.35900000,4.24000000,2.36000000,4.24000000,2.36100000,4.24000000,2.36200000,110.93000000,2.36300000,55.60000000,2.36400000,646.40000000,2.36500000,454.88000000,2.36600000,645.48000000,2.36700000,854.19000000,2.36800000,1438.76000000,2.364,1362,2.363,15946,2.362,10846,2.361,16579,2.36,14824,2.359,11412,2.358,24095,2.357,8709,2.356,16226,2.355,20474,2.366,8894,2.367,8002,2.368,13760,2.369,22422,2.37,51872,2.371,12612,2.372,21202,2.373,8054,2.374,11714,2.375,12434,-0.0000770272600401,1774152000000
0,5,384,2.33900000,2.365,1.1116,1774137156800,2.36100000,45.00000000,2.36000000,590.48000000,2.35900000,216.44000000,2.35800000,240.44000000,2.35700000,448.45000000,2.35600000,448.52000000,2.35500000,328.68000000,2.35400000,795.96000000,2.35300000,336.56000000,2.35200000,503.47000000,2.36400000,10.60000000,2.36500000,10.59000000,2.36600000,110.94000000,2.36700000,55.60000000,2.36800000,55.59000000,2.36900000,117.93000000,2.37000000,449.09000000,2.37100000,1385.17000000,2.37200000,93.50000000,2.37300000,1431.16000000,2.365,3888,2.364,8108,2.363,15946,2.362,10846,2.361,16257,2.36,14502,2.359,10432,2.358,24098,2.357,8709,2.356,24714,2.366,390,2.367,8384,2.368,10267,2.369,11975,2.37,52901,2.371,12608,2.372,13107,2.373,9343,2.374,11714,2.375,27612,-0.0000770272600401,1774152000000
0,5,384,2.34100000,2.366,1.0679,1774137157100,2.36700000,45.00000000,2.36600000,202.25000000,2.36500000,293.42000000,2.36400000,546.96000000,2.36300000,163.43000000,2.36200000,938.97000000,2.36100000,321.24000000,2.36000000,410.48000000,2.35900000,713.70000000,2.35800000,110.61000000,2.37000000,350.59000000,2.37100000,607.62000000,2.37200000,681.22000000,2.37300000,55.57000000,2.37400000,447.38000000,2.37500000,1087.77000000,2.37600000,1036.01000000,2.37700000,447.37000000,2.37800000,851.85000000,2.37900000,1034.68000000,2.366,1399,2.365,11255,2.364,8108,2.363,14068,2.362,12305,2.361,17840,2.36,16085,2.359,10432,2.358,24098,2.357,8709,2.367,2659,2.368,11096,2.369,14070,2.37,53733,2.371,24434,2.372,20664,2.373,9759,2.374,11714,2.375,27612,2.376,9175,-0.0000770272600401,1774152000000
0,5,384,2.34400000,2.366,0.9386,1774137157401,2.36900000,45.00000000,2.36800000,198.00000000,2.36700000,206.36000000,2.36600000,140.42000000,2.36500000,55.59000000,2.36400000,546.96000000,2.36300000,429.06000000,2.36200000,893.97000000,2.36100000,321.24000000,2.36000000,410.48000000,2.37100000,249.42000000,2.37200000,103.83000000,2.37300000,55.57000000,2.37400000,1034.66000000,2.37500000,446.93000000,2.37600000,1427.06000000,2.37700000,1034.60000000,2.37800000,460.48000000,2.37900000,838.04000000,2.38000000,1072.58000000,2.368,113,2.367,11209,2.366,13672,2.365,8563,2.364,10315,2.363,14068,2.362,12960,2.361,33005,2.36,17666,2.359,10432,2.369,7031,2.37,44773,2.371,9240,2.372,19411,2.373,20286,2.374,19418,2.375,20783,2.376,9175,2.377,28363,2.378,18221,-0.0000770272600401,1774152000000
0,5,384,2.34600000,2.366,0.8525,1774137157702,2.37000000,157.23000000,2.36900000,208.57000000,2.36800000,55.57000000,2.36700000,523.26000000,2.36600000,440.82000000,2.36500000,332.67000000,2.36400000,501.96000000,2.36300000,766.64000000,2.36200000,502.42000000,2.36100000,321.24000000,2.37300000,52.39000000,2.37400000,65.90000000,2.37500000,55.56000000,2.37600000,55.56000000,2.37700000,55.56000000,2.37800000,1214.16000000,2.37900000,55.54000000,2.38000000,99.10000000,2.38100000,106.94000000,2.38200000,66.60000000,2.366,4463,2.365,10439,2.364,10315,2.363,14068,2.362,11983,2.361,17840,2.36,31256,2.359,11411,2.358,8920,2.357,12951,2.367,337,2.368,5314,2.369,10407,2.37,49897,2.371,15842,2.372,13577,2.373,12689,2.374,14656,2.375,19120,2.376,9175,-0.0000770272600401,1774152000000
0,5,384,2.34700000,2.365,0.7669,1774137158003,2.37100000,69.06000000,2.37000000,49.23000000,2.36900000,247.97000000,2.36800000,55.57000000,2.36700000,438.86000000,2.36600000,440.82000000,2.36500000,373.60000000,2.36400000,501.96000000,2.36300000,429.06000000,2.36200000,887.70000000,2.37200000,23.03000000,2.37300000,425.26000000,2.37400000,110.90000000,2.37500000,440.78000000,2.37600000,55.56000000,2.37700000,55.56000000,2.37800000,1214.08000000,2.37900000,440.82000000,2.38000000,484.32000000,2.38100000,106.94000000,2.365,368,2.364,7900,2.363,18365,2.362,11983,2.361,15836,2.36,12953,2.359,11411,2.358,25690,2.357,8709,2.356,17808,2.366,8000,2.367,11936,2.368,7809,2.369,15936,2.37,61006,2.371,16323,2.372,15673,2.373,10136,2.374,12546,2.375,30108,-0.0000770272600401,1774152000000
0,5,384,2.34800000,2.364,0.6814,1774137158304,2.36800000,7.91000000,2.36700000,53.36000000,2.36600000,65.64000000,2.36500000,373.60000000,2.36400000,887.50000000,2.36300000,429.06000000,2.36200000,887.70000000,2.36100000,321.24000000,2.36000000,403.09000000,2.35900000,659.13000000,2.37000000,13.20000000,2.37100000,192.00000000,2.37200000,263.38000000,2.37300000,110.90000000,2.37400000,110.90000000,2.37500000,440.78000000,2.37600000,55.56000000,2.37700000,55.56000000,2.37800000,443.36000000,2.37900000,55.54000000,2.361,14570,2.36,12883,2.359,9840,2.358,9498,2.357,10045,2.356,15940,2.355,8885,2.354,10691,2.353,24838,2.352,25629,2.362,2322,2.363,9611,2.364,10781,2.365,10190,2.366,13671,2.367,13654,2.368,9135,2.369,18803,2.37,49497,2.371,8238,-0.0000770272600401,1774152000000
0,5,384,2.35000000,2.36,0.4255,1774137158605,2.36800000,178.63000000,2.36700000,53.36000000,2.36600000,144.04000000,2.36500000,373.60000000,2.36400000,887.50000000,2.36300000,429.06000000,2.36200000,502.42000000,2.36100000,321.24000000,2.36000000,403.09000000,2.35900000,659.13000000,2.37000000,66.10000000,2.37100000,10.57000000,2.37200000,263.38000000,2.37300000,110.90000000,2.37400000,55.57000000,2.37500000,440.78000000,2.37600000,1229.96000000,2.37700000,55.56000000,2.37800000,443.36000000,2.37900000,55.54000000,2.36,4361,2.359,11977,2.358,9471,2.357,18904,2.356,13581,2.355,8885,2.354,11649,2.353,6652,2.352,14491,2.351,6673,2.361,390,2.362,11740,2.363,8105,2.364,11616,2.365,10829,2.366,16282,2.367,17512,2.368,10605,2.369,21722,2.37,46161,-0.0000770272600401,1774152000000
0,5,384,2.35000000,2.361,0.4681,1774137158905,2.36800000,178.63000000,2.36700000,53.36000000,2.36600000,139.99000000,2.36500000,473.60000000,2.36400000,887.50000000,2.36300000,429.06000000,2.36200000,502.42000000,2.36100000,321.24000000,2.36000000,403.09000000,2.35900000,659.13000000,2.37000000,18.33000000,2.37100000,10.57000000,2.37200000,263.38000000,2.37300000,110.90000000,2.37400000,642.72000000,2.37500000,440.78000000,2.37600000,642.81000000,2.37700000,642.74000000,2.37800000,443.36000000,2.37900000,55.54000000,2.361,2665,2.36,11092,2.359,14902,2.358,9472,2.357,19975,2.356,14743,2.355,13009,2.354,10693,2.353,23453,2.352,21912,2.362,68,2.363,11396,2.364,9678,2.365,13056,2.366,17288,2.367,16953,2.368,15223,2.369,25467,2.37,46577,2.371,8238,-0.0000770272600401,1774152000000
0,5,384,2.35200000,2.36,0.3401,1774137159206,2.36800000,162.37000000,2.36700000,432.85000000,2.36600000,144.05000000,2.36500000,473.60000000,2.36400000,501.96000000,2.36300000,421.24000000,2.36200000,1261.44000000,2.36100000,321.24000000,2.36000000,403.09000000,2.35900000,659.13000000,2.37100000,153.00000000,2.37200000,65.94000000,2.37300000,55.57000000,2.37400000,110.38000000,2.37500000,435.05000000,2.37600000,814.54000000,2.37700000,1048.41000000,2.37800000,1669.73000000,2.37900000,55.54000000,2.38000000,484.32000000,2.361,2408,2.36,7402,2.359,14479,2.358,9894,2.357,21327,2.356,13581,2.355,12647,2.354,10933,2.353,23453,2.352,17661,2.362,68,2.363,7765,2.364,10210,2.365,12099,2.366,13954,2.367,15781,2.368,13974,2.369,21306,2.37,46161,2.371,8478,-0.0000770272600401,1774152000000
0,5,384,2.35400000,2.361,0.2974,1774137159506,2.36800000,15.71000000,2.36700000,53.36000000,2.36600000,434.98000000,2.36500000,473.60000000,2.36400000,501.96000000,2.36300000,421.24000000,2.36200000,1261.24000000,2.36100000,321.24000000,2.36000000,403.09000000,2.35900000,368.41000000,2.37100000,198.00000000,2.37200000,151.04000000,2.37300000,10.57000000,2.37400000,65.38000000,2.37500000,55.56000000,2.37600000,434.89000000,2.37700000,55.56000000,2.37800000,1430.03000000,2.37900000,435.09000000,2.38000000,484.32000000,2.361,5272,2.36,7402,2.359,14479,2.358,9894,2.357,20398,2.356,13158,2.355,12647,2.354,10693,2.353,23655,2.352,21912,2.363,1163,2.364,7978,2.365,10006,2.366,13954,2.367,13274,2.368,9776,2.369,21123,2.37,46162,2.371,8238,2.372,16757,-0.0000770272600401,1774152000000
0,5,384,2.35400000,2.362,0.3398,1774137159807,2.36900000,153.00000000,2.36800000,393.17000000,2.36700000,258.74000000,2.36600000,434.98000000,2.36500000,473.60000000,2.36400000,501.96000000,2.36300000,421.24000000,2.36200000,1219.68000000,2.36100000,321.24000000,2.36000000,403.09000000,2.37200000,10.57000000,2.37300000,10.57000000,2.37400000,110.38000000,2.37500000,55.56000000,2.37600000,432.92000000,2.37700000,55.56000000,2.37800000,1429.90000000,2.37900000,435.09000000,2.38000000,484.32000000,2.38100000,106.94000000,2.362,3468,2.361,10080,2.36,11191,2.359,13380,2.358,12219,2.357,17094,2.356,30548,2.355,12054,2.354,10693,2.353,8439,2.363,2085,2.364,12387,2.365,10547,2.366,16779,2.367,10312,2.368,22565,2.369,34554,2.37,46994,2.371,23864,2.372,16478,-0.0000770272600401,1774152000000
0,5,384,2.35300000,2.365,0.51,1774137160108,2.36900000,153.00000000,2.36800000,770.53000000,2.36700000,254.70000000,2.36600000,434.98000000,2.36500000,473.60000000,2.36400000,879.32000000,2.36300000,421.24000000,2.36200000,881.91000000,2.36100000,659.01000000,2.36000000,403.09000000,2.37200000,16.37000000,2.37300000,160.97000000,2.37400000,110.38000000,2.37500000,55.56000000,2.37600000,432.92000000,2.37700000,55.56000000,2.37800000,1429.90000000,2.37900000,1307.95000000,2.38000000,484.32000000,2.38100000,106.94000000,2.365,4139,2.364,5048,2.363,13001,2.362,13430,2.361,8270,2.36,10819,2.359,13027,2.358,13678,2.357,18679,2.356,30547,2.366,3492,2.367,6989,2.368,8939,2.369,19328,2.37,54411,2.371,12051,2.372,17726,2.373,5976,2.374,19399,2.375,26300,-0.0000770272600401,1774152000000
0,5,384,2.34800000,2.365,0.724,1774137160408,2.37100000,377.38000000,2.37000000,163.57000000,2.36900000,103.10000000,2.36800000,393.17000000,2.36700000,463.99000000,2.36600000,812.36000000,2.36500000,473.60000000,2.36400000,839.43000000,2.36300000,421.24000000,2.36200000,881.91000000,2.37400000,10.57000000,2.37500000,10.56000000,2.37600000,65.37000000,2.37700000,55.56000000,2.37800000,57.86000000,2.37900000,1307.67000000,2.38000000,484.32000000,2.38100000,484.32000000,2.38200000,66.60000000,2.38300000,655.27000000,2.364,5049,2.363,12073,2.362,11130,2.361,8270,2.36,10937,2.359,15682,2.358,13678,2.357,18679,2.356,15972,2.355,16298,2.365,310,2.366,6561,2.367,9417,2.368,9006,2.369,22673,2.37,58256,2.371,17988,2.372,22394,2.373,6392,2.374,30369,-0.0000770272600401,1774152000000
0,5,384,2.35500000,2.362,0.2972,1774137160709,2.37000000,157.23000000,2.36900000,27.50000000,2.36800000,393.17000000,2.36700000,548.39000000,2.36600000,812.36000000,2.36500000,473.60000000,2.36400000,501.96000000,2.36300000,421.24000000,2.36200000,1219.52000000,2.36100000,959.33000000,2.37300000,153.00000000,2.37400000,85.98000000,2.37500000,55.56000000,2.37600000,487.53000000,2.37700000,668.12000000,2.37800000,812.26000000,2.37900000,1660.23000000,2.38000000,484.32000000,2.38100000,484.32000000,2.38200000,66.60000000,2.362,5251,2.361,9629,2.36,7864,2.359,10113,2.358,8573,2.357,14618,2.356,12869,2.355,6409,2.354,21838,2.353,14068,2.363,322,2.364,6548,2.365,4730,2.366,10693,2.367,17097,2.368,17937,2.369,24487,2.37,51147,2.371,9486,2.372,16160,-0.0000770272600401,1774152000000
0,5,384,2.35500000,2.36,0.2123,1774137161010,2.37000000,534.39000000,2.36900000,27.50000000,2.36800000,393.17000000,2.36700000,548.39000000,2.36600000,812.36000000,2.36500000,473.60000000,2.36400000,879.12000000,2.36300000,421.24000000,2.36200000,840.03000000,2.36100000,959.33000000,2.37300000,153.00000000,2.37400000,298.19000000,2.37500000,55.56000000,2.37600000,487.33000000,2.37700000,668.12000000,2.37800000,812.26000000,2.37900000,1047.67000000,2.38000000,484.32000000,2.38100000,484.32000000,2.38200000,66.60000000,2.359,5932,2.358,9906,2.357,14618,2.356,11599,2.355,7995,2.354,10346,2.353,21871,2.352,16142,2.351,6673,2.35,23547,2.36,68,2.361,4703,2.362,6794,2.363,12979,2.364,14073,2.365,15836,2.366,13156,2.367,17880,2.368,10110,2.369,21545,-0.0000770272600401,1774152000000
0,5,384,2.35900000,2.36,0.0424,1774137161310,2.37100000,153.00000000,2.37000000,381.39000000,2.36900000,27.50000000,2.36800000,393.17000000,2.36700000,548.39000000,2.36600000,1189.32000000,2.36500000,473.60000000,2.36400000,879.12000000,2.36300000,421.24000000,2.36200000,840.03000000,2.37400000,298.19000000,2.37500000,55.56000000,2.37600000,487.33000000,2.37700000,668.12000000,2.37800000,812.26000000,2.37900000,1047.67000000,2.38000000,484.32000000,2.38100000,484.32000000,2.38200000,66.60000000,2.38300000,655.27000000,2.36,1523,2.359,14084,2.358,8573,2.357,14618,2.356,12022,2.355,8536,2.354,13618,2.353,21871,2.352,16142,2.351,6673,2.361,392,2.362,6707,2.363,8464,2.364,13659,2.365,9982,2.366,11908,2.367,18716,2.368,10111,2.369,21545,2.37,46162,-0.0000770272600401,1774152000000
0,5,384,2.35900000,2.356,-0.1272,1774137161611,2.37000000,387.73000000,2.36900000,27.50000000,2.36800000,393.17000000,2.36700000,548.32000000,2.36600000,432.55000000,2.36500000,473.60000000,2.36400000,846.55000000,2.36300000,421.24000000,2.36200000,840.03000000,2.36100000,1336.07000000,2.37300000,153.00000000,2.37400000,61.67000000,2.37500000,55.56000000,2.37600000,110.37000000,2.37700000,55.56000000,2.37800000,670.19000000,2.37900000,435.09000000,2.38000000,1096.88000000,2.38100000,861.06000000,2.38200000,66.60000000,2.356,3478,2.355,14843,2.354,16744,2.353,7075,2.352,12658,2.351,21902,2.35,6539,2.349,20203,2.348,6851,2.347,14848,2.358,6726,2.359,9148,2.36,10367,2.361,7808,2.362,10049,2.363,15728,2.364,13603,2.365,17917,2.366,15600,2.367,15802,-0.0000770272600401,1774152000000
0,5,384,2.35900000,2.361,0.0848,1774137161912,2.37000000,0.02000000,2.36900000,27.50000000,2.36800000,15.71000000,2.36700000,807.83000000,2.36600000,414.98000000,2.36500000,473.60000000,2.36400000,487.31000000,2.36300000,421.24000000,2.36200000,840.03000000,2.36100000,958.83000000,2.37100000,153.00000000,2.37200000,55.56000000,2.37300000,58.46000000,2.37400000,322.62000000,2.37500000,414.90000000,2.37600000,808.13000000,2.37700000,774.46000000,2.37800000,670.19000000,2.37900000,794.43000000,2.38000000,1096.88000000,2.361,9406,2.36,7893,2.359,8450,2.358,11931,2.357,7639,2.356,8840,2.355,10828,2.354,13017,2.353,8652,2.352,14368,2.362,2000,2.363,2652,2.364,9783,2.365,6888,2.366,21972,2.367,32792,2.368,16539,2.369,21979,2.37,46578,2.371,7103,-0.0000770272600401,1774152000000
0,5,384,2.35900000,2.36,0.0424,1774137162212,2.37000000,0.02000000,2.36900000,27.50000000,2.36800000,15.71000000,2.36700000,137.69000000,2.36600000,414.13000000,2.36500000,373.60000000,2.36400000,469.13000000,2.36300000,421.24000000,2.36200000,502.42000000,2.36100000,1056.49000000,2.37100000,478.91000000,2.37200000,55.56000000,2.37300000,416.97000000,2.37400000,935.43000000,2.37500000,773.44000000,2.37600000,808.13000000,2.37700000,1025.76000000,2.37800000,670.19000000,2.37900000,414.88000000,2.38000000,1096.88000000,2.36,6,2.359,7667,2.358,11858,2.357,11806,2.356,12384,2.355,11873,2.354,31404,2.353,11193,2.352,17538,2.351,12211,2.361,3735,2.362,8116,2.363,10203,2.364,11883,2.365,13686,2.366,16494,2.367,28639,2.368,12778,2.369,21140,2.37,61787,-0.0000770272600401,1774152000000
0,5,384,2.35900000,2.36,0.0424,1774137162513,2.36500000,10.59000000,2.36400000,10.59000000,2.36300000,194.94000000,2.36200000,861.20000000,2.36100000,321.24000000,2.36000000,369.39000000,2.35900000,321.24000000,2.35800000,159.54000000,2.35700000,1376.75000000,2.35600000,68.89000000,2.36700000,198.00000000,2.36800000,55.56000000,2.36900000,55.56000000,2.37000000,110.37000000,2.37100000,469.15000000,2.37200000,740.64000000,2.37300000,414.07000000,2.37400000,880.62000000,2.37500000,1132.22000000,2.37600000,753.32000000,2.361,4225,2.36,5875,2.359,10142,2.358,13125,2.357,10960,2.356,8995,2.355,13165,2.354,16187,2.353,23868,2.352,17538,2.362,372,2.363,5373,2.364,9381,2.365,8133,2.366,14386,2.367,25938,2.368,13194,2.369,21140,2.37,61371,2.371,7103,-0.0000770272600401,1774152000000
0,5,384,2.35900000,2.362,0.1272,1774137162813,2.36500000,4.25000000,2.36400000,16.57000000,2.36300000,197.27000000,2.36200000,861.20000000,2.36100000,321.24000000,2.36000000,369.39000000,2.35900000,680.40000000,2.35800000,159.54000000,2.35700000,1017.97000000,2.35600000,58.12000000,2.36700000,153.00000000,2.36800000,55.56000000,2.36900000,57.89000000,2.37000000,114.40000000,2.37100000,454.68000000,2.37200000,127.30000000,2.37300000,1117.19000000,2.37400000,880.62000000,2.37500000,773.68000000,2.37600000,753.32000000,2.362,3740,2.361,9825,2.36,9667,2.359,8333,2.358,11859,2.357,9792,2.356,10690,2.355,13165,2.354,16187,2.353,28118,2.363,450,2.364,5148,2.365,7717,2.366,18457,2.367,26355,2.368,17010,2.369,24153,2.37,46578,2.371,7103,2.372,21631,-0.0000770272600401,1774152000000
0,5,384,2.36200000,2.366,0.1693,1774137163114,2.36500000,4.25000000,2.36400000,354.78000000,2.36300000,197.27000000,2.36200000,502.42000000,2.36100000,321.24000000,2.36000000,369.39000000,2.35900000,680.40000000,2.35800000,159.54000000,2.35700000,1706.42000000,2.35600000,58.12000000,2.36800000,202.22000000,2.36900000,57.89000000,2.37000000,110.37000000,2.37100000,114.40000000,2.37200000,741.22000000,2.37300000,1117.19000000,2.37400000,880.62000000,2.37500000,773.68000000,2.37600000,753.32000000,2.37700000,426.15000000,2.364,3857,2.363,12087,2.362,11408,2.361,8017,2.36,9477,2.359,8011,2.358,15658,2.357,13500,2.356,10149,2.355,12135,2.365,201,2.366,9715,2.367,12753,2.368,12956,2.369,37846,2.37,51991,2.371,8349,2.372,16160,2.373,6294,2.374,16922,-0.0000770272600401,1774152000000
0,5,384,2.36300000,2.366,0.127,1774137163415,2.36500000,4.25000000,2.36400000,354.78000000,2.36300000,507.90000000,2.36200000,502.42000000,2.36100000,321.24000000,2.36000000,369.39000000,2.35900000,680.40000000,2.35800000,159.54000000,2.35700000,1362.16000000,2.35600000,58.12000000,2.36800000,157.22000000,2.36900000,57.89000000,2.37000000,110.37000000,2.37100000,110.37000000,2.37200000,131.33000000,2.37300000,1372.60000000,2.37400000,267.81000000,2.37500000,773.68000000,2.37600000,753.32000000,2.37700000,426.15000000,2.366,2064,2.365,13777,2.364,9612,2.363,8069,2.362,9600,2.361,15234,2.36,9182,2.359,8011,2.358,13121,2.357,17743,2.367,876,2.368,8543,2.369,17012,2.37,48095,2.371,14537,2.372,23635,2.373,13503,2.374,13125,2.375,9958,2.376,8059,-0.0000770272600401,1774152000000
0,5,384,2.36400000,2.366,0.0846,1774137163716,2.36700000,153.00000000,2.36600000,10.57000000,2.36500000,341.01000000,2.36400000,354.78000000,2.36300000,507.90000000,2.36200000,826.47000000,2.36100000,321.24000000,2.36000000,369.39000000,2.35900000,680.40000000,2.35800000,159.54000000,2.36800000,4.22000000,2.36900000,12.89000000,2.37000000,10.56000000,2.37100000,55.56000000,2.37200000,131.33000000,2.37300000,55.56000000,2.37400000,850.01000000,2.37500000,1097.70000000,2.37600000,753.32000000,2.37700000,426.15000000,2.366,4515,2.365,13892,2.364,9612,2.363,8069,2.362,9819,2.361,12317,2.36,27277,2.359,7470,2.358,13121,2.357,17202,2.367,1956,2.368,6078,2.369,15342,2.37,49326,2.371,16224,2.372,23207,2.373,13917,2.374,13541,2.375,25138,2.376,8059,-0.0000770272600401,1774152000000
0,5,384,2.36600000,2.365,-0.0423,1774137164016,2.37000000,24.06000000,2.36900000,334.19000000,2.36800000,511.25000000,2.36700000,10.57000000,2.36600000,663.59000000,2.36500000,337.00000000,2.36400000,354.78000000,2.36300000,421.24000000,2.36200000,502.42000000,2.36100000,321.24000000,2.37200000,185.35000000,2.37300000,110.37000000,2.37400000,270.13000000,2.37500000,755.85000000,2.37600000,1077.34000000,2.37700000,379.58000000,2.37800000,637.07000000,2.37900000,738.50000000,2.38000000,99.10000000,2.38100000,117.99000000,2.366,2232,2.365,14021,2.364,11195,2.363,9334,2.362,9819,2.361,13716,2.36,12101,2.359,23191,2.358,13121,2.357,17202,2.367,2692,2.368,8635,2.369,15275,2.37,48917,2.371,11218,2.372,21338,2.373,11840,2.374,13541,2.375,25138,2.376,8059,-0.0000770272600401,1774152000000
0,5,384,2.36700000,2.366,-0.0422,1774137164316,2.36700000,8.24000000,2.36600000,17.95000000,2.36500000,16.53000000,2.36400000,354.78000000,2.36300000,744.12000000,2.36200000,502.42000000,2.36100000,321.24000000,2.36000000,369.39000000,2.35900000,680.40000000,2.35800000,206.66000000,2.36900000,198.00000000,2.37000000,55.57000000,2.37100000,110.39000000,2.37200000,47.65000000,2.37300000,433.31000000,2.37400000,850.51000000,2.37500000,755.85000000,2.37600000,1077.34000000,2.37700000,379.58000000,2.37800000,637.07000000,2.366,2232,2.365,14021,2.364,11195,2.363,8912,2.362,9819,2.361,13716,2.36,12101,2.359,23191,2.358,13121,2.357,17202,2.367,2552,2.368,8635,2.369,15275,2.37,48917,2.371,11635,2.372,24601,2.373,12254,2.374,13541,2.375,25138,2.376,8059,-0.0000770272600401,1774152000000
0,5,384,2.36800000,2.366,-0.0845,1774137164617,2.36600000,4.23000000,2.36500000,16.54000000,2.36400000,354.78000000,2.36300000,828.61000000,2.36200000,110.61000000,2.36100000,321.24000000,2.36000000,469.39000000,2.35900000,680.40000000,2.35800000,159.54000000,2.35700000,321.24000000,2.36900000,150.99000000,2.37000000,55.57000000,2.37100000,127.32000000,2.37200000,36.38000000,2.37300000,433.31000000,2.37400000,1160.65000000,2.37500000,1320.06000000,2.37600000,1077.34000000,2.37700000,379.58000000,2.37800000,637.07000000,2.366,2232,2.365,14021,2.364,11195,2.363,8490,2.362,9819,2.361,13294,2.36,12101,2.359,23191,2.358,13121,2.357,17202,2.367,2552,2.368,8635,2.369,15275,2.37,48917,2.371,11635,2.372,27905,2.373,12670,2.374,13541,2.375,25138,2.376,8059,-0.0000770272600401,1774152000000
0,5,384,2.37000000,2.366,-0.1688,1774137164918,2.36500000,8.10000000,2.36400000,16.54000000,2.36300000,425.37000000,2.36200000,320.78000000,2.36100000,321.24000000,2.36000000,469.39000000,2.35900000,680.40000000,2.35800000,159.54000000,2.35700000,321.24000000,2.35600000,10.63000000,2.36900000,150.99000000,2.37000000,72.50000000,2.37100000,420.56000000,2.37200000,597.93000000,2.37300000,743.42000000,2.37400000,1160.65000000,2.37500000,1320.06000000,2.37600000,464.74000000,2.37700000,390.41000000,2.37800000,637.07000000,2.366,2232,2.365,14021,2.364,11195,2.363,10490,2.362,9819,2.361,13294,2.36,12101,2.359,23191,2.358,13121,2.357,17202,2.367,2552,2.368,8635,2.369,15275,2.37,49322,2.371,11635,2.372,27905,2.373,12670,2.374,13541,2.375,25138,2.376,8059,-0.0000770272600401,1774152000000
0,5,384,2.37000000,2.367,-0.1266,1774137165219,2.36500000,1.92000000,2.36400000,10.59000000,2.36300000,104.82000000,2.36200000,320.78000000,2.36100000,327.19000000,2.36000000,469.39000000,2.35900000,630.88000000,2.35800000,159.54000000,2.35700000,321.24000000,2.35600000,10.63000000,2.36900000,216.89000000,2.37000000,72.50000000,2.37100000,420.56000000,2.37200000,597.93000000,2.37300000,743.42000000,2.37400000,1160.65000000,2.37500000,1320.06000000,2.37600000,464.74000000,2.37700000,390.41000000,2.37800000,637.07000000,2.366,2232,2.365,14021,2.364,11195,2.363,10490,2.362,9819,2.361,13294,2.36,12101,2.359,23191,2.358,13121,2.357,17202,2.367,1612,2.368,8635,2.369,15275,2.37,48917,2.371,11635,2.372,27905,2.373,11840,2.374,13541,2.375,25138,2.376,8059,-0.0000770272600401,1774152000000
0,5,384,2.37100000,2.365,-0.2531,1774137165519,2.36200000,4.25000000,2.36100000,326.24000000,2.36000000,116.80000000,2.35900000,715.37000000,2.35800000,320.29000000,2.35700000,321.24000000,2.35600000,320.31000000,2.35500000,630.95000000,2.35400000,10.64000000,2.35300000,368.76000000,2.36400000,49.25000000,2.36600000,4.23000000,2.36700000,10.59000000,2.36800000,27.52000000,2.36900000,729.75000000,2.37000000,621.29000000,2.37100000,1295.90000000,2.37200000,32.35000000,2.37300000,743.42000000,2.37400000,1160.65000000,2.365,6738,2.364,11195,2.363,12360,2.362,11085,2.361,16596,2.36,9182,2.359,11586,2.358,13121,2.357,12142,2.356,12179,2.366,571,2.367,6822,2.368,9948,2.369,14416,2.37,46770,2.371,10558,2.372,23621,2.373,8376,2.374,13541,2.375,29346,-0.0000770272600401,1774152000000
0,5,384,2.37200000,2.366,-0.253,1774137165819,2.36500000,253.00000000,2.36400000,461.87000000,2.36300000,95.23000000,2.36200000,95.24000000,2.36100000,320.29000000,2.36000000,120.34000000,2.35900000,630.88000000,2.35800000,320.29000000,2.35700000,321.24000000,2.35600000,420.31000000,2.36600000,10.59000000,2.36700000,55.59000000,2.36800000,14.62000000,2.36900000,110.39000000,2.37000000,72.50000000,2.37100000,675.45000000,2.37200000,1165.20000000,2.37300000,688.61000000,2.37400000,1160.65000000,2.37500000,1320.06000000,2.365,6151,2.364,11197,2.363,12361,2.362,9819,2.361,13294,2.36,9182,2.359,12127,2.358,29890,2.357,11376,2.356,16423,2.366,1618,2.367,9741,2.368,9950,2.369,13585,2.37,48446,2.371,13056,2.372,23244,2.373,10039,2.374,13541,2.375,25135,-0.0000770272600401,1774152000000
0,5,384,2.37300000,2.366,-0.295,1774137166120,2.36400000,163.60000000,2.36300000,10.60000000,2.36200000,10.61000000,2.36100000,773.23000000,2.36000000,120.34000000,2.35900000,630.88000000,2.35800000,10.61000000,2.35700000,321.24000000,2.35600000,122.75000000,2.35500000,321.27000000,2.36500000,28.30000000,2.36600000,4.24000000,2.36700000,49.23000000,2.36800000,10.59000000,2.36900000,110.39000000,2.37000000,76.53000000,2.37100000,365.25000000,2.37200000,598.59000000,2.37300000,688.61000000,2.37400000,1160.65000000,2.366,1402,2.365,11938,2.364,11197,2.363,10490,2.362,9819,2.361,13061,2.36,9182,2.359,12128,2.358,29890,2.357,11573,2.367,2550,2.368,9952,2.369,13585,2.37,47608,2.371,10975,2.372,26057,2.373,12572,2.374,13541,2.375,25135,2.376,11270,-0.0000770272600401,1774152000000
0,5,384,2.37300000,2.364,-0.3793,1774137166420,2.36400000,157.24000000,2.36300000,10.60000000,2.36200000,95.24000000,2.36100000,320.29000000,2.36000000,120.34000000,2.35900000,630.88000000,2.35800000,463.83000000,2.35700000,774.46000000,2.35600000,122.75000000,2.35500000,321.27000000,2.36600000,4.24000000,2.36700000,49.23000000,2.36800000,10.59000000,2.36900000,110.39000000,2.37000000,76.53000000,2.37100000,818.47000000,2.37200000,598.59000000,2.37300000,688.61000000,2.37400000,1160.65000000,2.37500000,636.70000000,2.365,3803,2.364,7686,2.363,12348,2.362,10663,2.361,13483,2.36,9182,2.359,14970,2.358,14703,2.357,26562,2.356,12179,2.366,11,2.367,5499,2.368,9859,2.369,20388,2.37,46354,2.371,10980,2.372,26708,2.373,7544,2.374,13125,2.375,29346,-0.0000770272600401,1774152000000
0,5,384,2.37300000,2.366,-0.295,1774137166720,2.36600000,253.00000000,2.36500000,716.60000000,2.36400000,10.58000000,2.36300000,548.35000000,2.36200000,10.61000000,2.36100000,630.92000000,2.36000000,120.34000000,2.35900000,630.88000000,2.35800000,463.83000000,2.35700000,874.46000000,2.36700000,4.23000000,2.36800000,10.59000000,2.36900000,98.39000000,2.37000000,131.35000000,2.37100000,55.57000000,2.37200000,584.53000000,2.37300000,688.61000000,2.37400000,1303.43000000,2.37500000,55.56000000,2.37600000,140.72000000,2.366,7274,2.365,11448,2.364,12306,2.363,10477,2.362,10663,2.361,15487,2.36,9723,2.359,14970,2.358,14703,2.357,11376,2.367,1407,2.368,7436,2.369,13585,2.37,43883,2.371,10558,2.372,20953,2.373,12161,2.374,13541,2.375,9958,2.376,11014,-0.0000770272600401,1774152000000
0,5,384,2.37200000,2.367,-0.2108,1774137167020,2.36700000,277.06000000,2.36600000,300.05000000,2.36500000,648.11000000,2.36400000,53.40000000,2.36300000,463.72000000,2.36200000,10.61000000,2.36100000,630.92000000,2.36000000,120.34000000,2.35900000,630.88000000,2.35800000,463.83000000,2.36800000,4.23000000,2.36900000,12.90000000,2.37000000,127.32000000,2.37100000,59.60000000,2.37200000,32.35000000,2.37300000,688.61000000,2.37400000,1400.25000000,2.37500000,502.99000000,2.37600000,140.72000000,2.37700000,66.39000000,2.367,5263,2.366,10665,2.365,9577,2.364,13572,2.363,13586,2.362,10241,2.361,14643,2.36,9723,2.359,26764,2.358,18943,2.368,415,2.369,7515,2.37,43883,2.371,10558,2.372,20418,2.373,11381,2.374,13957,2.375,10375,2.376,21971,2.377,13088,-0.0000770272600401,1774152000000
0,5,384,2.37200000,2.367,-0.2108,1774137167322,2.36900000,177.06000000,2.36800000,259.34000000,2.36700000,95.08000000,2.36600000,153.39000000,2.36500000,648.11000000,2.36400000,10.58000000,2.36300000,774.35000000,2.36200000,457.84000000,2.36100000,321.24000000,2.36000000,112.94000000,2.37000000,2.29000000,2.37100000,14.60000000,2.37200000,49.28000000,2.37300000,110.44000000,2.37400000,267.81000000,2.37500000,502.79000000,2.37600000,1132.63000000,2.37700000,1057.92000000,2.37800000,55.54000000,2.37900000,55.54000000,2.367,2844,2.366,12336,2.365,16969,2.364,21431,2.363,16062,2.362,15555,2.361,17119,2.36,11659,2.359,29240,2.358,18943,2.368,4058,2.369,23277,2.37,50255,2.371,14710,2.372,22894,2.373,13817,2.374,17675,2.375,12851,2.376,24447,2.377,15564,-0.0000770272600401,1774152000000
0,5,384,2.37200000,2.367,-0.2108,1774137167623,2.37100000,24.06000000,2.37000000,157.23000000,2.36900000,224.11000000,2.36800000,552.96000000,2.36700000,10.57000000,2.36600000,110.57000000,2.36500000,563.60000000,2.36400000,10.58000000,2.36300000,774.35000000,2.36200000,457.84000000,2.37200000,37.76000000,2.37300000,55.56000000,2.37400000,345.97000000,2.37500000,502.79000000,2.37600000,1132.63000000,2.37700000,600.46000000,2.37800000,501.87000000,2.37900000,55.54000000,2.38000000,99.10000000,2.38100000,117.98000000,2.367,2520,2.366,14817,2.365,17510,2.364,21009,2.363,20705,2.362,18943,2.361,17366,2.36,14821,2.359,26705,2.358,18943,2.368,4058,2.369,22997,2.37,49816,2.371,21117,2.372,27047,2.373,18474,2.374,18507,2.375,13267,2.376,24694,2.377,15564,-0.0000770272600401,1774152000000
0,5,384,2.37100000,2.367,-0.1687,1774137167923,2.37000000,157.23000000,2.36900000,206.39000000,2.36800000,557.19000000,2.36700000,95.08000000,2.36600000,110.57000000,2.36500000,1009.65000000,2.36400000,10.58000000,2.36300000,774.35000000,2.36200000,457.84000000,2.36100000,321.24000000,2.37200000,82.76000000,2.37300000,153.26000000,2.37400000,345.97000000,2.37500000,502.79000000,2.37600000,1132.63000000,2.37700000,600.46000000,2.37800000,969.07000000,2.37900000,55.54000000,2.38000000,99.10000000,2.38100000,117.98000000,2.367,2312,2.366,12604,2.365,16969,2.364,19756,2.363,17402,2.362,16864,2.361,19653,2.36,15047,2.359,26705,2.358,14703,2.368,5259,2.369,19604,2.37,51353,2.371,18652,2.372,30074,2.373,26809,2.374,22363,2.375,14513,2.376,24694,2.377,19772,-0.0000770272600401,1774152000000
0,5,384,2.37000000,2.367,-0.1266,1774137168224,2.37000000,157.23000000,2.36900000,10.57000000,2.36800000,591.65000000,2.36700000,95.08000000,2.36600000,110.57000000,2.36500000,1001.86000000,2.36400000,10.58000000,2.36300000,774.35000000,2.36200000,457.84000000,2.36100000,321.24000000,2.37200000,100.16000000,2.37300000,110.44000000,2.37400000,341.94000000,2.37500000,502.79000000,2.37600000,1123.87000000,2.37700000,55.56000000,2.37800000,1046.20000000,2.37900000,55.54000000,2.38000000,99.10000000,2.38100000,117.98000000,2.367,7478,2.366,12604,2.365,12594,2.364,21866,2.363,17402,2.362,21917,2.361,34823,2.36,14821,2.359,11741,2.358,14703,2.368,678,2.369,16000,2.37,48915,2.371,13188,2.372,28828,2.373,20928,2.374,16490,2.375,13683,2.376,24694,2.377,19772,-0.0000770272600401,1774152000000
0,5,384,2.37000000,2.367,-0.1266,1774137168525,2.37000000,157.23000000,2.36900000,10.57000000,2.36800000,591.65000000,2.36700000,95.08000000,2.36600000,421.20000000,2.36500000,1001.86000000,2.36400000,10.58000000,2.36300000,774.35000000,2.36200000,457.84000000,2.36100000,321.24000000,2.37200000,100.16000000,2.37300000,153.26000000,2.37400000,341.94000000,2.37500000,502.79000000,2.37600000,1123.87000000,2.37700000,55.56000000,2.37800000,1484.46000000,2.37900000,587.42000000,2.38000000,99.10000000,2.38100000,117.98000000,2.367,7718,2.366,12604,2.365,17514,2.364,21444,2.363,18984,2.362,21917,2.361,32567,2.36,15095,2.359,11741,2.358,14703,2.368,356,2.369,16000,2.37,48915,2.371,13188,2.372,28828,2.373,20928,2.374,16770,2.375,13541,2.376,24694,2.377,19772,-0.0000770272600401,1774152000000
0,5,384,2.37000000,2.367,-0.1266,1774137168825,2.37000000,157.23000000,2.36900000,10.57000000,2.36800000,591.65000000,2.36700000,95.08000000,2.36600000,421.20000000,2.36500000,1001.86000000,2.36400000,110.58000000,2.36300000,774.35000000,2.36200000,457.84000000,2.36100000,321.24000000,2.37200000,100.16000000,2.37300000,153.26000000,2.37400000,341.94000000,2.37500000,502.79000000,2.37600000,1123.87000000,2.37700000,55.56000000,2.37800000,2275.46000000,2.37900000,587.42000000,2.38000000,99.10000000,2.38100000,117.98000000,2.368,4109,2.367,15498,2.366,12737,2.365,18358,2.364,19756,2.363,19378,2.362,21292,2.361,32283,2.36,15095,2.359,9265,2.369,4872,2.37,46430,2.371,13188,2.372,26216,2.373,21801,2.374,28386,2.375,17848,2.376,25110,2.377,15564,2.378,16504,-0.0000770272600401,1774152000000
0,5,384,2.37000000,2.368,-0.0844,1774137169126,2.37000000,10.57000000,2.36900000,10.57000000,2.36800000,153.39000000,2.36700000,442.14000000,2.36600000,421.20000000,2.36500000,1001.86000000,2.36400000,110.58000000,2.36300000,774.35000000,2.36200000,457.84000000,2.36100000,321.24000000,2.37200000,216.66000000,2.37300000,55.56000000,2.37400000,341.94000000,2.37500000,55.56000000,2.37600000,1529.07000000,2.37700000,59.59000000,2.37800000,1477.86000000,2.37900000,587.42000000,2.38000000,99.10000000,2.38100000,117.98000000,2.368,4111,2.367,15498,2.366,16876,2.365,19202,2.364,19756,2.363,19800,2.362,21292,2.361,32283,2.36,15095,2.359,13503,2.369,1775,2.37,44765,2.371,9907,2.372,18161,2.373,20228,2.374,27148,2.375,28431,2.376,9280,2.377,15817,2.378,12297,-0.0000770272600401,1774152000000
0,5,384,2.37000000,2.368,-0.0844,1774137169427,2.36900000,28.29000000,2.36800000,110.57000000,2.36700000,526.49000000,2.36600000,421.20000000,2.36500000,1001.86000000,2.36400000,110.58000000,2.36300000,774.35000000,2.36200000,10.61000000,2.36100000,321.24000000,2.36000000,373.90000000,2.37000000,28.29000000,2.37100000,49.22000000,2.37200000,322.46000000,2.37300000,55.56000000,2.37400000,341.94000000,2.37500000,55.56000000,2.37600000,1529.07000000,2.37700000,55.56000000,2.37800000,1477.86000000,2.37900000,587.42000000,2.368,1525,2.367,15498,2.366,16874,2.365,18780,2.364,19756,2.363,19378,2.362,21292,2.361,32283,2.36,15095,2.359,13503,2.369,3229,2.37,46306,2.371,9912,2.372,20650,2.373,20228,2.374,27148,2.375,13267,2.376,9280,2.377,15817,2.378,12297,-0.0000770272600401,1774152000000
0,5,384,2.37100000,2.368,-0.1265,1774137169727,2.36900000,154.39000000,2.36800000,153.39000000,2.36700000,626.49000000,2.36600000,421.20000000,2.36500000,563.60000000,2.36400000,110.58000000,2.36300000,774.35000000,2.36200000,441.58000000,2.36100000,321.24000000,2.36000000,373.90000000,2.37000000,45.00000000,2.37100000,49.22000000,2.37200000,224.76000000,2.37300000,98.38000000,2.37400000,341.94000000,2.37500000,59.59000000,2.37600000,1529.07000000,2.37700000,55.56000000,2.37800000,1477.86000000,2.37900000,587.42000000,2.368,1397,2.367,13489,2.366,16333,2.365,16973,2.364,19756,2.363,17312,2.362,19397,2.361,17331,2.36,15095,2.359,9265,2.369,3227,2.37,48722,2.371,11576,2.372,25229,2.373,20645,2.374,27115,2.375,20344,2.376,9696,2.377,15564,2.378,16730,-0.0000770272600401,1774152000000
0,5,384,2.37200000,2.368,-0.1686,1774137170027,2.36800000,34.63000000,2.36700000,110.57000000,2.36600000,194.97000000,2.36500000,534.45000000,2.36400000,110.58000000,2.36300000,774.35000000,2.36200000,441.58000000,2.36100000,744.33000000,2.36000000,373.90000000,2.35900000,470.10000000,2.37000000,212.33000000,2.37100000,98.38000000,2.37200000,110.40000000,2.37300000,98.38000000,2.37400000,1282.64000000,2.37500000,55.56000000,2.37600000,1529.07000000,2.37700000,55.56000000,2.37800000,1477.86000000,2.37900000,587.42000000,2.368,68,2.367,11000,2.366,16333,2.365,16973,2.364,19756,2.363,15731,2.362,19397,2.361,32283,2.36,15095,2.359,9265,2.369,7009,2.37,48306,2.371,14066,2.372,23565,2.373,21067,2.374,29130,2.375,19928,2.376,9696,2.377,30728,2.378,16730,-0.0000770272600401,1774152000000
0,5,384,2.37100000,2.368,-0.1265,1774137170328,2.36800000,154.39000000,2.36700000,533.64000000,2.36600000,194.97000000,2.36500000,534.45000000,2.36400000,110.58000000,2.36300000,874.35000000,2.36200000,441.58000000,2.36100000,744.33000000,2.36000000,112.94000000,2.35900000,470.10000000,2.37000000,4.23000000,2.37100000,55.56000000,2.37200000,153.22000000,2.37300000,55.56000000,2.37400000,341.94000000,2.37500000,55.56000000,2.37600000,1529.07000000,2.37700000,266.96000000,2.37800000,1477.86000000,2.37900000,587.42000000,2.368,68,2.367,11000,2.366,16333,2.365,16973,2.364,19756,2.363,15731,2.362,19397,2.361,32283,2.36,15095,2.359,9265,2.369,7009,2.37,48306,2.371,14066,2.372,23565,2.373,21067,2.374,29130,2.375,19928,2.376,9696,2.377,30728,2.378,16730,-0.0000770272600401,1774152000000
0,5,384,2.37200000,2.368,-0.1686,1774137170629,2.37100000,24.06000000,2.37000000,226.10000000,2.36900000,142.82000000,2.36800000,10.57000000,2.36700000,618.04000000,2.36600000,110.57000000,2.36500000,1268.12000000,2.36400000,510.18000000,2.36300000,874.35000000,2.36200000,441.58000000,2.37300000,59.59000000,2.37400000,341.94000000,2.37500000,55.56000000,2.37600000,1443.91000000,2.37700000,55.56000000,2.37800000,1477.86000000,2.37900000,1010.46000000,2.38000000,99.10000000,2.38100000,117.98000000,2.38200000,81.04000000,2.368,4162,2.367,15966,2.366,16877,2.365,18239,2.364,23555,2.363,17770,2.362,19397,2.361,32283,2.36,15095,2.359,13503,2.369,3346,2.37,46305,2.371,11570,2.372,18161,2.373,20228,2.374,24014,2.375,14933,2.376,9280,2.377,30728,2.378,16729,-0.0000770272600401,1774152000000
0,5,384,2.37200000,2.368,-0.1686,1774137170929,2.37100000,24.06000000,2.37000000,236.67000000,2.36900000,660.38000000,2.36800000,10.57000000,2.36700000,533.64000000,2.36600000,110.57000000,2.36500000,1269.17000000,2.36400000,110.58000000,2.36300000,874.35000000,2.36200000,441.58000000,2.37300000,165.46000000,2.37400000,341.94000000,2.37500000,55.56000000,2.37600000,1012.34000000,2.37700000,55.56000000,2.37800000,1477.86000000,2.37900000,587.42000000,2.38000000,523.19000000,2.38100000,117.98000000,2.38200000,81.04000000,2.368,1455,2.367,11000,2.366,16876,2.365,18238,2.364,19756,2.363,17770,2.362,19397,2.361,32283,2.36,15095,2.359,13503,2.369,4991,2.37,46694,2.371,14060,2.372,23575,2.373,24444,2.374,24858,2.375,18669,2.376,9696,2.377,30728,2.378,16729,-0.0000770272600401,1774152000000
0,5,384,2.37200000,2.368,-0.1686,1774137171229,2.37100000,24.06000000,2.37000000,279.49000000,2.36900000,617.56000000,2.36800000,110.57000000,2.36700000,533.64000000,2.36600000,110.57000000,2.36500000,845.08000000,2.36400000,110.58000000,2.36300000,874.35000000,2.36200000,441.58000000,2.37300000,66.96000000,2.37400000,172.48000000,2.37500000,110.40000000,2.37600000,55.56000000,2.37700000,500.73000000,2.37800000,1477.86000000,2.37900000,1021.92000000,2.38000000,523.19000000,2.38100000,117.98000000,2.38200000,81.04000000,2.367,5310,2.366,12129,2.365,18238,2.364,21022,2.363,23463,2.362,24774,2.361,34817,2.36,15095,2.359,11741,2.358,14886,2.368,1620,2.369,17961,2.37,48754,2.371,14060,2.372,27036,2.373,20650,2.374,24014,2.375,13267,2.376,9280,2.377,34935,-0.0000770272600401,1774152000000
0,5,384,2.37300000,2.368,-0.2107,1774137171530,2.37000000,4.23000000,2.36900000,153.39000000,2.36800000,110.57000000,2.36700000,1033.90000000,2.36600000,110.57000000,2.36500000,845.08000000,2.36400000,110.58000000,2.36300000,874.35000000,2.36200000,441.58000000,2.36100000,321.24000000,2.37200000,198.00000000,2.37300000,218.15000000,2.37400000,322.79000000,2.37500000,446.95000000,2.37600000,1127.46000000,2.37700000,55.56000000,2.37800000,1238.57000000,2.37900000,1021.92000000,2.38000000,522.38000000,2.38100000,117.98000000,2.368,2,2.367,13845,2.366,12745,2.365,18238,2.364,19756,2.363,17770,2.362,21494,2.361,34817,2.36,15095,2.359,9265,2.369,4883,2.37,48754,2.371,14069,2.372,23636,2.373,14061,2.374,28241,2.375,17005,2.376,9696,2.377,34935,2.378,12524,-0.0000770272600401,1774152000000
0,5,384,2.37300000,2.367,-0.2528,1774137171831,2.37000000,130.33000000,2.36900000,569.49000000,2.36800000,112.90000000,2.36700000,610.83000000,2.36600000,110.57000000,2.36500000,1263.38000000,2.36400000,110.58000000,2.36300000,874.35000000,2.36200000,441.58000000,2.36100000,321.24000000,2.37300000,163.31000000,2.37400000,322.79000000,2.37500000,253.31000000,2.37600000,478.77000000,2.37700000,837.37000000,2.37800000,792.24000000,2.37900000,1021.92000000,2.38000000,522.38000000,2.38100000,117.98000000,2.38200000,81.04000000,2.367,7739,2.366,12745,2.365,18238,2.364,19756,2.363,17770,2.362,23021,2.361,32283,2.36,15095,2.359,11741,2.358,14886,2.369,19360,2.37,50754,2.371,16581,2.372,21544,2.373,15847,2.374,28890,2.375,17007,2.376,9696,2.377,34935,2.378,10048,-0.0000770272600401,1774152000000
0,5,384,2.37300000,2.368,-0.2107,1774137172132,2.37100000,126.10000000,2.37000000,10.57000000,2.36900000,653.82000000,2.36800000,423.53000000,2.36700000,944.79000000,2.36600000,110.57000000,2.36500000,1263.38000000,2.36400000,110.58000000,2.36300000,874.35000000,2.36200000,10.61000000,2.37300000,55.56000000,2.37400000,74.82000000,2.37500000,110.40000000,2.37600000,55.56000000,2.37700000,200.99000000,2.37800000,360.58000000,2.37900000,1109.55000000,2.38000000,1576.14000000,2.38100000,117.98000000,2.38200000,81.04000000,2.368,1377,2.367,11420,2.366,14607,2.365,17935,2.364,21444,2.363,21531,2.362,23443,2.361,32283,2.36,15095,2.359,11741,2.369,6013,2.37,50754,2.371,11570,2.372,22719,2.373,17963,2.374,21418,2.375,14517,2.376,9696,2.377,34935,2.378,12524,-0.0000770272600401,1774152000000
0,5,384,2.37300000,2.368,-0.2107,1774137172433,2.37200000,168.92000000,2.37100000,416.95000000,2.37000000,94.90000000,2.36900000,526.67000000,2.36800000,423.53000000,2.36700000,526.50000000,2.36600000,110.57000000,2.36500000,1245.98000000,2.36400000,110.58000000,2.36300000,874.35000000,2.37300000,4.22000000,2.37400000,74.82000000,2.37500000,55.56000000,2.37600000,110.40000000,2.37700000,59.59000000,2.37800000,360.58000000,2.37900000,1109.55000000,2.38000000,1576.14000000,2.38100000,657.38000000,2.38200000,81.04000000,2.368,1822,2.367,15780,2.366,12743,2.365,18357,2.364,20600,2.363,17348,2.362,23443,2.361,32491,2.36,15095,2.359,9265,2.369,3183,2.37,48937,2.371,12947,2.372,22719,2.373,17963,2.374,22352,2.375,16602,2.376,9696,2.377,34935,2.378,12524,-0.0000770272600401,1774152000000
0,5,384,2.37400000,2.368,-0.2527,1774137172734,2.37100000,130.32000000,2.37000000,53.39000000,2.36900000,611.00000000,2.36800000,423.53000000,2.36700000,526.50000000,2.36600000,110.57000000,2.36500000,1245.98000000,2.36400000,110.58000000,2.36300000,874.35000000,2.36200000,271.35000000,2.37300000,49.22000000,2.37400000,74.82000000,2.37500000,206.62000000,2.37600000,322.55000000,2.37700000,55.56000000,2.37800000,360.58000000,2.37900000,1109.55000000,2.38000000,2011.94000000,2.38100000,117.98000000,2.38200000,81.04000000,2.368,7791,2.367,17780,2.366,12743,2.365,18357,2.364,20600,2.363,17348,2.362,23443,2.361,32491,2.36,15095,2.359,9265,2.37,46461,2.371,12947,2.372,21060,2.373,17963,2.374,22618,2.375,15765,2.376,9696,2.377,35191,2.378,12524,2.379,18062,-0.0000770272600401,1774152000000
0,5,384,2.37300000,2.369,-0.1686,1774137173034,2.37100000,130.32000000,2.37000000,53.39000000,2.36900000,1016.03000000,2.36800000,423.53000000,2.36700000,526.50000000,2.36600000,110.57000000,2.36500000,1245.98000000,2.36400000,110.58000000,2.36300000,874.35000000,2.36200000,271.35000000,2.37300000,66.62000000,2.37400000,117.64000000,2.37500000,206.62000000,2.37600000,646.60000000,2.37700000,1085.60000000,2.37800000,360.58000000,2.37900000,693.83000000,2.38000000,940.55000000,2.38100000,117.98000000,2.38200000,81.04000000,2.368,2955,2.367,12901,2.366,13581,2.365,18357,2.364,23059,2.363,15445,2.362,16325,2.361,32491,2.36,16711,2.359,13504,2.369,3273,2.37,46162,2.371,11700,2.372,16055,2.373,19633,2.374,22796,2.375,23435,2.376,12389,2.377,35191,2.378,12524,-0.0000770272600401,1774152000000
0,5,384,2.37200000,2.369,-0.1265,1774137173335,2.37200000,126.10000000,2.37100000,10.56000000,2.37000000,137.70000000,2.36900000,931.70000000,2.36800000,423.53000000,2.36700000,526.50000000,2.36600000,110.57000000,2.36500000,839.51000000,2.36400000,110.58000000,2.36300000,874.35000000,2.37300000,4.22000000,2.37400000,74.82000000,2.37500000,206.62000000,2.37600000,646.60000000,2.37700000,55.56000000,2.37800000,883.76000000,2.37900000,473.83000000,2.38000000,1422.55000000,2.38100000,117.98000000,2.38200000,81.04000000,2.369,2678,2.368,9560,2.367,18980,2.366,17015,2.365,17816,2.364,19949,2.363,19473,2.362,16603,2.361,32491,2.36,12654,2.37,40163,2.371,11883,2.372,13550,2.373,20378,2.374,22796,2.375,22712,2.376,11554,2.377,30985,2.378,16731,2.379,20540,-0.0000770272600401,1774152000000
0,5,384,2.37100000,2.369,-0.0844,1774137173635,2.37200000,126.10000000,2.37100000,10.56000000,2.37000000,137.70000000,2.36900000,526.67000000,2.36800000,423.53000000,2.36700000,526.50000000,2.36600000,110.57000000,2.36500000,839.51000000,2.36400000,110.58000000,2.36300000,874.35000000,2.37300000,57.42000000,2.37400000,74.82000000,2.37500000,249.44000000,2.37600000,493.11000000,2.37700000,571.40000000,2.37800000,818.09000000,2.37900000,755.23000000,2.38000000,1561.50000000,2.38100000,117.98000000,2.38200000,81.04000000,2.368,6611,2.367,18980,2.366,17556,2.365,18357,2.364,23671,2.363,24134,2.362,14070,2.361,32491,2.36,15130,2.359,13291,2.369,324,2.37,48233,2.371,11883,2.372,16060,2.373,20386,2.374,25206,2.375,18642,2.376,10718,2.377,30985,2.378,16731,-0.0000770272600401,1774152000000
0,5,384,2.36700000,2.369,0.0845,1774137173935,2.37000000,168.92000000,2.36900000,526.67000000,2.36800000,466.35000000,2.36700000,610.79000000,2.36600000,110.57000000,2.36500000,827.93000000,2.36400000,110.58000000,2.36300000,874.35000000,2.36200000,271.35000000,2.36100000,321.24000000,2.37300000,213.56000000,2.37400000,129.60000000,2.37500000,206.62000000,2.37600000,405.79000000,2.37700000,573.50000000,2.37800000,818.09000000,2.37900000,764.73000000,2.38000000,1561.50000000,2.38100000,117.98000000,2.38200000,81.04000000,2.369,2930,2.368,9560,2.367,18980,2.366,17015,2.365,18800,2.364,20294,2.363,20335,2.362,14070,2.361,32492,2.36,12380,2.37,40021,2.371,12299,2.372,13550,2.373,22047,2.374,25211,2.375,18642,2.376,12386,2.377,31401,2.378,16731,2.379,20540,-0.0000770272600401,1774152000000
0,5,384,2.36700000,2.369,0.0845,1774137174236,2.37000000,168.92000000,2.36900000,526.67000000,2.36800000,423.53000000,2.36700000,610.79000000,2.36600000,110.57000000,2.36500000,827.93000000,2.36400000,110.58000000,2.36300000,874.35000000,2.36200000,271.35000000,2.36100000,321.24000000,2.37300000,168.56000000,2.37400000,172.42000000,2.37500000,206.62000000,2.37600000,405.79000000,2.37700000,573.50000000,2.37800000,818.09000000,2.37900000,473.83000000,2.38000000,1561.50000000,2.38100000,117.98000000,2.38200000,81.04000000,2.37,9891,2.369,15932,2.368,17475,2.367,21317,2.366,19726,2.365,27612,2.364,35444,2.363,21089,2.362,13648,2.361,19086,2.371,249,2.372,5090,2.373,10990,2.374,17670,2.375,18796,2.376,17901,2.377,15565,2.378,12524,2.379,15366,2.38,28373,-0.0000770272600401,1774152000000
0,5,384,2.36700000,2.369,0.0845,1774137174537,2.37000000,126.10000000,2.36900000,569.49000000,2.36800000,423.53000000,2.36700000,610.79000000,2.36600000,110.57000000,2.36500000,827.93000000,2.36400000,110.58000000,2.36300000,874.35000000,2.36200000,271.35000000,2.36100000,321.24000000,2.37300000,213.56000000,2.37400000,172.42000000,2.37500000,206.62000000,2.37600000,405.79000000,2.37700000,573.50000000,2.37800000,941.91000000,2.37900000,949.23000000,2.38000000,1561.50000000,2.38100000,117.98000000,2.38200000,81.04000000,2.37,7560,2.369,13644,2.368,17438,2.367,21317,2.366,21253,2.365,28299,2.364,35444,2.363,21089,2.362,13648,2.361,19086,2.371,526,2.372,14179,2.373,13092,2.374,17670,2.375,18796,2.376,17485,2.377,16812,2.378,12524,2.379,19571,2.38,24170,-0.0000770272600401,1774152000000
0,5,384,2.36700000,2.37,0.1267,1774137174837,2.37000000,126.10000000,2.36900000,569.49000000,2.36800000,423.53000000,2.36700000,610.79000000,2.36600000,110.57000000,2.36500000,827.93000000,2.36400000,110.58000000,2.36300000,874.35000000,2.36200000,271.35000000,2.36100000,321.24000000,2.37300000,44.16000000,2.37400000,117.64000000,2.37500000,206.62000000,2.37600000,405.79000000,2.37700000,573.50000000,2.37800000,941.91000000,2.37900000,750.13000000,2.38000000,1561.50000000,2.38100000,117.98000000,2.38200000,81.04000000,2.371,4244,2.37,14201,2.369,11781,2.368,20677,2.367,22621,2.366,18672,2.365,22870,2.364,35099,2.363,15849,2.362,17022,2.372,725,2.373,8627,2.374,15964,2.375,18789,2.376,19656,2.377,21354,2.378,15617,2.379,16197,2.38,13225,2.381,12190,-0.0000770272600401,1774152000000
0,5,384,2.36800000,2.368,0.0,1774137175138,2.37100000,168.92000000,2.37000000,321.19000000,2.36900000,611.00000000,2.36800000,423.53000000,2.36700000,1124.62000000,2.36600000,110.57000000,2.36500000,827.93000000,2.36400000,516.46000000,2.36300000,874.35000000,2.36200000,271.35000000,2.37300000,10.56000000,2.37400000,74.82000000,2.37500000,249.44000000,2.37600000,267.71000000,2.37700000,166.49000000,2.37800000,818.09000000,2.37900000,473.83000000,2.38000000,1877.00000000,2.38100000,117.98000000,2.38200000,81.04000000,2.371,4244,2.37,14201,2.369,11805,2.368,20677,2.367,22621,2.366,18672,2.365,22870,2.364,35099,2.363,15849,2.362,17022,2.372,2384,2.373,8212,2.374,15964,2.375,17959,2.376,19656,2.377,21354,2.378,15202,2.379,16197,2.38,13505,2.381,12190,-0.0000770272600401,1774152000000
0,5,384,2.36800000,2.369,0.0422,1774137175438,2.37100000,168.92000000,2.37000000,110.56000000,2.36900000,1016.70000000,2.36800000,423.53000000,2.36700000,718.71000000,2.36600000,110.57000000,2.36500000,827.93000000,2.36400000,516.46000000,2.36300000,874.35000000,2.36200000,271.35000000,2.37300000,10.56000000,2.37400000,74.82000000,2.37500000,206.62000000,2.37600000,267.71000000,2.37700000,166.49000000,2.37800000,818.09000000,2.37900000,473.83000000,2.38000000,1561.50000000,2.38100000,117.98000000,2.38200000,81.04000000,2.369,4762,2.368,7366,2.367,17086,2.366,13995,2.365,17582,2.364,23039,2.363,22877,2.362,30141,2.361,15154,2.36,8661,2.37,9,2.371,12625,2.372,17260,2.373,17268,2.374,21393,2.375,17347,2.376,18318,2.377,19731,2.378,16918,2.379,15367,-0.0000770272600401,1774152000000
0,5,384,2.36800000,2.369,0.0422,1774137175739,2.37100000,168.92000000,2.37000000,110.56000000,2.36900000,611.00000000,2.36800000,423.53000000,2.36700000,718.71000000,2.36600000,571.27000000,2.36500000,827.93000000,2.36400000,516.46000000,2.36300000,874.35000000,2.36200000,271.35000000,2.37300000,10.56000000,2.37400000,74.82000000,2.37500000,249.44000000,2.37600000,267.71000000,2.37700000,166.49000000,2.37800000,818.09000000,2.37900000,473.83000000,2.38000000,1903.90000000,2.38100000,117.98000000,2.38200000,81.04000000,2.369,4764,2.368,7370,2.367,23905,2.366,17623,2.365,17582,2.364,22617,2.363,22877,2.362,30141,2.361,15154,2.36,8661,2.37,11,2.371,13021,2.372,17077,2.373,18852,2.374,21815,2.375,17347,2.376,13708,2.377,15981,2.378,16918,2.379,19571,-0.0000770272600401,1774152000000
0,5,384,2.36800000,2.369,0.0422,1774137176040,2.37400000,24.06000000,2.37300000,283.68000000,2.37200000,110.54000000,2.37100000,543.44000000,2.37000000,421.19000000,2.36900000,526.67000000,2.36800000,423.53000000,2.36700000,718.71000000,2.36600000,433.77000000,2.36500000,827.93000000,2.37500000,7.38000000,2.37600000,151.81000000,2.37700000,112.69000000,2.37800000,55.54000000,2.37900000,55.54000000,2.38000000,1127.62000000,2.38100000,1541.33000000,2.38200000,578.93000000,2.38300000,68.74000000,2.38400000,55.52000000,2.369,4945,2.368,7597,2.367,20302,2.366,18045,2.365,19198,2.364,22195,2.363,22451,2.362,28525,2.361,15154,2.36,10277,2.37,333,2.371,13021,2.372,17077,2.373,18852,2.374,21815,2.375,17564,2.376,13708,2.377,15565,2.378,16918,2.379,19571,-0.0000770272600401,1774152000000
0,5,384,2.36800000,2.369,0.0422,1774137176340,2.37300000,130.32000000,2.37200000,110.54000000,2.37100000,500.62000000,2.37000000,421.19000000,2.36900000,526.67000000,2.36800000,423.53000000,2.36700000,718.71000000,2.36600000,110.57000000,2.36500000,827.93000000,2.36400000,516.46000000,2.37500000,20.62000000,2.37600000,260.56000000,2.37700000,112.69000000,2.37800000,55.54000000,2.37900000,392.13000000,2.38000000,1280.66000000,2.38100000,735.49000000,2.38200000,1082.85000000,2.38300000,68.74000000,2.38400000,55.52000000,2.369,4947,2.368,7597,2.367,20312,2.366,18045,2.365,19198,2.364,22508,2.363,22451,2.362,28525,2.361,15358,2.36,10277,2.37,11,2.371,8545,2.372,17077,2.373,18852,2.374,21815,2.375,16320,2.376,13708,2.377,15565,2.378,16918,2.379,19775,-0.0000770272600401,1774152000000
0,5,384,2.37200000,2.369,-0.1265,1774137176641,2.37200000,10.54000000,2.37100000,10.56000000,2.37000000,421.19000000,2.36900000,933.14000000,2.36800000,423.53000000,2.36700000,718.71000000,2.36600000,110.57000000,2.36500000,827.93000000,2.36400000,516.46000000,2.36300000,569.84000000,2.37400000,198.00000000,2.37500000,55.54000000,2.37600000,55.56000000,2.37700000,112.69000000,2.37800000,55.54000000,2.37900000,392.13000000,2.38000000,1280.66000000,2.38100000,512.69000000,2.38200000,1082.85000000,2.38300000,68.74000000,2.369,1797,2.368,9405,2.367,15493,2.366,15935,2.365,19620,2.364,21351,2.363,22451,2.362,28715,2.361,15358,2.36,14513,2.37,4062,2.371,15945,2.372,17077,2.373,20104,2.374,21815,2.375,20958,2.376,16627,2.377,15981,2.378,16918,2.379,19775,-0.0000770272600401,1774152000000
0,5,384,2.37000000,2.369,-0.0422,1774137176942,2.37200000,130.32000000,2.37100000,10.56000000,2.37000000,421.19000000,2.36900000,519.27000000,2.36800000,423.53000000,2.36700000,1128.40000000,2.36600000,110.57000000,2.36500000,1165.20000000,2.36400000,516.46000000,2.36300000,569.84000000,2.37400000,45.00000000,2.37500000,271.74000000,2.37600000,55.56000000,2.37700000,356.28000000,2.37800000,816.06000000,2.37900000,800.83000000,2.38000000,1280.66000000,2.38100000,512.69000000,2.38200000,1082.85000000,2.38300000,68.74000000,2.369,1797,2.368,9405,2.367,15493,2.366,16779,2.365,19620,2.364,21351,2.363,22451,2.362,28715,2.361,15358,2.36,14513,2.37,4062,2.371,15529,2.372,17077,2.373,18852,2.374,21815,2.375,24823,2.376,29277,2.377,15565,2.378,17109,2.379,19775,-0.0000770272600401,1774152000000
0,5,384,2.36900000,2.369,0.0,1774137177243,2.37200000,130.32000000,2.37100000,10.56000000,2.37000000,421.19000000,2.36900000,519.27000000,2.36800000,423.53000000,2.36700000,1547.40000000,2.36600000,110.57000000,2.36500000,1165.20000000,2.36400000,516.46000000,2.36300000,569.84000000,2.37400000,142.46000000,2.37500000,326.51000000,2.37600000,55.56000000,2.37700000,356.28000000,2.37800000,816.06000000,2.37900000,800.83000000,2.38000000,1415.54000000,2.38100000,1030.09000000,2.38200000,1082.85000000,2.38300000,68.74000000,2.369,4761,2.368,9405,2.367,19419,2.366,18467,2.365,19620,2.364,21773,2.363,24067,2.362,28715,2.361,15358,2.36,14513,2.37,11,2.371,8628,2.372,17077,2.373,18672,2.374,21393,2.375,16320,2.376,13708,2.377,15565,2.378,17109,2.379,19775,-0.0000770272600401,1774152000000
0,5,384,2.36800000,2.371,0.1267,1774137177543,2.37200000,130.32000000,2.37100000,10.56000000,2.37000000,421.19000000,2.36900000,519.27000000,2.36800000,423.53000000,2.36700000,1128.40000000,2.36600000,110.57000000,2.36500000,827.93000000,2.36400000,853.73000000,2.36300000,569.84000000,2.37400000,142.46000000,2.37500000,313.91000000,2.37600000,55.56000000,2.37700000,356.28000000,2.37800000,816.06000000,2.37900000,800.83000000,2.38000000,1825.24000000,2.38100000,1030.09000000,2.38200000,1082.85000000,2.38300000,68.74000000,2.371,2023,2.37,14586,2.369,11277,2.368,18141,2.367,21132,2.366,21415,2.365,34127,2.364,15431,2.363,15784,2.362,15318,2.372,6335,2.373,17329,2.374,14654,2.375,17992,2.376,17383,2.377,31117,2.378,31604,2.379,15986,2.38,13226,2.381,12190,-0.0000770272600401,1774152000000
0,5,384,2.36900000,2.371,0.0844,1774137177844,2.37200000,4.22000000,2.37100000,10.56000000,2.37000000,421.19000000,2.36900000,933.35000000,2.36800000,423.53000000,2.36700000,718.71000000,2.36600000,110.57000000,2.36500000,827.93000000,2.36400000,853.73000000,2.36300000,569.84000000,2.37300000,45.00000000,2.37400000,198.00000000,2.37500000,209.46000000,2.37600000,322.45000000,2.37700000,770.30000000,2.37800000,816.06000000,2.37900000,800.83000000,2.38000000,1825.24000000,2.38100000,1030.09000000,2.38200000,676.51000000,2.371,4429,2.37,14587,2.369,13277,2.368,18278,2.367,21553,2.366,15513,2.365,18983,2.364,15431,2.363,15784,2.362,11085,2.372,3957,2.373,12819,2.374,14654,2.375,18741,2.376,17383,2.377,27021,2.378,14789,2.379,20190,2.38,9023,2.381,12190,-0.0000770272600401,1774152000000
0,5,384,2.36900000,2.371,0.0844,1774137178145,2.37200000,130.32000000,2.37100000,10.56000000,2.37000000,421.19000000,2.36900000,933.35000000,2.36800000,423.53000000,2.36700000,718.71000000,2.36600000,110.57000000,2.36500000,827.93000000,2.36400000,853.73000000,2.36300000,569.84000000,2.37400000,10.56000000,2.37500000,154.69000000,2.37600000,322.45000000,2.37700000,356.28000000,2.37800000,816.06000000,2.37900000,1003.73000000,2.38000000,1951.50000000,2.38100000,630.34000000,2.38200000,676.51000000,2.38300000,68.74000000,2.371,4429,2.37,14587,2.369,13266,2.368,17857,2.367,21553,2.366,15513,2.365,18983,2.364,15431,2.363,15784,2.362,11085,2.372,4097,2.373,12819,2.374,14661,2.375,18741,2.376,17383,2.377,27021,2.378,13959,2.379,20190,2.38,9023,2.381,12190,-0.0000770272600401,1774152000000
