spot_source_id,fut_source_id,symbol_id,ask_spot,bid_futures,spread_pct,ts,s_b1,s_b2,s_b3,s_b4,s_b5,s_b6,s_b7,s_b8,s_b9,s_b10,s_bq1,s_bq2,s_bq3,s_bq4,s_bq5,s_bq6,s_bq7,s_bq8,s_bq9,s_bq10,s_a1,s_a2,s_a3,s_a4,s_a5,s_a6,s_a7,s_a8,s_a9,s_a10,s_aq1,s_aq2,s_aq3,s_aq4,s_aq5,s_aq6,s_aq7,s_aq8,s_aq9,s_aq10,f_b1,f_b2,f_b3,f_b4,f_b5,f_b6,f_b7,f_b8,f_b9,f_b10,f_bq1,f_bq2,f_bq3,f_bq4,f_bq5,f_bq6,f_bq7,f_bq8,f_bq9,f_bq10,f_a1,f_a2,f_a3,f_a4,f_a5,f_a6,f_a7,f_a8,f_a9,f_a10,f_aq1,f_aq2,f_aq3,f_aq4,f_aq5,f_aq6,f_aq7,f_aq8,f_aq9,f_aq10,fr_r,fr_ft
0,5,166,0.09258000,0.09252,-0.0648,1774137100000,0.09257000,26875.00000000,0.09256000,10547.00000000,0.09255000,557.00000000,0.09254000,24684.00000000,0.09253000,185962.00000000,0.09252000,405524.00000000,0.09251000,157395.00000000,0.09250000,1008151.00000000,0.09249000,431380.00000000,0.09248000,589841.00000000,0.09258000,43251.00000000,0.09259000,132300.00000000,0.09260000,138346.00000000,0.09261000,689147.00000000,0.09262000,175688.00000000,0.09263000,203390.00000000,0.09264000,268976.00000000,0.09265000,557272.00000000,0.09266000,596541.00000000,0.09267000,210752.00000000,,,,,,,,,,,,,,,,,,,,,,,,,,,,,,,,,,,,,,,,,,
0,5,166,0.09259000,0.09251,-0.0864,1774137101000,0.09255000,340594.00000000,0.09254000,196379.00000000,0.09253000,316178.00000000,0.09252000,86756.00000000,0.09251000,759320.00000000,0.09250000,990809.00000000,0.09249000,641821.00000000,0.09248000,303685.00000000,0.09247000,460085.00000000,0.09246000,472011.00000000,0.09256000,262.00000000,0.09257000,38966.00000000,0.09258000,128824.00000000,0.09259000,172060.00000000,0.09260000,202579.00000000,0.09261000,452276.00000000,0.09262000,623730.00000000,0.09263000,282002.00000000,0.09264000,223603.00000000,0.09265000,602364.00000000,0.09251,109.7,0.0925,450.58,0.09249,602.87,0.09248,713.32,0.09247,964.73,0.09246,820.26,0.09245,865.44,0.09244,962.98,0.09243,1036.64,0.09242,1223.78,0.09252,629.11,0.09253,531.22,0.09254,962.46,0.09255,1664.82,0.09256,1400.12,0.09257,984.69,0.09258,1069.54,0.09259,966.83,0.0926,1167.2,0.09261,776.36,,
0,5,166,0.09251000,0.09239,-0.1297,1774137102000,0.09253000,178797.00000000,0.09252000,159585.00000000,0.09251000,138582.00000000,0.09250000,128264.00000000,0.09249000,140787.00000000,0.09248000,97981.00000000,0.09247000,718224.00000000,0.09246000,184994.00000000,0.09245000,497523.00000000,0.09244000,294937.00000000,0.09254000,24.00000000,0.09255000,3869.00000000,0.09256000,184.00000000,0.09257000,61576.00000000,0.09258000,160395.00000000,0.09259000,171044.00000000,0.09260000,119672.00000000,0.09261000,375031.00000000,0.09262000,147306.00000000,0.09263000,449603.00000000,0.09238,475.87,0.09237,333.64,0.09236,274.49,0.09235,564.75,0.09234,566.24,0.09233,730.62,0.09232,904.83,0.09231,799.88,0.0923,1058.35,0.09229,574.14,0.09239,215.67,0.0924,688.2,0.09241,563.63,0.09242,833.27,0.09243,1087.78,0.09244,906.22,0.09245,746.06,0.09246,1093.38,0.09247,833.53,0.09248,1098.97,,
0,5,166,0.09250000,0.09244,-0.0649,1774137103000,0.09249000,59678.00000000,0.09248000,95874.00000000,0.09247000,518301.00000000,0.09246000,428001.00000000,0.09245000,518750.00000000,0.09244000,444516.00000000,0.09243000,643323.00000000,0.09242000,252642.00000000,0.09241000,630426.00000000,0.09240000,609308.00000000,0.09250000,59353.00000000,0.09251000,91875.00000000,0.09252000,175439.00000000,0.09253000,171070.00000000,0.09254000,84286.00000000,0.09255000,381590.00000000,0.09256000,139696.00000000,0.09257000,326189.00000000,0.09258000,799102.00000000,0.09259000,317864.00000000,0.09244,193.33,0.09243,334.58,0.09242,973.94,0.09241,915.93,0.0924,875.54,0.09239,873.08,0.09238,859.31,0.09237,619.21,0.09236,793.28,0.09235,766.49,0.09245,431.61,0.09246,680.04,0.09247,1405.95,0.09248,1100.2,0.09249,589.91,0.0925,1019,0.09251,908.22,0.09252,977.13,0.09253,730.1,0.09254,948.88,,
0,5,166,0.09249000,0.09241,-0.0865,1774137104000,0.09248000,74349.00000000,0.09247000,88882.00000000,0.09246000,917080.00000000,0.09245000,557183.00000000,0.09244000,506142.00000000,0.09243000,608689.00000000,0.09242000,236835.00000000,0.09241000,554564.00000000,0.09240000,672627.00000000,0.09239000,827196.00000000,0.09249000,89684.00000000,0.09250000,148751.00000000,0.09251000,215109.00000000,0.09252000,414508.00000000,0.09253000,185700.00000000,0.09254000,158050.00000000,0.09255000,380734.00000000,0.09256000,93224.00000000,0.09257000,366479.00000000,0.09258000,834727.00000000,0.09241,188.02,0.0924,407.69,0.09239,771.89,0.09238,848.48,0.09237,654.86,0.09236,807.67,0.09235,752.93,0.09234,754.18,0.09233,672.16,0.09232,1042.02,0.09242,297.03,0.09243,426.53,0.09244,1345.74,0.09245,1344.92,0.09246,942.55,0.09247,1217.07,0.09248,1051.49,0.09249,668.15,0.0925,1010.83,0.09251,713.1,,
0,5,166,0.09242000,0.09233,-0.0974,1774137105000,0.09240000,79286.00000000,0.09239000,356710.00000000,0.09238000,317.00000000,0.09237000,26611.00000000,0.09236000,154860.00000000,0.09235000,457266.00000000,0.09234000,153767.00000000,0.09233000,555023.00000000,0.09232000,316992.00000000,0.09231000,573172.00000000,0.09241000,60773.00000000,0.09242000,56471.00000000,0.09243000,298270.00000000,0.09244000,170197.00000000,0.09245000,612163.00000000,0.09246000,421280.00000000,0.09247000,244229.00000000,0.09248000,247616.00000000,0.09249000,709090.00000000,0.09250000,476634.00000000,0.09231,599.3,0.0923,449.52,0.09229,585.62,0.09228,562.95,0.09227,369.27,0.09226,609.59,0.09225,539.54,0.09224,499.17,0.09223,512.05,0.09222,639.26,0.09232,122.12,0.09233,404.03,0.09234,389.91,0.09235,1063.36,0.09236,691.68,0.09237,1309.43,0.09238,990.65,0.09239,1105.94,0.0924,638.88,0.09241,1633.21,,
0,5,166,0.09240000,0.0922,-0.2165,1774137106000,0.09229000,122524.00000000,0.09228000,188950.00000000,0.09227000,93836.00000000,0.09226000,70375.00000000,0.09225000,527882.00000000,0.09224000,36383.00000000,0.09223000,586020.00000000,0.09222000,205451.00000000,0.09221000,503477.00000000,0.09220000,304296.00000000,0.09230000,8215.00000000,0.09231000,5589.00000000,0.09232000,27258.00000000,0.09233000,219630.00000000,0.09234000,208599.00000000,0.09235000,563940.00000000,0.09236000,146855.00000000,0.09237000,326139.00000000,0.09238000,46944.00000000,0.09239000,119395.00000000,0.09226,327.47,0.09225,387.85,0.09224,432.39,0.09223,889.82,0.09222,793.93,0.09221,687.03,0.0922,737.94,0.09219,730.79,0.09218,746.37,0.09217,372.6,0.09227,104.58,0.09228,580.35,0.09229,1107.99,0.0923,913.48,0.09231,867.28,0.09232,583.1,0.09233,1049.57,0.09234,809.96,0.09235,990.26,0.09236,603.14,,
0,5,166,0.09237000,0.09234,-0.0325,1774137107000,0.09239000,138024.00000000,0.09238000,21858.00000000,0.09237000,174191.00000000,0.09236000,174077.00000000,0.09235000,494754.00000000,0.09234000,331347.00000000,0.09233000,459964.00000000,0.09232000,208689.00000000,0.09231000,546821.00000000,0.09230000,469602.00000000,0.09240000,14994.00000000,0.09241000,166.00000000,0.09242000,20412.00000000,0.09243000,161227.00000000,0.09244000,113542.00000000,0.09245000,507538.00000000,0.09246000,511645.00000000,0.09247000,237904.00000000,0.09248000,23146.00000000,0.09249000,398525.00000000,0.09234,271.1,0.09233,276.92,0.09232,794.8,0.09231,756.67,0.0923,905.18,0.09229,655.16,0.09228,971.63,0.09227,677.65,0.09226,1024.87,0.09225,538.86,0.09235,279.48,0.09236,251.16,0.09237,1089.35,0.09238,542.21,0.09239,794.24,0.0924,544.02,0.09241,810.12,0.09242,708.63,0.09243,837.02,0.09244,553.65,,
0,5,166,0.09229000,0.09228,-0.0108,1774137108000,0.09234000,50872.00000000,0.09233000,144.00000000,0.09232000,191.00000000,0.09231000,137.00000000,0.09230000,26644.00000000,0.09229000,435430.00000000,0.09228000,173268.00000000,0.09227000,431280.00000000,0.09226000,249020.00000000,0.09225000,579596.00000000,0.09235000,60260.00000000,0.09236000,372410.00000000,0.09237000,198400.00000000,0.09238000,222517.00000000,0.09239000,467786.00000000,0.09240000,613940.00000000,0.09241000,340494.00000000,0.09242000,466354.00000000,0.09243000,60704.00000000,0.09244000,128017.00000000,0.09228,298.81,0.09227,156.57,0.09226,442.43,0.09225,411.4,0.09224,392.1,0.09223,484.38,0.09222,793.8,0.09221,460.87,0.0922,619.97,0.09219,530.19,0.09229,927.03,0.0923,339.92,0.09231,1190.71,0.09232,1110.47,0.09233,1376.75,0.09234,1568.98,0.09235,1028.1,0.09236,739.55,0.09237,710.93,0.09238,598.89,,
0,5,166,0.09235000,0.09228,-0.0758,1774137109000,0.09237000,199600.00000000,0.09236000,93297.00000000,0.09235000,70506.00000000,0.09234000,289258.00000000,0.09233000,608597.00000000,0.09232000,153669.00000000,0.09231000,492340.00000000,0.09230000,440210.00000000,0.09229000,552029.00000000,0.09228000,133896.00000000,0.09238000,36007.00000000,0.09239000,5341.00000000,0.09240000,38242.00000000,0.09241000,142373.00000000,0.09242000,348546.00000000,0.09243000,142178.00000000,0.09244000,114080.00000000,0.09245000,495774.00000000,0.09246000,425973.00000000,0.09247000,163839.00000000,0.09228,355.97,0.09227,311.21,0.09226,554.45,0.09225,562.84,0.09224,504.92,0.09223,652.54,0.09222,818.34,0.09221,572.76,0.0922,651.73,0.09219,509.48,0.09229,259.44,0.0923,469.84,0.09231,974.52,0.09232,893.52,0.09233,851.2,0.09234,1670.09,0.09235,763.12,0.09236,722.56,0.09237,651.34,0.09238,488.31,,
0,5,166,0.09240000,0.09229,-0.119,1774137110000,0.09234000,143860.00000000,0.09233000,61719.00000000,0.09232000,58751.00000000,0.09231000,492188.00000000,0.09230000,440210.00000000,0.09229000,549346.00000000,0.09228000,166721.00000000,0.09227000,476464.00000000,0.09226000,376200.00000000,0.09225000,505506.00000000,0.09235000,45450.00000000,0.09236000,17077.00000000,0.09237000,130530.00000000,0.09238000,37955.00000000,0.09239000,187790.00000000,0.09240000,128597.00000000,0.09241000,473679.00000000,0.09242000,494629.00000000,0.09243000,302044.00000000,0.09244000,127978.00000000,0.09228,168.96,0.09227,245.57,0.09226,491.03,0.09225,522.88,0.09224,681.78,0.09223,538.09,0.09222,865.68,0.09221,454.28,0.0922,619.53,0.09219,507.55,0.09229,207.9,0.0923,547.06,0.09231,1427.84,0.09232,1074.85,0.09233,1432.88,0.09234,1006.59,0.09235,951.01,0.09236,849.92,0.09237,684.99,0.09238,732.84,,
0,5,166,0.09235000,0.09217,-0.1949,1774137111000,0.09222000,107199.00000000,0.09221000,578.00000000,0.09220000,17954.00000000,0.09219000,27558.00000000,0.09218000,50025.00000000,0.09217000,588816.00000000,0.09216000,236682.00000000,0.09215000,546722.00000000,0.09214000,83464.00000000,0.09213000,476266.00000000,0.09223000,32377.00000000,0.09224000,11004.00000000,0.09225000,121240.00000000,0.09226000,55821.00000000,0.09227000,216231.00000000,0.09228000,119522.00000000,0.09229000,571801.00000000,0.09230000,226379.00000000,0.09231000,113846.00000000,0.09232000,388955.00000000,0.09223,262.27,0.09222,119.65,0.09221,266.42,0.0922,352.25,0.09219,534.68,0.09218,667.73,0.09217,509.82,0.09216,767.81,0.09215,605.99,0.09214,646.51,0.09224,483.22,0.09225,293.82,0.09226,1149.28,0.09227,1791.51,0.09228,951.55,0.09229,1203.02,0.0923,791.39,0.09231,1035.27,0.09232,1022.16,0.09233,1300.44,,
0,5,166,0.09237000,0.09218,-0.2057,1774137112000,0.09223000,168324.00000000,0.09222000,75178.00000000,0.09221000,19597.00000000,0.09220000,234266.00000000,0.09219000,561881.00000000,0.09218000,318682.00000000,0.09217000,624508.00000000,0.09216000,212709.00000000,0.09215000,678686.00000000,0.09214000,365068.00000000,0.09224000,87083.00000000,0.09225000,10201.00000000,0.09226000,55359.00000000,0.09227000,265937.00000000,0.09228000,138307.00000000,0.09229000,194875.00000000,0.09230000,753713.00000000,0.09231000,107855.00000000,0.09232000,370102.00000000,0.09233000,326077.00000000,0.09218,177.75,0.09217,304.3,0.09216,737.27,0.09215,536.77,0.09214,571.25,0.09213,1155.38,0.09212,590.82,0.09211,1070.42,0.0921,536.98,0.09209,687.37,0.09219,239.67,0.0922,353.66,0.09221,637.79,0.09222,1236.82,0.09223,760.71,0.09224,675.44,0.09225,853.9,0.09226,756.84,0.09227,983.11,0.09228,629.79,,
0,5,166,0.09235000,0.09224,-0.1191,1774137113000,0.09229000,18986.00000000,0.09228000,46458.00000000,0.09227000,439660.00000000,0.09226000,202736.00000000,0.09225000,627220.00000000,0.09224000,441697.00000000,0.09223000,546288.00000000,0.09222000,225544.00000000,0.09221000,537488.00000000,0.09220000,304024.00000000,0.09230000,180058.00000000,0.09231000,10072.00000000,0.09232000,202108.00000000,0.09233000,169928.00000000,0.09234000,79654.00000000,0.09235000,176398.00000000,0.09236000,468898.00000000,0.09237000,110474.00000000,0.09238000,636030.00000000,0.09239000,306370.00000000,0.09225,8.59,0.09224,298.21,0.09223,579.46,0.09222,558.15,0.09221,905.11,0.0922,614.42,0.09219,764.89,0.09218,617.69,0.09217,863.92,0.09216,519.81,0.09226,514.72,0.09227,551.51,0.09228,1055.92,0.09229,766.18,0.0923,563.28,0.09231,879.83,0.09232,512.17,0.09233,759.85,0.09234,685.05,0.09235,903.27,,
0,5,166,0.09223000,0.09219,-0.0434,1774137114000,0.09224000,61991.00000000,0.09223000,154153.00000000,0.09222000,430936.00000000,0.09221000,26499.00000000,0.09220000,257605.00000000,0.09219000,544594.00000000,0.09218000,254351.00000000,0.09217000,585711.00000000,0.09216000,102733.00000000,0.09215000,581805.00000000,0.09225000,208791.00000000,0.09226000,106471.00000000,0.09227000,326722.00000000,0.09228000,171001.00000000,0.09229000,132336.00000000,0.09230000,133632.00000000,0.09231000,250327.00000000,0.09232000,93898.00000000,0.09233000,707298.00000000,0.09234000,85654.00000000,0.0922,254.71,0.09219,368.67,0.09218,503.78,0.09217,422.1,0.09216,570.02,0.09215,486.68,0.09214,661.65,0.09213,765.23,0.09212,906.03,0.09211,761.22,0.09221,93.55,0.09222,379.91,0.09223,518.76,0.09224,1318.65,0.09225,997.62,0.09226,1047.22,0.09227,706.83,0.09228,503.28,0.09229,1032.37,0.0923,470.15,,
0,5,166,0.09228000,0.0922,-0.0867,1774137115000,0.09224000,81044.00000000,0.09223000,40336.00000000,0.09222000,89574.00000000,0.09221000,518575.00000000,0.09220000,253308.00000000,0.09219000,538600.00000000,0.09218000,98097.00000000,0.09217000,588394.00000000,0.09216000,283437.00000000,0.09215000,488004.00000000,0.09225000,23926.00000000,0.09226000,59636.00000000,0.09227000,67911.00000000,0.09228000,286679.00000000,0.09229000,118559.00000000,0.09230000,58986.00000000,0.09231000,274068.00000000,0.09232000,239239.00000000,0.09233000,710441.00000000,0.09234000,81029.00000000,0.0922,273.86,0.09219,217.8,0.09218,468.04,0.09217,425.7,0.09216,849.22,0.09215,561.58,0.09214,669.23,0.09213,848.81,0.09212,877.68,0.09211,807.99,0.09221,275.99,0.09222,340.34,0.09223,941.1,0.09224,1077.98,0.09225,678.25,0.09226,989.4,0.09227,691.13,0.09228,624.7,0.09229,1001.16,0.0923,522.07,,
0,5,166,0.09225000,0.0922,-0.0542,1774137116000,0.09225000,86749.00000000,0.09224000,178896.00000000,0.09223000,449433.00000000,0.09222000,186415.00000000,0.09221000,518575.00000000,0.09220000,253308.00000000,0.09219000,536029.00000000,0.09218000,98097.00000000,0.09217000,593812.00000000,0.09216000,283437.00000000,0.09226000,158972.00000000,0.09227000,40682.00000000,0.09228000,173960.00000000,0.09229000,134939.00000000,0.09230000,142768.00000000,0.09231000,250327.00000000,0.09232000,262980.00000000,0.09233000,721284.00000000,0.09234000,81029.00000000,0.09235000,146830.00000000,0.0922,261.45,0.09219,188.66,0.09218,477.41,0.09217,435.79,0.09216,951.04,0.09215,453.01,0.09214,707.21,0.09213,848.82,0.09212,830,0.09211,807.99,0.09221,256.69,0.09222,253.57,0.09223,1038.82,0.09224,1124.7,0.09225,744.39,0.09226,993.27,0.09227,691.89,0.09228,683.82,0.09229,1006.09,0.0923,474.39,,
0,5,166,0.09225000,0.09219,-0.065,1774137117000,0.09224000,41026.00000000,0.09223000,40360.00000000,0.09222000,84145.00000000,0.09221000,518575.00000000,0.09220000,253308.00000000,0.09219000,536029.00000000,0.09218000,98097.00000000,0.09217000,593812.00000000,0.09216000,283437.00000000,0.09215000,488004.00000000,0.09225000,170368.00000000,0.09226000,67390.00000000,0.09227000,101178.00000000,0.09228000,289080.00000000,0.09229000,121255.00000000,0.09230000,69923.00000000,0.09231000,260327.00000000,0.09232000,262991.00000000,0.09233000,721284.00000000,0.09234000,110897.00000000,0.09219,342.75,0.09218,220.91,0.09217,383.29,0.09216,890.08,0.09215,453.02,0.09214,687.68,0.09213,855.38,0.09212,824.64,0.09211,808,0.0921,481.52,0.0922,253.85,0.09221,605.32,0.09222,1251.26,0.09223,757.95,0.09224,1021.1,0.09225,790.07,0.09226,1021.14,0.09227,641.56,0.09228,603.59,0.09229,1067.52,,
0,5,166,0.09225000,0.0922,-0.0542,1774137118000,0.09224000,64630.00000000,0.09223000,40336.00000000,0.09222000,84145.00000000,0.09221000,513950.00000000,0.09220000,253308.00000000,0.09219000,540654.00000000,0.09218000,98097.00000000,0.09217000,593812.00000000,0.09216000,283437.00000000,0.09215000,488004.00000000,0.09225000,149146.00000000,0.09226000,75799.00000000,0.09227000,102899.00000000,0.09228000,289080.00000000,0.09229000,133255.00000000,0.09230000,74548.00000000,0.09231000,250338.00000000,0.09232000,258366.00000000,0.09233000,721284.00000000,0.09234000,102897.00000000,0.0922,21.73,0.09219,153.36,0.09218,467.28,0.09217,384.64,0.09216,810.18,0.09215,474.72,0.09214,689.93,0.09213,849.95,0.09212,697.29,0.09211,802.64,0.09221,584.94,0.09222,588.7,0.09223,1040.27,0.09224,968.95,0.09225,743.16,0.09226,991.55,0.09227,720.72,0.09228,674.32,0.09229,1000.68,0.0923,544.82,,
0,5,166,0.09223000,0.09218,-0.0542,1774137119000,0.09222000,103597.00000000,0.09221000,154691.00000000,0.09220000,204890.00000000,0.09219000,375999.00000000,0.09218000,99141.00000000,0.09217000,589403.00000000,0.09216000,284233.00000000,0.09215000,472541.00000000,0.09214000,366354.00000000,0.09213000,434137.00000000,0.09223000,53269.00000000,0.09224000,55761.00000000,0.09225000,178289.00000000,0.09226000,126618.00000000,0.09227000,148354.00000000,0.09228000,356257.00000000,0.09229000,517781.00000000,0.09230000,195682.00000000,0.09231000,250326.00000000,0.09232000,283615.00000000,0.09218,308.52,0.09217,202.76,0.09216,432.67,0.09215,370.9,0.09214,807.51,0.09213,749.2,0.09212,785.04,0.09211,719.13,0.0921,513.98,0.09209,852.59,0.09219,676.29,0.0922,614.29,0.09221,626.39,0.09222,1383.04,0.09223,770.59,0.09224,966.33,0.09225,704.63,0.09226,1024.94,0.09227,648.04,0.09228,618.55,,
0,5,166,0.09223000,0.09218,-0.0542,1774137120000,0.09218000,78088.00000000,0.09217000,406453.00000000,0.09216000,72808.00000000,0.09215000,475163.00000000,0.09214000,356459.00000000,0.09213000,513270.00000000,0.09212000,247863.00000000,0.09211000,476383.00000000,0.09210000,291462.00000000,0.09209000,584448.00000000,0.09219000,43498.00000000,0.09220000,35.00000000,0.09221000,82973.00000000,0.09222000,166054.00000000,0.09223000,167093.00000000,0.09224000,55804.00000000,0.09225000,380796.00000000,0.09226000,552632.00000000,0.09227000,272842.00000000,0.09228000,344268.00000000,0.09208,137.53,0.09207,232.3,0.09206,177.54,0.09205,219.86,0.09204,406.09,0.09203,291.86,0.09202,482.46,0.09201,744.38,0.092,2411.07,0.09199,490.41,0.09209,134.93,0.0921,492.71,0.09211,586.14,0.09212,1556.69,0.09213,765.18,0.09214,870.78,0.09215,1160.55,0.09216,873.33,0.09217,504.33,0.09218,1093.77,-0.0000751153661747,1774166400000
0,5,166,0.09215000,0.09186,-0.3147,1774137121000,0.09197000,11.00000000,0.09195000,397.00000000,0.09194000,101365.00000000,0.09193000,2596.00000000,0.09192000,7378.00000000,0.09191000,4061.00000000,0.09190000,17275.00000000,0.09189000,51766.00000000,0.09188000,6256.00000000,0.09187000,1638.00000000,0.09198000,21093.00000000,0.09199000,31710.00000000,0.09200000,83196.00000000,0.09201000,157640.00000000,0.09202000,131541.00000000,0.09203000,160433.00000000,0.09204000,167101.00000000,0.09205000,134783.00000000,0.09206000,396157.00000000,0.09207000,661052.00000000,0.09184,0.63,0.09183,79.22,0.09182,0.1,0.09181,31.29,0.0918,115.87,0.09179,403.44,0.09178,1907.65,0.09177,293.51,0.09176,341.82,0.09175,706.54,0.09185,130.96,0.09186,629.25,0.09187,299.79,0.09188,643.58,0.09189,488.33,0.0919,271.16,0.09191,521.16,0.09192,782.47,0.09193,751.21,0.09194,868.37,,
0,5,166,0.09213000,0.09182,-0.3365,1774137122000,0.09182000,7416.00000000,0.09181000,13719.00000000,0.09180000,246098.00000000,0.09179000,2575.00000000,0.09178000,33459.00000000,0.09177000,129736.00000000,0.09176000,132137.00000000,0.09175000,29024.00000000,0.09174000,534509.00000000,0.09173000,179278.00000000,0.09183000,36658.00000000,0.09184000,16981.00000000,0.09185000,43398.00000000,0.09186000,53947.00000000,0.09187000,116585.00000000,0.09188000,75446.00000000,0.09189000,342873.00000000,0.09190000,443105.00000000,0.09191000,49834.00000000,0.09192000,280459.00000000,0.09173,113.08,0.09172,143.36,0.09171,47.35,0.0917,387.92,0.09169,625.03,0.09168,992.92,0.09167,813.06,0.09166,764.64,0.09165,723.55,0.09164,804.97,0.09174,116.74,0.09175,546.03,0.09176,165.18,0.09177,263.52,0.09178,757.33,0.09179,461.79,0.0918,713.85,0.09181,373.18,0.09182,747.61,0.09183,385.18,,
0,5,166,0.09206000,0.0917,-0.391,1774137123000,0.09184000,206623.00000000,0.09183000,72031.00000000,0.09182000,85786.00000000,0.09181000,83830.00000000,0.09180000,324356.00000000,0.09179000,28120.00000000,0.09178000,262319.00000000,0.09177000,348857.00000000,0.09176000,434973.00000000,0.09175000,257004.00000000,0.09185000,26168.00000000,0.09186000,136758.00000000,0.09187000,428845.00000000,0.09188000,167824.00000000,0.09189000,354340.00000000,0.09190000,600443.00000000,0.09191000,158246.00000000,0.09192000,258988.00000000,0.09193000,519674.00000000,0.09194000,141310.00000000,0.09181,384.27,0.0918,454.72,0.09179,45.11,0.09178,593.26,0.09177,704.88,0.09176,722.51,0.09175,594.56,0.09174,766.7,0.09173,686.15,0.09172,793.28,0.09182,0.12,0.09183,484.29,0.09184,1045.85,0.09185,654.75,0.09186,819.27,0.09187,656.17,0.09188,603.34,0.09189,804.4,0.0919,448.39,0.09191,974.38,,
0,5,166,0.09198000,0.09167,-0.337,1774137124000,0.09190000,162500.00000000,0.09189000,126845.00000000,0.09188000,111291.00000000,0.09187000,114369.00000000,0.09186000,107078.00000000,0.09185000,115852.00000000,0.09184000,792461.00000000,0.09183000,263378.00000000,0.09182000,555123.00000000,0.09181000,439096.00000000,0.09191000,23004.00000000,0.09192000,251.00000000,0.09193000,161.00000000,0.09194000,354932.00000000,0.09195000,65364.00000000,0.09196000,218947.00000000,0.09197000,76490.00000000,0.09198000,521949.00000000,0.09199000,369104.00000000,0.09200000,70288.00000000,0.09172,86.69,0.09171,36.7,0.0917,297.05,0.09169,484.01,0.09168,957.5,0.09167,715.56,0.09166,870.27,0.09165,786.57,0.09164,749.24,0.09163,594.38,0.09173,361.2,0.09174,244.07,0.09175,794.01,0.09176,1163.34,0.09177,1020.31,0.09178,686.34,0.09179,1388.96,0.0918,888.17,0.09181,865.82,0.09182,655.84,,
0,5,166,0.09193000,0.09164,-0.3155,1774137125000,0.09179000,18326.00000000,0.09178000,69350.00000000,0.09177000,89876.00000000,0.09176000,473112.00000000,0.09175000,29013.00000000,0.09174000,604932.00000000,0.09173000,32559.00000000,0.09172000,59691.00000000,0.09171000,234693.00000000,0.09170000,476059.00000000,0.09180000,104919.00000000,0.09181000,179250.00000000,0.09182000,179424.00000000,0.09183000,101800.00000000,0.09184000,88183.00000000,0.09185000,17107.00000000,0.09186000,179813.00000000,0.09187000,277752.00000000,0.09188000,198997.00000000,0.09189000,707249.00000000,0.09172,218.76,0.09171,81.62,0.0917,324.79,0.09169,440.57,0.09168,537.34,0.09167,755.86,0.09166,726.84,0.09165,707.17,0.09164,672.21,0.09163,800.21,0.09173,333.4,0.09174,234.12,0.09175,660.38,0.09176,939.4,0.09177,499.76,0.09178,1040.45,0.09179,671.76,0.0918,769.53,0.09181,769.99,0.09182,755.71,,
0,5,166,0.09189000,0.09161,-0.3047,1774137126000,0.09183000,16646.00000000,0.09182000,163644.00000000,0.09181000,411630.00000000,0.09180000,117984.00000000,0.09179000,190078.00000000,0.09178000,506889.00000000,0.09177000,436657.00000000,0.09176000,482163.00000000,0.09175000,198055.00000000,0.09174000,706760.00000000,0.09184000,85164.00000000,0.09185000,178.00000000,0.09186000,192.00000000,0.09187000,101602.00000000,0.09188000,159855.00000000,0.09189000,52137.00000000,0.09190000,66714.00000000,0.09191000,295193.00000000,0.09192000,130588.00000000,0.09193000,486646.00000000,0.09158,121.49,0.09157,371.19,0.09156,454.19,0.09155,517.56,0.09154,604.58,0.09153,834.76,0.09152,770.22,0.09151,1167.56,0.0915,1376.09,0.09149,1071.53,0.09159,164.65,0.0916,235.96,0.09161,328.54,0.09162,1195.23,0.09163,833.65,0.09164,1052.61,0.09165,1051.25,0.09166,1632.37,0.09167,1239.73,0.09168,1102.34,,
0,5,166,0.09186000,0.09155,-0.3375,1774137127000,0.09173000,65969.00000000,0.09172000,13423.00000000,0.09171000,56834.00000000,0.09170000,39597.00000000,0.09169000,489447.00000000,0.09168000,206967.00000000,0.09167000,548972.00000000,0.09166000,259075.00000000,0.09165000,486185.00000000,0.09164000,226886.00000000,0.09174000,121001.00000000,0.09175000,122580.00000000,0.09176000,222645.00000000,0.09177000,705166.00000000,0.09178000,77835.00000000,0.09179000,171527.00000000,0.09180000,94146.00000000,0.09181000,677935.00000000,0.09182000,366727.00000000,0.09183000,162405.00000000,0.09158,268.86,0.09157,228.09,0.09156,499.62,0.09155,643.49,0.09154,622.94,0.09153,876.81,0.09152,685.02,0.09151,1039.41,0.0915,1279.56,0.09149,920.41,0.09159,130.57,0.0916,149.48,0.09161,837.27,0.09162,1319.31,0.09163,604.89,0.09164,998.17,0.09165,1068.48,0.09166,1035.07,0.09167,788.19,0.09168,988.31,,
0,5,166,0.09185000,0.09165,-0.2177,1774137128000,0.09168000,86296.00000000,0.09167000,9423.00000000,0.09166000,113331.00000000,0.09165000,43182.00000000,0.09164000,169110.00000000,0.09163000,508608.00000000,0.09162000,760799.00000000,0.09161000,645571.00000000,0.09160000,337249.00000000,0.09159000,682275.00000000,0.09169000,195105.00000000,0.09170000,121555.00000000,0.09171000,209295.00000000,0.09172000,313180.00000000,0.09173000,706914.00000000,0.09174000,125763.00000000,0.09175000,121295.00000000,0.09176000,398919.00000000,0.09177000,702383.00000000,0.09178000,93588.00000000,0.09158,190.29,0.09157,313.21,0.09156,291.05,0.09155,623.23,0.09154,782.66,0.09153,591.08,0.09152,431.84,0.09151,697.73,0.0915,1047.5,0.09149,548.75,0.09159,1.93,0.0916,253.97,0.09161,629.09,0.09162,1481.6,0.09163,1276.96,0.09164,1167.44,0.09165,888.49,0.09166,969.13,0.09167,937.53,0.09168,793.94,,
0,5,166,0.09184000,0.0916,-0.2613,1774137129000,0.09168000,18461.00000000,0.09167000,40052.00000000,0.09166000,249845.00000000,0.09165000,254487.00000000,0.09164000,215311.00000000,0.09163000,354592.00000000,0.09162000,788483.00000000,0.09161000,273626.00000000,0.09160000,324578.00000000,0.09159000,682330.00000000,0.09170000,54595.00000000,0.09171000,68721.00000000,0.09172000,74473.00000000,0.09173000,97986.00000000,0.09174000,138719.00000000,0.09175000,109545.00000000,0.09176000,97568.00000000,0.09177000,196570.00000000,0.09178000,65472.00000000,0.09179000,130364.00000000,0.09153,246.3,0.09152,236.13,0.09151,690.71,0.0915,1297.99,0.09149,939.54,0.09148,1107.68,0.09147,612.5,0.09146,548.5,0.09145,738.56,0.09144,762.16,0.09154,177.8,0.09155,176.98,0.09156,462.19,0.09157,527.96,0.09158,739.84,0.09159,972.81,0.0916,1138.33,0.09161,1008.07,0.09162,872.08,0.09163,913.44,,
0,5,166,0.09189000,0.09159,-0.3265,1774137130000,0.09169000,59904.00000000,0.09168000,33100.00000000,0.09167000,29150.00000000,0.09166000,432091.00000000,0.09165000,305845.00000000,0.09164000,138009.00000000,0.09163000,666313.00000000,0.09162000,668004.00000000,0.09161000,481292.00000000,0.09160000,122466.00000000,0.09170000,110987.00000000,0.09171000,180.00000000,0.09172000,44348.00000000,0.09173000,213450.00000000,0.09174000,263865.00000000,0.09175000,137857.00000000,0.09176000,558204.00000000,0.09177000,166844.00000000,0.09178000,63251.00000000,0.09179000,197050.00000000,0.09168,420.76,0.09167,360.81,0.09166,294.97,0.09165,468.73,0.09164,332.61,0.09163,357.09,0.09162,266.12,0.09161,733.91,0.0916,696.33,0.09159,934.39,0.09169,213.52,0.0917,834.07,0.09171,649.19,0.09172,562.83,0.09173,762.38,0.09174,611.62,0.09175,854.67,0.09176,732.65,0.09177,1002.56,0.09178,891.49,,
0,5,166,0.09190000,0.09142,-0.5223,1774137131000,0.09163000,120105.00000000,0.09162000,58469.00000000,0.09161000,79789.00000000,0.09160000,58933.00000000,0.09159000,54948.00000000,0.09158000,373403.00000000,0.09157000,627355.00000000,0.09156000,194297.00000000,0.09155000,571543.00000000,0.09154000,360073.00000000,0.09164000,27427.00000000,0.09165000,4204.00000000,0.09166000,66243.00000000,0.09167000,58103.00000000,0.09168000,686563.00000000,0.09169000,401492.00000000,0.09170000,101252.00000000,0.09171000,279293.00000000,0.09172000,693871.00000000,0.09173000,122762.00000000,0.09164,342.14,0.09163,261.12,0.09162,392.16,0.09161,605.28,0.0916,783.24,0.09159,937.35,0.09158,510.83,0.09157,722.63,0.09156,580.98,0.09155,715.8,0.09165,0.1,0.09166,144.34,0.09167,616.99,0.09168,889.35,0.09169,823.45,0.0917,812.56,0.09171,636.89,0.09172,787.67,0.09173,738.97,0.09174,594.47,,
0,5,166,0.09188000,0.09139,-0.5333,1774137132000,0.09171000,60877.00000000,0.09170000,100294.00000000,0.09169000,90285.00000000,0.09168000,38356.00000000,0.09167000,411544.00000000,0.09166000,252780.00000000,0.09165000,471317.00000000,0.09164000,410716.00000000,0.09163000,544226.00000000,0.09162000,217010.00000000,0.09172000,17204.00000000,0.09173000,108795.00000000,0.09174000,138385.00000000,0.09175000,245361.00000000,0.09176000,257410.00000000,0.09177000,475351.00000000,0.09178000,176387.00000000,0.09179000,167017.00000000,0.09180000,187602.00000000,0.09181000,671177.00000000,0.09162,181.91,0.09161,10.25,0.0916,115.31,0.09159,1018.91,0.09158,667.72,0.09157,705.84,0.09156,639.63,0.09155,718.13,0.09154,585.95,0.09153,764.69,0.09163,626.87,0.09164,469.29,0.09165,522.45,0.09166,1230.66,0.09167,862.11,0.09168,853.65,0.09169,943.79,0.0917,809.25,0.09171,828.54,0.09172,1017.55,,
0,5,166,0.09191000,0.09137,-0.5875,1774137133000,0.09169000,148.00000000,0.09168000,76628.00000000,0.09167000,162772.00000000,0.09166000,182682.00000000,0.09165000,603500.00000000,0.09164000,410717.00000000,0.09163000,603666.00000000,0.09162000,446489.00000000,0.09161000,637607.00000000,0.09160000,96618.00000000,0.09170000,85209.00000000,0.09171000,203782.00000000,0.09172000,399917.00000000,0.09173000,322757.00000000,0.09174000,187450.00000000,0.09175000,290164.00000000,0.09176000,382867.00000000,0.09177000,547669.00000000,0.09178000,214545.00000000,0.09179000,170917.00000000,0.09152,576.84,0.09151,247.37,0.0915,496.59,0.09149,513.11,0.09148,757.24,0.09147,971.63,0.09146,713.63,0.09145,764.72,0.09144,423.93,0.09143,617.57,0.09153,34.95,0.09154,1.24,0.09155,387.68,0.09156,650.81,0.09157,902.59,0.09158,701.58,0.09159,689.11,0.0916,738.69,0.09161,629.77,0.09162,947.08,,
0,5,166,0.09192000,0.0911,-0.8921,1774137134000,0.09160000,200735.00000000,0.09159000,141206.00000000,0.09158000,271582.00000000,0.09157000,275290.00000000,0.09156000,222803.00000000,0.09155000,593091.00000000,0.09154000,560757.00000000,0.09153000,538226.00000000,0.09152000,302833.00000000,0.09151000,486081.00000000,0.09161000,34814.00000000,0.09162000,82392.00000000,0.09163000,119714.00000000,0.09164000,74424.00000000,0.09165000,91523.00000000,0.09166000,152537.00000000,0.09167000,133703.00000000,0.09168000,686052.00000000,0.09169000,170337.00000000,0.09170000,299592.00000000,0.09156,146.68,0.09155,149.75,0.09154,40.02,0.09153,466.21,0.09152,679.18,0.09151,808.57,0.0915,605.3,0.09149,705.44,0.09148,677.45,0.09147,964.65,0.09157,453.42,0.09158,847.49,0.09159,926.5,0.0916,1716.57,0.09161,1214.21,0.09162,863.63,0.09163,838.05,0.09164,1137.91,0.09165,535.56,0.09166,756.49,,
0,5,166,0.09189000,0.09106,-0.9033,1774137135000,0.09164000,93375.00000000,0.09163000,51378.00000000,0.09162000,671764.00000000,0.09161000,272672.00000000,0.09160000,533728.00000000,0.09159000,475970.00000000,0.09158000,628573.00000000,0.09157000,232129.00000000,0.09156000,654891.00000000,0.09155000,229722.00000000,0.09165000,29994.00000000,0.09166000,157401.00000000,0.09167000,174.00000000,0.09168000,56431.00000000,0.09169000,167159.00000000,0.09170000,198743.00000000,0.09171000,160726.00000000,0.09172000,488496.00000000,0.09173000,171359.00000000,0.09174000,96640.00000000,0.09146,244.9,0.09145,222.04,0.09144,268.09,0.09143,576.04,0.09142,552.34,0.09141,934.83,0.0914,775.58,0.09139,657.24,0.09138,643.52,0.09137,754.53,0.09147,89.15,0.09148,239.32,0.09149,535.21,0.0915,778.67,0.09151,1127.5,0.09152,1074.3,0.09153,881.41,0.09154,1038.6,0.09155,759.98,0.09156,861.73,,
0,5,166,0.09185000,0.09122,-0.6859,1774137136000,0.09152000,37249.00000000,0.09151000,271951.00000000,0.09150000,358369.00000000,0.09149000,41469.00000000,0.09148000,175482.00000000,0.09147000,211178.00000000,0.09146000,582618.00000000,0.09145000,402654.00000000,0.09144000,585934.00000000,0.09143000,383658.00000000,0.09153000,82844.00000000,0.09154000,83220.00000000,0.09155000,180947.00000000,0.09156000,128011.00000000,0.09157000,82671.00000000,0.09158000,472068.00000000,0.09159000,408094.00000000,0.09160000,571198.00000000,0.09161000,504421.00000000,0.09162000,122468.00000000,0.09138,0.79,0.09137,289.49,0.09136,187,0.09135,183.56,0.09134,171.21,0.09133,293.88,0.09132,544.66,0.09131,920.14,0.0913,1072.24,0.09129,773.28,0.09139,0.15,0.0914,659.77,0.09141,845.8,0.09142,833.34,0.09143,652.97,0.09144,884.83,0.09145,522.86,0.09146,751.53,0.09147,719.35,0.09148,834.44,,
0,5,166,0.09179000,0.09143,-0.3922,1774137137000,0.09149000,93854.00000000,0.09148000,121115.00000000,0.09147000,568271.00000000,0.09146000,480543.00000000,0.09145000,301900.00000000,0.09144000,885740.00000000,0.09143000,171982.00000000,0.09142000,584008.00000000,0.09141000,415270.00000000,0.09140000,302037.00000000,0.09150000,38570.00000000,0.09151000,72333.00000000,0.09152000,48656.00000000,0.09153000,110926.00000000,0.09154000,75603.00000000,0.09155000,652869.00000000,0.09156000,626901.00000000,0.09157000,360302.00000000,0.09158000,378712.00000000,0.09159000,141070.00000000,0.09146,297.4,0.09145,394.91,0.09144,218.15,0.09143,925.02,0.09142,810.56,0.09141,880.55,0.0914,757.1,0.09139,916.29,0.09138,734.86,0.09137,1026.39,0.09147,59.65,0.09148,239.02,0.09149,301.15,0.0915,258.73,0.09151,1150.33,0.09152,870.32,0.09153,645.03,0.09154,864.28,0.09155,805.63,0.09156,1036.72,,
0,5,166,0.09177000,0.09135,-0.4577,1774137138000,0.09151000,273044.00000000,0.09150000,50055.00000000,0.09149000,50070.00000000,0.09148000,111289.00000000,0.09147000,119419.00000000,0.09146000,540789.00000000,0.09145000,420935.00000000,0.09144000,474065.00000000,0.09143000,107649.00000000,0.09142000,487025.00000000,0.09152000,43947.00000000,0.09153000,22239.00000000,0.09154000,58657.00000000,0.09155000,375454.00000000,0.09156000,472491.00000000,0.09157000,121305.00000000,0.09158000,318543.00000000,0.09159000,113411.00000000,0.09160000,492384.00000000,0.09161000,418960.00000000,0.09125,116.57,0.09124,269.47,0.09123,151.02,0.09122,241.68,0.09121,865.34,0.0912,1513.19,0.09119,705.04,0.09118,826.34,0.09117,958.82,0.09116,792.11,0.09126,319.37,0.09127,221.37,0.09128,536.47,0.09129,270.47,0.0913,1345.87,0.09131,609.53,0.09132,885.49,0.09133,744.1,0.09134,761.67,0.09135,737.84,,
0,5,166,0.09183000,0.09135,-0.5227,1774137139000,0.09147000,53543.00000000,0.09146000,21059.00000000,0.09145000,52970.00000000,0.09144000,258.00000000,0.09143000,14497.00000000,0.09142000,487024.00000000,0.09141000,260744.00000000,0.09140000,518697.00000000,0.09139000,118644.00000000,0.09138000,755596.00000000,0.09148000,250391.00000000,0.09149000,237357.00000000,0.09150000,262491.00000000,0.09151000,111289.00000000,0.09152000,239573.00000000,0.09153000,151644.00000000,0.09154000,548674.00000000,0.09155000,311191.00000000,0.09156000,89616.00000000,0.09157000,545287.00000000,0.09108,304.07,0.09107,203.9,0.09106,594.22,0.09105,502.45,0.09104,591.61,0.09103,545.84,0.09102,810.11,0.09101,1527.38,0.091,3330.11,0.09099,814.83,0.09109,365.32,0.0911,20.01,0.09111,306.07,0.09112,365.83,0.09113,1206.54,0.09114,993.95,0.09115,1466.83,0.09116,1115.37,0.09117,1053.56,0.09118,787.86,,
0,5,166,0.09177000,0.09141,-0.3923,1774137140000,0.09127000,8827.00000000,0.09126000,1689.00000000,0.09125000,20443.00000000,0.09124000,2133.00000000,0.09123000,92947.00000000,0.09122000,72031.00000000,0.09121000,641201.00000000,0.09120000,1843047.00000000,0.09119000,99026.00000000,0.09118000,67647.00000000,0.09128000,149990.00000000,0.09129000,432007.00000000,0.09130000,96491.00000000,0.09131000,457556.00000000,0.09132000,212120.00000000,0.09133000,137306.00000000,0.09134000,362627.00000000,0.09135000,531690.00000000,0.09136000,265205.00000000,0.09137000,385511.00000000,0.09101,57.76,0.091,298.55,0.09099,252.52,0.09098,544.51,0.09097,432.41,0.09096,329.28,0.09095,449.56,0.09094,149.48,0.09093,477.07,0.09092,615.59,0.09102,207.41,0.09103,172.11,0.09104,152.84,0.09105,870.44,0.09106,622.8,0.09107,558.89,0.09108,728.85,0.09109,1928.62,0.0911,626.28,0.09111,784.23,,
0,5,166,0.09179000,0.09121,-0.6319,1774137141000,0.09120000,1006328.00000000,0.09119000,29672.00000000,0.09118000,6346.00000000,0.09117000,14379.00000000,0.09116000,4144.00000000,0.09115000,41501.00000000,0.09114000,36702.00000000,0.09113000,438170.00000000,0.09112000,135312.00000000,0.09111000,605401.00000000,0.09121000,140563.00000000,0.09122000,46084.00000000,0.09123000,511722.00000000,0.09124000,119531.00000000,0.09125000,400604.00000000,0.09126000,503853.00000000,0.09127000,190940.00000000,0.09128000,399527.00000000,0.09129000,485774.00000000,0.09130000,176112.00000000,0.09112,88.27,0.09111,141.01,0.0911,153.74,0.09109,416.49,0.09108,336.42,0.09107,311.11,0.09106,505.17,0.09105,170.37,0.09104,507.41,0.09103,513.28,0.09113,115.97,0.09114,180.62,0.09115,629.37,0.09116,1079.39,0.09117,559.05,0.09118,924.06,0.09119,613.91,0.0912,699.22,0.09121,602.29,0.09122,819.92,,
0,5,166,0.09174000,0.09106,-0.7412,1774137142000,0.09113000,109530.00000000,0.09112000,71312.00000000,0.09111000,27547.00000000,0.09110000,153387.00000000,0.09109000,645777.00000000,0.09108000,418336.00000000,0.09107000,474700.00000000,0.09106000,244403.00000000,0.09105000,453198.00000000,0.09104000,202218.00000000,0.09114000,40470.00000000,0.09115000,4138.00000000,0.09116000,162767.00000000,0.09117000,188.00000000,0.09118000,151927.00000000,0.09119000,432002.00000000,0.09120000,65732.00000000,0.09121000,146563.00000000,0.09122000,409011.00000000,0.09123000,438983.00000000,0.0913,155.02,0.09129,202.42,0.09128,297.42,0.09127,313.63,0.09126,544.62,0.09125,393.26,0.09124,346.09,0.09123,607.58,0.09122,382.08,0.09121,749.93,0.09131,230.03,0.09132,242.68,0.09133,882.47,0.09134,641.66,0.09135,673.72,0.09136,676.12,0.09137,697.52,0.09138,962.98,0.09139,805.74,0.0914,589.69,,
0,5,166,0.09163000,0.09111,-0.5675,1774137143000,0.09112000,174314.00000000,0.09111000,19924.00000000,0.09110000,295565.00000000,0.09109000,210045.00000000,0.09108000,332961.00000000,0.09107000,599908.00000000,0.09106000,309998.00000000,0.09105000,524460.00000000,0.09104000,164060.00000000,0.09103000,556647.00000000,0.09113000,100565.00000000,0.09114000,55.00000000,0.09115000,32119.00000000,0.09116000,104391.00000000,0.09117000,2370.00000000,0.09118000,500192.00000000,0.09119000,375053.00000000,0.09120000,215076.00000000,0.09121000,22876.00000000,0.09122000,409011.00000000,0.09145,1.58,0.09144,467.41,0.09143,396.22,0.09142,574.04,0.09141,317.18,0.0914,175.38,0.09139,774.64,0.09138,651.36,0.09137,834.72,0.09136,724.07,0.09146,448.34,0.09147,458.77,0.09148,260.34,0.09149,292.92,0.0915,246.49,0.09151,483.68,0.09152,762.78,0.09153,813.67,0.09154,651.77,0.09155,726.85,,
0,5,166,0.09118000,0.09104,-0.1535,1774137148000,0.09131000,102229.00000000,0.09130000,99432.00000000,0.09129000,128805.00000000,0.09128000,419867.00000000,0.09127000,13754.00000000,0.09126000,422069.00000000,0.09125000,40371.00000000,0.09124000,1218.00000000,0.09123000,344607.00000000,0.09122000,587725.00000000,0.09132000,13568.00000000,0.09133000,12285.00000000,0.09134000,46481.00000000,0.09135000,81946.00000000,0.09136000,23077.00000000,0.09137000,212403.00000000,0.09138000,585808.00000000,0.09139000,221019.00000000,0.09140000,39157.00000000,0.09141000,155543.00000000,0.09141,259.54,0.0914,227.51,0.09139,384.73,0.09138,601.48,0.09137,1102.08,0.09136,1300.27,0.09135,932.8,0.09134,969.23,0.09133,889.53,0.09132,939.41,0.09142,227.2,0.09143,141.85,0.09144,419.24,0.09145,1272.23,0.09146,468.02,0.09147,644.32,0.09148,772.33,0.09149,846.38,0.0915,693.63,0.09151,1180.06,,
0,5,166,0.09109000,0.09091,-0.1976,1774137149000,0.09131000,88360.00000000,0.09130000,159052.00000000,0.09129000,5660.00000000,0.09128000,59078.00000000,0.09127000,263089.00000000,0.09126000,440999.00000000,0.09125000,68918.00000000,0.09124000,411746.00000000,0.09123000,334755.00000000,0.09122000,653160.00000000,0.09132000,82785.00000000,0.09133000,977.00000000,0.09134000,176857.00000000,0.09135000,520959.00000000,0.09136000,67119.00000000,0.09137000,312974.00000000,0.09138000,149376.00000000,0.09139000,496911.00000000,0.09140000,287964.00000000,0.09141000,40335.00000000,0.09121,112.46,0.0912,125.71,0.09119,546,0.09118,508.74,0.09117,805.54,0.09116,679.13,0.09115,899.01,0.09114,440.37,0.09113,753.73,0.09112,598.3,0.09122,509.15,0.09123,426.93,0.09124,604.14,0.09125,596.64,0.09126,1386.04,0.09127,968.03,0.09128,1183.64,0.09129,834.89,0.0913,673.67,0.09131,926.98,,
0,5,166,0.09120000,0.0906,-0.6579,1774137150000,0.09143000,128944.00000000,0.09142000,154133.00000000,0.09141000,112354.00000000,0.09140000,73663.00000000,0.09139000,122725.00000000,0.09138000,38804.00000000,0.09137000,144049.00000000,0.09136000,652911.00000000,0.09135000,67863.00000000,0.09134000,424965.00000000,0.09144000,21599.00000000,0.09145000,167.00000000,0.09146000,17120.00000000,0.09147000,205.00000000,0.09148000,126.00000000,0.09149000,587361.00000000,0.09150000,27648.00000000,0.09151000,103057.00000000,0.09152000,305321.00000000,0.09153000,457131.00000000,0.09113,294.35,0.09112,219.93,0.09111,351.53,0.0911,593.59,0.09109,564.11,0.09108,728.13,0.09107,602.7,0.09106,1004.25,0.09105,479.26,0.09104,824.74,0.09114,19.21,0.09115,456.46,0.09116,953.18,0.09117,1120.63,0.09118,1047.72,0.09119,1009.98,0.0912,972.52,0.09121,752.14,0.09122,759.63,0.09123,815.28,,
0,5,166,0.09111000,0.09058,-0.5817,1774137151000,0.09144000,117877.00000000,0.09143000,43166.00000000,0.09142000,10965.00000000,0.09141000,503574.00000000,0.09140000,23053.00000000,0.09139000,253830.00000000,0.09138000,588521.00000000,0.09137000,210161.00000000,0.09136000,732868.00000000,0.09135000,173806.00000000,0.09145000,42151.00000000,0.09146000,50100.00000000,0.09147000,10117.00000000,0.09148000,104432.00000000,0.09149000,453574.00000000,0.09150000,210.00000000,0.09151000,77703.00000000,0.09152000,385648.00000000,0.09153000,442526.00000000,0.09154000,1870.00000000,0.09109,122.13,0.09108,82.58,0.09107,299.66,0.09106,317.4,0.09105,723.79,0.09104,808.75,0.09103,743.73,0.09102,731.53,0.09101,678.12,0.091,768.54,0.0911,191.38,0.09111,617.87,0.09112,1265.86,0.09113,1099.32,0.09114,1105.98,0.09115,1060.48,0.09116,1060.09,0.09117,929.79,0.09118,833.53,0.09119,851.63,,
0,5,166,0.09101000,0.09079,-0.2417,1774137152000,0.09145000,89652.00000000,0.09144000,200713.00000000,0.09143000,670971.00000000,0.09142000,310965.00000000,0.09141000,561774.00000000,0.09140000,228420.00000000,0.09139000,454385.00000000,0.09138000,707263.00000000,0.09137000,477790.00000000,0.09136000,684142.00000000,0.09146000,50613.00000000,0.09147000,10129.00000000,0.09148000,59758.00000000,0.09149000,229993.00000000,0.09150000,119677.00000000,0.09151000,198417.00000000,0.09152000,333439.00000000,0.09153000,495673.00000000,0.09154000,33037.00000000,0.09155000,310308.00000000,0.09112,265.7,0.09111,159.97,0.0911,390.41,0.09109,627.72,0.09108,459.85,0.09107,503.35,0.09106,740.48,0.09105,786.06,0.09104,791.22,0.09103,767.63,0.09113,184.25,0.09114,808.79,0.09115,1212.42,0.09116,1255.01,0.09117,1221.19,0.09118,916.19,0.09119,1506.97,0.0912,842.58,0.09121,512.82,0.09122,993.34,,
0,5,166,0.09098000,0.09103,0.055,1774137153000,0.09125000,21702.00000000,0.09124000,67407.00000000,0.09123000,4035.00000000,0.09122000,85150.00000000,0.09121000,70845.00000000,0.09120000,466674.00000000,0.09119000,368967.00000000,0.09118000,73429.00000000,0.09117000,122008.00000000,0.09116000,446398.00000000,0.09126000,161856.00000000,0.09127000,855.00000000,0.09128000,92188.00000000,0.09129000,214039.00000000,0.09130000,135718.00000000,0.09131000,138158.00000000,0.09132000,45968.00000000,0.09133000,37464.00000000,0.09134000,370612.00000000,0.09135000,570926.00000000,0.09107,37.37,0.09106,220.78,0.09105,354.78,0.09104,582.43,0.09103,748.67,0.09102,745.42,0.09101,840.87,0.091,782.7,0.09099,738.51,0.09098,824.31,0.09108,295.88,0.09109,208.13,0.0911,812.38,0.09111,1237.64,0.09112,1315.79,0.09113,1127.24,0.09114,979.94,0.09115,909.84,0.09116,846.34,0.09117,999.58,,
0,5,166,0.09081000,0.09117,0.3964,1774137154000,0.09119000,1755.00000000,0.09118000,68833.00000000,0.09117000,360052.00000000,0.09116000,427586.00000000,0.09115000,62099.00000000,0.09114000,36186.00000000,0.09113000,467680.00000000,0.09112000,173582.00000000,0.09111000,416843.00000000,0.09110000,170201.00000000,0.09120000,138920.00000000,0.09121000,208697.00000000,0.09122000,33659.00000000,0.09123000,111385.00000000,0.09124000,35600.00000000,0.09125000,134070.00000000,0.09126000,565759.00000000,0.09127000,193302.00000000,0.09128000,206748.00000000,0.09129000,326837.00000000,0.09098,168.68,0.09097,83.5,0.09096,349.89,0.09095,557.12,0.09094,623.79,0.09093,526.48,0.09092,715.93,0.09091,834.14,0.0909,1139.32,0.09089,686.13,0.09099,142.37,0.091,216.32,0.09101,606.14,0.09102,1227.16,0.09103,1352.33,0.09104,737.95,0.09105,1016.35,0.09106,569.81,0.09107,875.1,0.09108,911.41,,
0,5,166,0.09078000,0.0911,0.3525,1774137155000,0.09112000,58.00000000,0.09111000,1409.00000000,0.09110000,10189.00000000,0.09109000,622628.00000000,0.09108000,272652.00000000,0.09107000,126242.00000000,0.09106000,167552.00000000,0.09105000,438867.00000000,0.09104000,70619.00000000,0.09103000,498064.00000000,0.09113000,75107.00000000,0.09114000,135972.00000000,0.09115000,177361.00000000,0.09116000,152854.00000000,0.09117000,188473.00000000,0.09118000,211860.00000000,0.09119000,192978.00000000,0.09120000,524495.00000000,0.09121000,456251.00000000,0.09122000,177149.00000000,0.0912,456.92,0.09119,482.86,0.09118,206.72,0.09117,289.31,0.09116,856.16,0.09115,905.99,0.09114,996.38,0.09113,753.26,0.09112,780.94,0.09111,697.96,0.09121,344.83,0.09122,575.07,0.09123,903.9,0.09124,974.16,0.09125,476.86,0.09126,641.15,0.09127,743.68,0.09128,916.17,0.09129,839.97,0.0913,938.8,,
0,5,166,0.09069000,0.09108,0.43,1774137156000,0.09124000,186004.00000000,0.09123000,140799.00000000,0.09122000,40569.00000000,0.09121000,88558.00000000,0.09120000,88055.00000000,0.09119000,130760.00000000,0.09118000,546204.00000000,0.09117000,137012.00000000,0.09116000,520584.00000000,0.09115000,300978.00000000,0.09125000,190.00000000,0.09126000,41317.00000000,0.09127000,108419.00000000,0.09128000,115229.00000000,0.09129000,434673.00000000,0.09130000,355312.00000000,0.09131000,237364.00000000,0.09132000,58651.00000000,0.09133000,564583.00000000,0.09134000,169251.00000000,0.09121,87.71,0.0912,185.74,0.09119,244.28,0.09118,584.4,0.09117,495.21,0.09116,704.12,0.09115,773.87,0.09114,676.36,0.09113,687.45,0.09112,790.69,0.09122,530.16,0.09123,319.45,0.09124,613.26,0.09125,812.73,0.09126,1034.19,0.09127,737.3,0.09128,934.28,0.09129,774.07,0.0913,852.44,0.09131,875.66,,
0,5,166,0.09065000,0.0911,0.4964,1774137157000,0.09121000,28088.00000000,0.09120000,38673.00000000,0.09119000,107349.00000000,0.09118000,94701.00000000,0.09117000,140831.00000000,0.09116000,475220.00000000,0.09115000,211541.00000000,0.09114000,401235.00000000,0.09113000,43883.00000000,0.09112000,567773.00000000,0.09122000,139348.00000000,0.09123000,104474.00000000,0.09124000,122644.00000000,0.09125000,39802.00000000,0.09126000,281548.00000000,0.09127000,535478.00000000,0.09128000,55573.00000000,0.09129000,263564.00000000,0.09130000,569548.00000000,0.09131000,160528.00000000,0.09109,434.32,0.09108,277.57,0.09107,436.69,0.09106,379.2,0.09105,490.36,0.09104,552.16,0.09103,648.86,0.09102,1035.17,0.09101,561.12,0.091,984.45,0.0911,149.32,0.09111,614.82,0.09112,1235.98,0.09113,1375.08,0.09114,1031.27,0.09115,1027.89,0.09116,1491.36,0.09117,832.87,0.09118,1044.16,0.09119,720.77,,
0,5,166,0.09073000,0.09107,0.3747,1774137158000,0.09112000,171076.00000000,0.09111000,166276.00000000,0.09110000,127690.00000000,0.09109000,315504.00000000,0.09108000,710920.00000000,0.09107000,348005.00000000,0.09106000,638971.00000000,0.09105000,121898.00000000,0.09104000,415359.00000000,0.09103000,573104.00000000,0.09113000,19334.00000000,0.09114000,23684.00000000,0.09115000,32280.00000000,0.09116000,190415.00000000,0.09117000,646188.00000000,0.09118000,216959.00000000,0.09119000,179471.00000000,0.09120000,521638.00000000,0.09121000,560722.00000000,0.09122000,103074.00000000,0.0911,2.13,0.09109,42.43,0.09108,4.13,0.09107,259.87,0.09106,662.42,0.09105,504.99,0.09104,649.72,0.09103,443.25,0.09102,833.13,0.09101,428.85,0.09111,482.17,0.09112,240.6,0.09113,186.94,0.09114,218.5,0.09115,732.97,0.09116,924.22,0.09117,590.91,0.09118,643.6,0.09119,1238.53,0.0912,925.08,,
0,5,166,0.09092000,0.09095,0.033,1774137159000,0.09103000,56144.00000000,0.09102000,18002.00000000,0.09101000,421261.00000000,0.09100000,3837136.00000000,0.09099000,416065.00000000,0.09098000,132502.00000000,0.09097000,364476.00000000,0.09096000,73449.00000000,0.09095000,647329.00000000,0.09094000,72455.00000000,0.09104000,88041.00000000,0.09105000,202242.00000000,0.09106000,189741.00000000,0.09107000,132.00000000,0.09108000,557447.00000000,0.09109000,115952.00000000,0.09110000,178618.00000000,0.09111000,595005.00000000,0.09112000,121360.00000000,0.09113000,50285.00000000,0.09104,133.46,0.09103,44.35,0.09102,658,0.09101,446.71,0.091,578.4,0.09099,617.27,0.09098,675.87,0.09097,599.3,0.09096,580.58,0.09095,1170.55,0.09105,599.17,0.09106,514.9,0.09107,221.51,0.09108,334.38,0.09109,215.31,0.0911,487.79,0.09111,961.6,0.09112,960.63,0.09113,841.63,0.09114,719.93,,
0,5,166,0.09097000,0.09107,0.1099,1774137160000,0.09117000,88196.00000000,0.09116000,54172.00000000,0.09115000,73721.00000000,0.09114000,166673.00000000,0.09113000,308545.00000000,0.09112000,256851.00000000,0.09111000,357095.00000000,0.09110000,230060.00000000,0.09109000,368148.00000000,0.09108000,278470.00000000,0.09118000,59192.00000000,0.09119000,193.00000000,0.09120000,12769.00000000,0.09121000,27576.00000000,0.09122000,516609.00000000,0.09123000,296279.00000000,0.09124000,81069.00000000,0.09125000,378238.00000000,0.09126000,164913.00000000,0.09127000,229181.00000000,0.09109,695.15,0.09108,390.5,0.09107,423.25,0.09106,295.45,0.09105,633.76,0.09104,648.79,0.09103,849.21,0.09102,464.77,0.09101,610.55,0.091,686.13,0.0911,149.35,0.09111,188.38,0.09112,1166.34,0.09113,514.71,0.09114,572.35,0.09115,662.76,0.09116,414.25,0.09117,566.78,0.09118,696.82,0.09119,512.28,,
0,5,166,0.09090000,0.09087,-0.033,1774137161000,0.09123000,96760.00000000,0.09122000,303209.00000000,0.09121000,418550.00000000,0.09120000,294789.00000000,0.09119000,633252.00000000,0.09118000,272826.00000000,0.09117000,436293.00000000,0.09116000,253262.00000000,0.09115000,501811.00000000,0.09114000,187461.00000000,0.09124000,150871.00000000,0.09125000,372.00000000,0.09126000,176.00000000,0.09127000,668.00000000,0.09128000,12185.00000000,0.09129000,239168.00000000,0.09130000,503831.00000000,0.09131000,160517.00000000,0.09132000,43162.00000000,0.09133000,119618.00000000,0.09091,321.94,0.0909,310.59,0.09089,586.87,0.09088,369.47,0.09087,671.47,0.09086,833.79,0.09085,481.03,0.09084,691.81,0.09083,370.19,0.09082,585.19,0.09092,32.66,0.09093,199.6,0.09094,1039.63,0.09095,635.22,0.09096,709.91,0.09097,403.21,0.09098,580.88,0.09099,399.47,0.091,472.91,0.09101,354.14,,
0,5,166,0.09099000,0.09096,-0.033,1774137162000,0.09122000,50775.00000000,0.09121000,30376.00000000,0.09120000,259649.00000000,0.09119000,628436.00000000,0.09118000,294022.00000000,0.09117000,393512.00000000,0.09116000,376825.00000000,0.09115000,467687.00000000,0.09114000,229545.00000000,0.09113000,416817.00000000,0.09123000,102278.00000000,0.09124000,115173.00000000,0.09125000,153524.00000000,0.09126000,158394.00000000,0.09127000,534110.00000000,0.09128000,52690.00000000,0.09129000,37555.00000000,0.09130000,505644.00000000,0.09131000,395609.00000000,0.09132000,127177.00000000,0.09054,90.43,0.09053,550.52,0.09052,389.17,0.09051,585.47,0.0905,1339.81,0.09049,587.7,0.09048,315.18,0.09047,579.73,0.09046,691.23,0.09045,824.44,0.09056,285.72,0.09057,99.47,0.09058,298.13,0.09059,1389.88,0.0906,525.01,0.09061,1046.47,0.09062,658.03,0.09063,706.12,0.09064,342.41,0.09065,551.08,,
0,5,166,0.09108000,0.09109,0.011,1774137163000,0.09118000,339344.00000000,0.09117000,218846.00000000,0.09116000,122447.00000000,0.09115000,616278.00000000,0.09114000,471411.00000000,0.09113000,439306.00000000,0.09112000,147317.00000000,0.09111000,416575.00000000,0.09110000,279056.00000000,0.09109000,451015.00000000,0.09119000,198.00000000,0.09120000,217.00000000,0.09121000,12842.00000000,0.09122000,69063.00000000,0.09123000,27774.00000000,0.09124000,96254.00000000,0.09125000,115828.00000000,0.09126000,302294.00000000,0.09127000,468333.00000000,0.09128000,59174.00000000,0.09056,76.42,0.09055,290.13,0.09054,105.76,0.09053,409.28,0.09052,215.82,0.09051,426.35,0.0905,403.13,0.09049,408.05,0.09048,341.29,0.09047,643.61,0.09057,0.01,0.09058,145.96,0.09059,1947.03,0.0906,137.59,0.09061,596.12,0.09062,376.07,0.09063,913.27,0.09064,562.34,0.09065,542.94,0.09066,512.89,,
0,5,166,0.09110000,0.09118,0.0878,1774137164000,0.09113000,150.00000000,0.09112000,2323.00000000,0.09111000,2373.00000000,0.09110000,35290.00000000,0.09109000,406406.00000000,0.09108000,145181.00000000,0.09107000,335163.00000000,0.09106000,179543.00000000,0.09105000,338021.00000000,0.09104000,174163.00000000,0.09114000,116361.00000000,0.09115000,136918.00000000,0.09116000,125139.00000000,0.09117000,221768.00000000,0.09118000,179582.00000000,0.09119000,289151.00000000,0.09120000,389990.00000000,0.09121000,214558.00000000,0.09122000,82033.00000000,0.09123000,509957.00000000,0.0908,180.14,0.09079,141.91,0.09078,537.32,0.09077,454.33,0.09076,494.38,0.09075,689.59,0.09074,753.99,0.09073,265.76,0.09072,504.59,0.09071,654.49,0.09081,370.58,0.09082,189.59,0.09083,327.73,0.09084,511.04,0.09085,286.71,0.09086,558.64,0.09087,344.01,0.09088,589.59,0.09089,532.17,0.0909,616.46,,
0,5,166,0.09119000,0.0912,0.011,1774137165000,0.09111000,306901.00000000,0.09110000,160314.00000000,0.09109000,339842.00000000,0.09108000,85656.00000000,0.09107000,569970.00000000,0.09106000,61633.00000000,0.09105000,360037.00000000,0.09104000,329935.00000000,0.09103000,383114.00000000,0.09102000,122845.00000000,0.09112000,92745.00000000,0.09113000,141987.00000000,0.09114000,141310.00000000,0.09115000,142232.00000000,0.09116000,92831.00000000,0.09117000,121789.00000000,0.09118000,102422.00000000,0.09119000,174472.00000000,0.09120000,10532.00000000,0.09121000,66506.00000000,0.0908,234,0.09079,221.46,0.09078,456.11,0.09077,664.98,0.09076,870,0.09075,540.53,0.09074,411.01,0.09073,728.5,0.09072,663.13,0.09071,609.48,0.09081,357.58,0.09082,339.29,0.09083,41.88,0.09084,446.14,0.09085,508.6,0.09086,727.73,0.09087,556.97,0.09088,780.7,0.09089,724.24,0.0909,403.27,,
0,5,166,0.09127000,0.09116,-0.1205,1774137166000,0.09113000,154844.00000000,0.09112000,150737.00000000,0.09111000,146602.00000000,0.09110000,37784.00000000,0.09109000,45243.00000000,0.09108000,2374.00000000,0.09107000,10465.00000000,0.09106000,314906.00000000,0.09105000,142697.00000000,0.09104000,413888.00000000,0.09114000,48506.00000000,0.09115000,109981.00000000,0.09116000,49519.00000000,0.09117000,539211.00000000,0.09118000,159367.00000000,0.09119000,264126.00000000,0.09120000,194234.00000000,0.09121000,434051.00000000,0.09122000,34183.00000000,0.09123000,318872.00000000,0.09094,455.55,0.09093,371.76,0.09092,258.22,0.09091,311.39,0.0909,653.98,0.09089,308.93,0.09088,376.06,0.09087,352.01,0.09086,478.12,0.09085,391.39,0.09095,149.94,0.09096,3.79,0.09097,292.63,0.09098,848.96,0.09099,322.19,0.091,592.81,0.09101,639.27,0.09102,755.72,0.09103,607.93,0.09104,878.75,,
0,5,166,0.09126000,0.09125,-0.011,1774137167000,0.09099000,31660.00000000,0.09098000,114115.00000000,0.09097000,109237.00000000,0.09096000,133409.00000000,0.09095000,152012.00000000,0.09094000,35296.00000000,0.09093000,26560.00000000,0.09092000,12319.00000000,0.09091000,305.00000000,0.09090000,164353.00000000,0.09100000,160879.00000000,0.09101000,142734.00000000,0.09102000,314942.00000000,0.09103000,332279.00000000,0.09104000,319827.00000000,0.09105000,136605.00000000,0.09106000,572653.00000000,0.09107000,35825.00000000,0.09108000,273267.00000000,0.09109000,315746.00000000,0.09118,275.96,0.09117,307.58,0.09116,254.77,0.09115,643.29,0.09114,630.08,0.09113,827.64,0.09112,875,0.09111,834.23,0.0911,823.15,0.09109,685.63,0.09119,165.75,0.0912,8.81,0.09121,353.42,0.09122,659.94,0.09123,687.68,0.09124,745.18,0.09125,470.63,0.09126,817.12,0.09127,371.89,0.09128,516.69,,
0,5,166,0.09117000,0.09127,0.1097,1774137168000,0.09078000,24.00000000,0.09077000,13822.00000000,0.09076000,100148.00000000,0.09075000,16691.00000000,0.09074000,12107.00000000,0.09073000,11852.00000000,0.09072000,30003.00000000,0.09071000,283909.00000000,0.09070000,122452.00000000,0.09069000,276930.00000000,0.09079000,123452.00000000,0.09080000,199428.00000000,0.09081000,143331.00000000,0.09082000,129423.00000000,0.09083000,18368.00000000,0.09084000,80689.00000000,0.09085000,112002.00000000,0.09086000,82984.00000000,0.09087000,94748.00000000,0.09088000,73739.00000000,0.09112,335.25,0.09111,198.06,0.0911,249.05,0.09109,488.76,0.09108,298.57,0.09107,560.13,0.09106,628.39,0.09105,551.14,0.09104,511.1,0.09103,508.04,0.09113,220.9,0.09114,232.87,0.09115,281.01,0.09116,543.95,0.09117,609.21,0.09118,400.03,0.09119,642.46,0.0912,719.82,0.09121,459.45,0.09122,705.89,,
0,5,166,0.09117000,0.09132,0.1645,1774137169000,0.09062000,265.00000000,0.09061000,17335.00000000,0.09060000,69404.00000000,0.09059000,12482.00000000,0.09058000,26090.00000000,0.09057000,13061.00000000,0.09056000,1210846.00000000,0.09055000,62410.00000000,0.09054000,26369.00000000,0.09053000,116282.00000000,0.09065000,18365.00000000,0.09066000,103440.00000000,0.09067000,85961.00000000,0.09068000,145525.00000000,0.09069000,41369.00000000,0.09070000,47275.00000000,0.09071000,37854.00000000,0.09072000,20259.00000000,0.09073000,234068.00000000,0.09074000,32263.00000000,0.0911,233.12,0.09109,365.43,0.09108,356.05,0.09107,184.12,0.09106,253.01,0.09105,605.82,0.09104,520.78,0.09103,507.31,0.09102,455.5,0.09101,514.39,0.09111,433.24,0.09112,490.52,0.09113,311.54,0.09114,306.98,0.09115,545.42,0.09116,354.1,0.09117,456.05,0.09118,384.56,0.09119,849.8,0.0912,671.37,,
0,5,166,0.09120000,0.0913,0.1096,1774137170000,0.09079000,93808.00000000,0.09078000,128792.00000000,0.09077000,88599.00000000,0.09076000,172766.00000000,0.09075000,85904.00000000,0.09074000,133066.00000000,0.09073000,48012.00000000,0.09072000,102422.00000000,0.09071000,129129.00000000,0.09070000,83007.00000000,0.09080000,22346.00000000,0.09081000,126.00000000,0.09082000,169.00000000,0.09083000,11975.00000000,0.09084000,5158.00000000,0.09085000,22330.00000000,0.09086000,138.00000000,0.09087000,10038.00000000,0.09088000,163447.00000000,0.09089000,126.00000000,0.09112,368.83,0.09111,331.53,0.0911,442.53,0.09109,395.38,0.09108,197.64,0.09107,327.14,0.09106,700.54,0.09105,444.51,0.09104,769.28,0.09103,344.42,0.09113,408.91,0.09114,591.25,0.09115,434.34,0.09116,308.69,0.09117,257.84,0.09118,222.56,0.09119,630.07,0.0912,655.26,0.09121,495.15,0.09122,777.19,,
0,5,166,0.09115000,0.09132,0.1865,1774137171000,0.09094000,40254.00000000,0.09093000,27841.00000000,0.09092000,26997.00000000,0.09091000,27014.00000000,0.09090000,515490.00000000,0.09089000,10056.00000000,0.09088000,67725.00000000,0.09087000,27853.00000000,0.09086000,22972.00000000,0.09085000,10027.00000000,0.09095000,142419.00000000,0.09096000,32584.00000000,0.09097000,106565.00000000,0.09098000,113253.00000000,0.09099000,11784.00000000,0.09100000,167553.00000000,0.09101000,296977.00000000,0.09102000,170164.00000000,0.09103000,137056.00000000,0.09104000,328680.00000000,0.09109,179.2,0.09108,212.31,0.09107,191.61,0.09106,174.15,0.09105,529.8,0.09104,613.2,0.09103,572.44,0.09102,669.78,0.09101,651.83,0.091,2150.74,0.0911,309.22,0.09111,527,0.09112,613.47,0.09113,615.85,0.09114,266.81,0.09115,276.46,0.09116,535.47,0.09117,258.79,0.09118,322.17,0.09119,689.71,,
0,5,166,0.09114000,0.09132,0.1975,1774137172000,0.09092000,32347.00000000,0.09091000,40.00000000,0.09090000,50957.00000000,0.09089000,10051.00000000,0.09088000,10051.00000000,0.09087000,80410.00000000,0.09086000,15242.00000000,0.09085000,34782.00000000,0.09084000,84873.00000000,0.09083000,248979.00000000,0.09093000,147365.00000000,0.09094000,27935.00000000,0.09095000,28614.00000000,0.09096000,65675.00000000,0.09097000,50364.00000000,0.09098000,21246.00000000,0.09099000,32144.00000000,0.09100000,169618.00000000,0.09101000,87893.00000000,0.09102000,174958.00000000,0.0911,415.04,0.09109,317.52,0.09108,335.48,0.09107,192.05,0.09106,178.08,0.09105,475.56,0.09104,729.51,0.09103,659.56,0.09102,589.63,0.09101,651.82,0.09111,408.1,0.09112,456.06,0.09113,618.25,0.09114,678.25,0.09115,249.99,0.09116,322.42,0.09117,358.32,0.09118,420.48,0.09119,723.33,0.0912,668.72,,
0,5,166,0.09119000,0.09137,0.1974,1774137173000,0.09101000,93991.00000000,0.09100000,10761.00000000,0.09099000,86632.00000000,0.09098000,79595.00000000,0.09097000,77228.00000000,0.09096000,80233.00000000,0.09095000,103865.00000000,0.09094000,127807.00000000,0.09093000,72248.00000000,0.09092000,48644.00000000,0.09102000,22176.00000000,0.09103000,5260.00000000,0.09104000,309120.00000000,0.09105000,21083.00000000,0.09106000,553041.00000000,0.09107000,26890.00000000,0.09108000,273380.00000000,0.09109000,306412.00000000,0.09110000,298591.00000000,0.09111000,56322.00000000,0.09108,225.48,0.09107,242.44,0.09106,113.76,0.09105,303.47,0.09104,404.7,0.09103,309.97,0.09102,712.01,0.09101,556.1,0.091,509.31,0.09099,297.5,0.09109,384.31,0.0911,318.19,0.09111,924.03,0.09112,533.36,0.09113,922.75,0.09114,498.65,0.09115,447.76,0.09116,605.27,0.09117,450.66,0.09118,333.98,,
0,5,166,0.09100000,0.09139,0.4286,1774137174000,0.09113000,27683.00000000,0.09112000,27343.00000000,0.09111000,103269.00000000,0.09110000,108625.00000000,0.09109000,117939.00000000,0.09108000,98478.00000000,0.09107000,37882.00000000,0.09106000,27077.00000000,0.09105000,10027.00000000,0.09104000,10099.00000000,0.09115000,6780.00000000,0.09116000,14250.00000000,0.09117000,113241.00000000,0.09118000,27743.00000000,0.09119000,300768.00000000,0.09120000,37288.00000000,0.09121000,136450.00000000,0.09122000,10090.00000000,0.09123000,37705.00000000,0.09124000,315145.00000000,0.09096,384.4,0.09095,347.81,0.09094,295.49,0.09093,356.17,0.09092,381.13,0.09091,403.62,0.0909,394.58,0.09089,384.91,0.09088,539.11,0.09087,461.36,0.09097,1.43,0.09098,597.58,0.09099,459.17,0.091,497.49,0.09101,909.66,0.09102,581.61,0.09103,906.97,0.09104,768.29,0.09105,810.3,0.09106,303.43,,
0,5,166,0.09102000,0.09139,0.4065,1774137175000,0.09122000,64768.00000000,0.09121000,52796.00000000,0.09120000,130268.00000000,0.09119000,63722.00000000,0.09118000,49475.00000000,0.09117000,8806.00000000,0.09116000,181.00000000,0.09115000,28274.00000000,0.09114000,143.00000000,0.09113000,10026.00000000,0.09123000,866.00000000,0.09124000,856.00000000,0.09125000,12973.00000000,0.09126000,121.00000000,0.09127000,46283.00000000,0.09128000,2620.00000000,0.09129000,37874.00000000,0.09130000,211.00000000,0.09131000,97008.00000000,0.09132000,10275.00000000,0.09094,98.35,0.09093,130.5,0.09092,101.95,0.09091,178.46,0.0909,184.74,0.09089,317.9,0.09088,570.8,0.09087,180.18,0.09086,564.15,0.09085,590.84,0.09095,1096.41,0.09096,743.5,0.09097,656.42,0.09098,995.93,0.09099,974.01,0.091,742.53,0.09101,999.18,0.09102,816.46,0.09103,921.2,0.09104,716.23,,
0,5,166,0.09103000,0.09141,0.4174,1774137176000,0.09118000,142264.00000000,0.09117000,82575.00000000,0.09116000,38760.00000000,0.09115000,53187.00000000,0.09114000,27023.00000000,0.09113000,26529.00000000,0.09112000,49749.00000000,0.09111000,10038.00000000,0.09110000,65136.00000000,0.09109000,143.00000000,0.09119000,341.00000000,0.09120000,40504.00000000,0.09121000,965.00000000,0.09122000,10865.00000000,0.09123000,27852.00000000,0.09124000,45721.00000000,0.09125000,359240.00000000,0.09126000,73311.00000000,0.09127000,26512.00000000,0.09128000,37664.00000000,0.09109,28.54,0.09108,229.68,0.09107,231.13,0.09106,239.16,0.09105,286.14,0.09104,341.38,0.09103,330.93,0.09102,805.48,0.09101,617.64,0.091,698.01,0.0911,370.99,0.09111,414.9,0.09112,395.54,0.09113,965.94,0.09114,333.72,0.09115,513.52,0.09116,642.17,0.09117,742.14,0.09118,501.28,0.09119,646.6,,
0,5,166,0.09100000,0.09143,0.4725,1774137177000,0.09116000,31347.00000000,0.09115000,17091.00000000,0.09114000,17918.00000000,0.09113000,43844.00000000,0.09112000,18686.00000000,0.09111000,80916.00000000,0.09110000,10585.00000000,0.09109000,26546.00000000,0.09108000,181.00000000,0.09107000,111931.00000000,0.09117000,58903.00000000,0.09118000,10865.00000000,0.09119000,119881.00000000,0.09120000,88708.00000000,0.09121000,51999.00000000,0.09122000,185018.00000000,0.09123000,126.00000000,0.09124000,44735.00000000,0.09125000,275485.00000000,0.09126000,54498.00000000,0.09093,76.41,0.09092,41.49,0.09091,96.47,0.0909,185.83,0.09089,300.58,0.09088,369.08,0.09087,535.03,0.09086,390.27,0.09085,467.9,0.09084,551.81,0.09094,430.25,0.09095,161.53,0.09096,260.34,0.09097,688.08,0.09098,544.54,0.09099,449.12,0.091,491.72,0.09101,516.33,0.09102,389.71,0.09103,637.41,,
0,5,166,0.09098000,0.09151,0.5825,1774137178000,0.09116000,18706.00000000,0.09115000,18350.00000000,0.09114000,16629.00000000,0.09113000,38512.00000000,0.09112000,21920.00000000,0.09111000,44167.00000000,0.09110000,10038.00000000,0.09109000,26546.00000000,0.09108000,80040.00000000,0.09107000,48639.00000000,0.09117000,22007.00000000,0.09118000,200251.00000000,0.09119000,5838.00000000,0.09120000,10021.00000000,0.09121000,126939.00000000,0.09122000,12219.00000000,0.09123000,58538.00000000,0.09124000,150080.00000000,0.09125000,175473.00000000,0.09126000,86507.00000000,0.09088,208.46,0.09087,316.31,0.09086,136.83,0.09085,206.55,0.09084,288.63,0.09083,593.78,0.09082,502.5,0.09081,524.07,0.0908,606.98,0.09079,689.57,0.09089,163.79,0.0909,118.73,0.09091,568.64,0.09092,557.43,0.09093,759.67,0.09094,416.39,0.09095,416.76,0.09096,518.8,0.09097,567.34,0.09098,575.61,,
0,5,166,0.09095000,0.09153,0.6377,1774137179000,0.09113000,83972.00000000,0.09112000,26847.00000000,0.09111000,86497.00000000,0.09110000,97667.00000000,0.09109000,26546.00000000,0.09108000,28196.00000000,0.09107000,123383.00000000,0.09106000,33893.00000000,0.09105000,65416.00000000,0.09104000,228783.00000000,0.09114000,22273.00000000,0.09115000,30691.00000000,0.09116000,108059.00000000,0.09117000,10021.00000000,0.09118000,30652.00000000,0.09119000,206905.00000000,0.09120000,37383.00000000,0.09121000,26996.00000000,0.09122000,221818.00000000,0.09123000,344127.00000000,0.09098,323.64,0.09097,376.53,0.09096,409.7,0.09095,511.52,0.09094,53,0.09093,383.54,0.09092,240.06,0.09091,319.11,0.0909,527.5,0.09089,451.46,0.09099,187.25,0.091,277.84,0.09101,340.3,0.09102,425.27,0.09103,577.65,0.09104,534.71,0.09105,641.52,0.09106,505.46,0.09107,793.57,0.09108,490.07,,
0,5,166,0.09109000,0.09155,0.505,1774137180000,0.09117000,152889.00000000,0.09116000,133411.00000000,0.09115000,38908.00000000,0.09114000,62137.00000000,0.09113000,129669.00000000,0.09112000,34907.00000000,0.09111000,82702.00000000,0.09110000,111184.00000000,0.09109000,59084.00000000,0.09108000,42619.00000000,0.09118000,170.00000000,0.09119000,12620.00000000,0.09120000,10288.00000000,0.09121000,27008.00000000,0.09122000,179995.00000000,0.09123000,195603.00000000,0.09124000,151125.00000000,0.09125000,329041.00000000,0.09126000,245221.00000000,0.09127000,213834.00000000,0.09109,262.7,0.09108,176.76,0.09107,302.23,0.09106,405.25,0.09105,542.39,0.09104,389.49,0.09103,442.71,0.09102,451.47,0.09101,584.25,0.091,399.56,0.0911,36.83,0.09111,111.45,0.09112,380.86,0.09113,569.47,0.09114,435.48,0.09115,602.32,0.09116,638.86,0.09117,540.03,0.09118,544.83,0.09119,670.59,,
0,5,166,0.09112000,0.09172,0.6585,1774137181000,0.09111000,37330.00000000,0.09110000,126.00000000,0.09109000,19217.00000000,0.09108000,10081.00000000,0.09107000,49168.00000000,0.09106000,72496.00000000,0.09105000,171895.00000000,0.09104000,52271.00000000,0.09103000,46069.00000000,0.09102000,92933.00000000,0.09112000,120766.00000000,0.09113000,112704.00000000,0.09114000,127428.00000000,0.09115000,198185.00000000,0.09116000,188893.00000000,0.09117000,110209.00000000,0.09118000,159522.00000000,0.09119000,137369.00000000,0.09120000,111017.00000000,0.09121000,26546.00000000,0.09119,383.11,0.09118,494.92,0.09117,319.66,0.09116,256.17,0.09115,499.15,0.09114,773.28,0.09113,354.22,0.09112,652.3,0.09111,164.38,0.0911,621.22,0.0912,33.82,0.09121,7.48,0.09122,388.51,0.09123,361.52,0.09124,703.91,0.09125,472.78,0.09126,617.59,0.09127,511.51,0.09128,641.83,0.09129,613.81,-0.0000815893143135,1774166400000
0,5,166,0.09117000,0.09172,0.6033,1774137182000,0.09098000,64942.00000000,0.09097000,127.00000000,0.09096000,182.00000000,0.09095000,19214.00000000,0.09094000,393.00000000,0.09093000,162147.00000000,0.09092000,18429.00000000,0.09091000,249.00000000,0.09090000,19543.00000000,0.09089000,41031.00000000,0.09099000,88821.00000000,0.09100000,2670.00000000,0.09101000,109.00000000,0.09102000,115181.00000000,0.09103000,121.00000000,0.09104000,17092.00000000,0.09105000,246035.00000000,0.09106000,114797.00000000,0.09107000,81567.00000000,0.09108000,76626.00000000,0.09119,196.91,0.09118,204.46,0.09117,477.25,0.09116,316.63,0.09115,433.18,0.09114,857.22,0.09113,429.71,0.09112,712.32,0.09111,242.41,0.0911,902.86,0.0912,250.1,0.09121,67.25,0.09122,158.65,0.09123,744.93,0.09124,384.8,0.09125,718.95,0.09126,605.53,0.09127,566.6,0.09128,869.83,0.09129,615.95,,
0,5,166,0.09122000,0.09183,0.6687,1774137183000,0.09102000,64161.00000000,0.09101000,8635.00000000,0.09100000,110420.00000000,0.09099000,117348.00000000,0.09098000,111146.00000000,0.09097000,21578.00000000,0.09096000,30458.00000000,0.09095000,78195.00000000,0.09094000,393.00000000,0.09093000,127128.00000000,0.09103000,81825.00000000,0.09104000,15764.00000000,0.09105000,35224.00000000,0.09106000,104863.00000000,0.09107000,44971.00000000,0.09108000,27051.00000000,0.09109000,19293.00000000,0.09110000,84567.00000000,0.09111000,20898.00000000,0.09112000,26584.00000000,0.09118,147.93,0.09117,151.09,0.09116,186.33,0.09115,332.96,0.09114,849.56,0.09113,336.06,0.09112,634.59,0.09111,143.49,0.0911,570.22,0.09109,250.6,0.09119,518.85,0.0912,267.87,0.09121,605.07,0.09122,807.97,0.09123,1371.3,0.09124,849.07,0.09125,654.46,0.09126,604.7,0.09127,487.69,0.09128,614.91,,
0,5,166,0.09124000,0.09196,0.7891,1774137184000,0.09111000,61652.00000000,0.09110000,57656.00000000,0.09109000,48415.00000000,0.09108000,47997.00000000,0.09107000,104620.00000000,0.09106000,115546.00000000,0.09105000,240429.00000000,0.09104000,149031.00000000,0.09103000,135807.00000000,0.09102000,111835.00000000,0.09112000,93972.00000000,0.09113000,121.00000000,0.09114000,121.00000000,0.09115000,10021.00000000,0.09116000,84524.00000000,0.09117000,120971.00000000,0.09118000,42817.00000000,0.09119000,142808.00000000,0.09120000,70501.00000000,0.09121000,63490.00000000,0.09116,179.85,0.09115,174.09,0.09114,294.41,0.09113,311.1,0.09112,340.67,0.09111,562.38,0.0911,301.98,0.09109,526.72,0.09108,332.99,0.09107,531.91,0.09117,343.25,0.09118,208.1,0.09119,214.93,0.0912,1005.78,0.09121,497.16,0.09122,751.38,0.09123,633.81,0.09124,763.37,0.09125,835.2,0.09126,712.19,,
0,5,166,0.09124000,0.09204,0.8768,1774137185000,0.09092000,22279.00000000,0.09091000,626.00000000,0.09090000,104599.00000000,0.09089000,156.00000000,0.09088000,153674.00000000,0.09087000,71281.00000000,0.09086000,136463.00000000,0.09085000,112074.00000000,0.09084000,33974.00000000,0.09083000,70627.00000000,0.09093000,63288.00000000,0.09094000,10021.00000000,0.09095000,20841.00000000,0.09096000,61684.00000000,0.09097000,28013.00000000,0.09098000,88072.00000000,0.09099000,29398.00000000,0.09100000,138087.00000000,0.09101000,137066.00000000,0.09102000,90107.00000000,0.0912,629.04,0.09119,472.75,0.09118,267.25,0.09117,575.64,0.09116,837.8,0.09115,730.54,0.09114,662.82,0.09113,409.73,0.09112,751.74,0.09111,290.73,0.09121,88.15,0.09122,61.32,0.09123,339.27,0.09124,562.71,0.09125,746.75,0.09126,300.01,0.09127,765.6,0.09128,311.3,0.09129,850.01,0.0913,454.56,,
0,5,166,0.09122000,0.09205,0.9099,1774137186000,0.09098000,110997.00000000,0.09097000,108284.00000000,0.09096000,32770.00000000,0.09095000,61030.00000000,0.09094000,86274.00000000,0.09093000,61718.00000000,0.09092000,152192.00000000,0.09091000,123377.00000000,0.09090000,182770.00000000,0.09089000,32338.00000000,0.09099000,13091.00000000,0.09100000,239.00000000,0.09101000,148.00000000,0.09102000,4148.00000000,0.09103000,50219.00000000,0.09104000,33599.00000000,0.09105000,81181.00000000,0.09106000,106888.00000000,0.09107000,34051.00000000,0.09108000,58813.00000000,0.09125,286.01,0.09124,122.03,0.09123,157.53,0.09122,498.17,0.09121,879.47,0.0912,530.51,0.09119,888.21,0.09118,676.19,0.09117,722.11,0.09116,724.8,0.09126,440.5,0.09127,395.51,0.09128,401.31,0.09129,426.34,0.0913,791.59,0.09131,993.85,0.09132,530.18,0.09133,818.42,0.09134,897.42,0.09135,858.56,,
0,5,166,0.09123000,0.09192,0.7563,1774137187000,0.09103000,102173.00000000,0.09102000,81892.00000000,0.09101000,22755.00000000,0.09100000,73861.00000000,0.09099000,26904.00000000,0.09098000,77223.00000000,0.09097000,35349.00000000,0.09096000,211056.00000000,0.09095000,33738.00000000,0.09094000,48839.00000000,0.09104000,1812.00000000,0.09105000,17935.00000000,0.09106000,49674.00000000,0.09107000,17102.00000000,0.09108000,181592.00000000,0.09109000,143913.00000000,0.09110000,71201.00000000,0.09111000,59311.00000000,0.09112000,71342.00000000,0.09113000,107101.00000000,0.09127,355.74,0.09126,565.65,0.09125,338.15,0.09124,402.11,0.09123,620.93,0.09122,745.34,0.09121,786.8,0.0912,541.63,0.09119,791.01,0.09118,599.09,0.09128,149.22,0.09129,164.27,0.0913,271.53,0.09131,824.09,0.09132,483.7,0.09133,640.42,0.09134,861.13,0.09135,767.08,0.09136,829.01,0.09137,851.14,,
0,5,166,0.09117000,0.09201,0.9214,1774137189000,0.09123000,58511.00000000,0.09122000,12142.00000000,0.09121000,76253.00000000,0.09120000,5138.00000000,0.09119000,127195.00000000,0.09118000,61099.00000000,0.09117000,74815.00000000,0.09116000,60926.00000000,0.09115000,45639.00000000,0.09114000,107023.00000000,0.09124000,170305.00000000,0.09125000,163.00000000,0.09126000,93717.00000000,0.09127000,10051.00000000,0.09128000,66070.00000000,0.09129000,236426.00000000,0.09130000,142609.00000000,0.09131000,283114.00000000,0.09132000,92260.00000000,0.09133000,196412.00000000,0.0913,268.55,0.09129,280.44,0.09128,444.99,0.09127,710.57,0.09126,743.38,0.09125,957.13,0.09124,674.2,0.09123,547.69,0.09122,644.31,0.09121,718.2,0.09131,316.36,0.09132,238.58,0.09133,388.33,0.09134,1178.27,0.09135,707.22,0.09136,762.06,0.09137,723.4,0.09138,789.71,0.09139,611.3,0.0914,1059.84,,
0,5,166,0.09117000,0.09212,1.042,1774137193178,0.09128000,63010.00000000,0.09127000,52094.00000000,0.09126000,54153.00000000,0.09125000,101376.00000000,0.09124000,22959.00000000,0.09123000,31174.00000000,0.09122000,107817.00000000,0.09121000,111128.00000000,0.09120000,190184.00000000,0.09119000,174991.00000000,0.09129000,110379.00000000,0.09130000,223.00000000,0.09131000,97020.00000000,0.09132000,11813.00000000,0.09133000,42856.00000000,0.09134000,311500.00000000,0.09135000,404257.00000000,0.09136000,82233.00000000,0.09137000,316933.00000000,0.09138000,185947.00000000,0.09137,486.89,0.09136,300.39,0.09135,650.89,0.09134,536.13,0.09133,927.65,0.09132,708.4,0.09131,832.98,0.0913,506.59,0.09129,826.95,0.09128,549.84,0.09138,36.97,0.09139,213.37,0.0914,342.61,0.09141,844.64,0.09142,898.48,0.09143,458.04,0.09144,707.61,0.09145,1023.29,0.09146,757.88,0.09147,825.92,-0.0000815893143135,1774166400000
0,5,166,0.09117000,0.09215,1.0749,1774137193478,0.09127000,50763.00000000,0.09126000,25177.00000000,0.09125000,96005.00000000,0.09124000,61589.00000000,0.09123000,31186.00000000,0.09122000,151912.00000000,0.09121000,148993.00000000,0.09120000,192357.00000000,0.09119000,31499.00000000,0.09118000,73002.00000000,0.09128000,39998.00000000,0.09129000,131676.00000000,0.09130000,118910.00000000,0.09131000,95593.00000000,0.09132000,365.00000000,0.09133000,10306.00000000,0.09134000,314470.00000000,0.09135000,45495.00000000,0.09136000,43618.00000000,0.09137000,306074.00000000,0.09135,269.29,0.09134,236.75,0.09133,313.98,0.09132,588.79,0.09131,866.74,0.0913,506.63,0.09129,543.49,0.09128,530.35,0.09127,657.58,0.09126,450.77,0.09136,477.74,0.09137,341.44,0.09138,245.34,0.09139,437.83,0.0914,594.02,0.09141,1182.75,0.09142,1093.29,0.09143,524.74,0.09144,711.27,0.09145,962.09,-0.0000815893143135,1774166400000
0,5,166,0.09117000,0.09219,1.1188,1774137193780,0.09130000,48.00000000,0.09129000,39917.00000000,0.09128000,35632.00000000,0.09127000,44906.00000000,0.09126000,54147.00000000,0.09125000,116567.00000000,0.09124000,61577.00000000,0.09123000,91678.00000000,0.09122000,202694.00000000,0.09121000,170125.00000000,0.09131000,186800.00000000,0.09132000,333.00000000,0.09133000,10318.00000000,0.09134000,123285.00000000,0.09135000,57507.00000000,0.09136000,168388.00000000,0.09137000,360147.00000000,0.09138000,181149.00000000,0.09139000,299313.00000000,0.09140000,288082.00000000,0.09137,389.07,0.09136,495.5,0.09135,598.96,0.09134,471.93,0.09133,852.81,0.09132,605.14,0.09131,834.08,0.0913,507.62,0.09129,545.67,0.09128,542.68,0.09138,213.56,0.09139,148.69,0.0914,521.47,0.09141,908.31,0.09142,938.98,0.09143,542.94,0.09144,706.46,0.09145,985.46,0.09146,757.88,0.09147,825.92,-0.0000815893143135,1774166400000
0,5,166,0.09224000,0.0922,-0.0434,1774137194081,0.09127000,89246.00000000,0.09126000,152846.00000000,0.09125000,111284.00000000,0.09124000,71589.00000000,0.09123000,64116.00000000,0.09122000,106357.00000000,0.09121000,142714.00000000,0.09120000,147121.00000000,0.09119000,31499.00000000,0.09118000,82520.00000000,0.09128000,1255.00000000,0.09129000,49106.00000000,0.09130000,116210.00000000,0.09131000,153205.00000000,0.09132000,350.00000000,0.09133000,10306.00000000,0.09134000,135273.00000000,0.09135000,45495.00000000,0.09136000,77025.00000000,0.09137000,484386.00000000,0.09137,296.85,0.09136,442.62,0.09135,569.21,0.09134,471.93,0.09133,819.08,0.09132,557.08,0.09131,832.99,0.0913,507.59,0.09129,624.49,0.09128,542.68,0.09138,248.81,0.09139,148.69,0.0914,615.43,0.09141,932.99,0.09142,938.98,0.09143,462.96,0.09144,706.46,0.09145,985.46,0.09146,757.88,0.09147,825.92,-0.0000815893143135,1774166400000
0,5,166,0.09228000,0.09214,-0.1517,1774137194381,0.09128000,21067.00000000,0.09127000,48080.00000000,0.09126000,82097.00000000,0.09125000,93368.00000000,0.09124000,143568.00000000,0.09123000,85293.00000000,0.09122000,106357.00000000,0.09121000,90534.00000000,0.09120000,91175.00000000,0.09119000,52686.00000000,0.09129000,152826.00000000,0.09130000,126452.00000000,0.09131000,116050.00000000,0.09132000,117575.00000000,0.09133000,22318.00000000,0.09134000,5715.00000000,0.09135000,15147.00000000,0.09136000,178743.00000000,0.09137000,484386.00000000,0.09138000,181149.00000000,0.09139,492.51,0.09138,646.17,0.09137,696.67,0.09136,977.35,0.09135,942.14,0.09134,457.59,0.09133,808.83,0.09132,531.63,0.09131,885.38,0.0913,509.31,0.0914,10.49,0.09141,223.09,0.09142,314.5,0.09143,738.73,0.09144,701.78,0.09145,855.04,0.09146,713.16,0.09147,892.38,0.09148,871.2,0.09149,927.48,-0.0000815893143135,1774166400000
0,5,166,0.09228000,0.09212,-0.1734,1774137194682,0.09131000,65454.00000000,0.09130000,71925.00000000,0.09129000,142177.00000000,0.09128000,65848.00000000,0.09127000,43271.00000000,0.09126000,82097.00000000,0.09125000,104548.00000000,0.09124000,162728.00000000,0.09123000,106866.00000000,0.09122000,155168.00000000,0.09132000,44465.00000000,0.09133000,430.00000000,0.09134000,3537.00000000,0.09135000,12969.00000000,0.09136000,43205.00000000,0.09137000,498576.00000000,0.09138000,181149.00000000,0.09139000,287088.00000000,0.09140000,288095.00000000,0.09141000,412970.00000000,0.0914,656.59,0.09139,580.88,0.09138,576.7,0.09137,755.07,0.09136,917.58,0.09135,915.1,0.09134,467.17,0.09133,725.48,0.09132,558.1,0.09131,833.46,0.09141,44.33,0.09142,145.83,0.09143,415.72,0.09144,702.25,0.09145,737.59,0.09146,713.17,0.09147,849.77,0.09148,837.95,0.09149,927.48,0.0915,733.85,-0.0000815893143135,1774166400000
0,5,166,0.09228000,0.09206,-0.2384,1774137194983,0.09135000,1710.00000000,0.09134000,22193.00000000,0.09133000,22157.00000000,0.09132000,81035.00000000,0.09131000,82221.00000000,0.09130000,34326.00000000,0.09129000,190785.00000000,0.09128000,95525.00000000,0.09127000,74386.00000000,0.09126000,104697.00000000,0.09136000,86132.00000000,0.09137000,244.00000000,0.09138000,747.00000000,0.09139000,10115.00000000,0.09140000,255668.00000000,0.09141000,484954.00000000,0.09142000,102571.00000000,0.09143000,185716.00000000,0.09144000,189138.00000000,0.09145000,264537.00000000,0.09142,472.15,0.09141,645.23,0.0914,746.34,0.09139,689.12,0.09138,915.55,0.09137,756.69,0.09136,623.16,0.09135,529.17,0.09134,569.28,0.09133,715.01,0.09143,44.78,0.09144,68.52,0.09145,541.74,0.09146,431.26,0.09147,1154.76,0.09148,640.71,0.09149,795.6,0.0915,811.73,0.09151,891.06,0.09152,844.67,-0.0000815893143135,1774166400000
0,5,166,0.09224000,0.09208,-0.1735,1774137195284,0.09135000,88156.00000000,0.09134000,22193.00000000,0.09133000,39713.00000000,0.09132000,152995.00000000,0.09131000,118496.00000000,0.09130000,34326.00000000,0.09129000,190785.00000000,0.09128000,95525.00000000,0.09127000,79857.00000000,0.09126000,104697.00000000,0.09136000,68403.00000000,0.09137000,227.00000000,0.09138000,747.00000000,0.09139000,47575.00000000,0.09140000,233780.00000000,0.09141000,496954.00000000,0.09142000,102571.00000000,0.09143000,185716.00000000,0.09144000,189138.00000000,0.09145000,264537.00000000,0.09144,337.17,0.09143,337.53,0.09142,619.87,0.09141,779.08,0.0914,672.56,0.09139,732.17,0.09138,629.88,0.09137,738.99,0.09136,550.43,0.09135,494.47,0.09145,214.93,0.09146,264.8,0.09147,227.32,0.09148,857.41,0.09149,962.55,0.0915,537.51,0.09151,837.24,0.09152,905.67,0.09153,945.34,0.09154,891.42,-0.0000815893143135,1774166400000
0,5,166,0.09219000,0.09211,-0.0868,1774137195585,0.09135000,64341.00000000,0.09134000,22227.00000000,0.09133000,39713.00000000,0.09132000,172431.00000000,0.09131000,118509.00000000,0.09130000,34326.00000000,0.09129000,190785.00000000,0.09128000,95525.00000000,0.09127000,79857.00000000,0.09126000,134148.00000000,0.09136000,58406.00000000,0.09137000,227.00000000,0.09138000,747.00000000,0.09139000,37675.00000000,0.09140000,233780.00000000,0.09141000,496954.00000000,0.09142000,102571.00000000,0.09143000,185716.00000000,0.09144000,189138.00000000,0.09145000,264537.00000000,0.09145,414.22,0.09144,261.27,0.09143,502.06,0.09142,722.65,0.09141,781.34,0.0914,652.8,0.09139,732.26,0.09138,630.65,0.09137,955.92,0.09136,555.87,0.09146,224.02,0.09147,217.8,0.09148,187.08,0.09149,1050.84,0.0915,436.36,0.09151,805.9,0.09152,797.24,0.09153,983.97,0.09154,1086.42,0.09155,1064.84,-0.0000815893143135,1774166400000
0,5,166,0.09218000,0.09213,-0.0542,1774137195886,0.09135000,68631.00000000,0.09134000,56654.00000000,0.09133000,67168.00000000,0.09132000,172431.00000000,0.09131000,117988.00000000,0.09130000,36068.00000000,0.09129000,188595.00000000,0.09128000,95525.00000000,0.09127000,79857.00000000,0.09126000,134148.00000000,0.09136000,70246.00000000,0.09137000,10127.00000000,0.09138000,759.00000000,0.09139000,37675.00000000,0.09140000,233780.00000000,0.09141000,499143.00000000,0.09142000,102571.00000000,0.09143000,192923.00000000,0.09144000,189138.00000000,0.09145000,264537.00000000,0.09139,271.17,0.09138,402.03,0.09137,391.66,0.09136,450.05,0.09135,808.88,0.09134,295.42,0.09133,584.8,0.09132,292.48,0.09131,633.72,0.0913,500.14,0.0914,12.91,0.09141,73.36,0.09142,618.07,0.09143,838.16,0.09144,953.75,0.09145,1413.89,0.09146,861.94,0.09147,1100.48,0.09148,797.03,0.09149,856.76,-0.0000815893143135,1774166400000
0,5,166,0.09220000,0.09211,-0.0976,1774137196187,0.09134000,17537.00000000,0.09133000,22169.00000000,0.09132000,100398.00000000,0.09131000,83549.00000000,0.09130000,115821.00000000,0.09129000,163733.00000000,0.09128000,167484.00000000,0.09127000,74386.00000000,0.09126000,105286.00000000,0.09125000,194637.00000000,0.09135000,128912.00000000,0.09136000,130104.00000000,0.09137000,160783.00000000,0.09138000,10659.00000000,0.09139000,49675.00000000,0.09140000,127778.00000000,0.09141000,487043.00000000,0.09142000,102571.00000000,0.09143000,230716.00000000,0.09144000,189138.00000000,0.0914,606.68,0.09139,442.96,0.09138,675.09,0.09137,1020.29,0.09136,463.35,0.09135,794.72,0.09134,338.99,0.09133,684.3,0.09132,354.31,0.09131,662.85,0.09141,244.34,0.09142,79.09,0.09143,232.8,0.09144,559.74,0.09145,1509.07,0.09146,863.48,0.09147,1024.68,0.09148,734.87,0.09149,778.58,0.0915,832.32,-0.0000815893143135,1774166400000
0,5,166,0.09214000,0.09211,-0.0326,1774137196487,0.09131000,70745.00000000,0.09130000,51355.00000000,0.09129000,132606.00000000,0.09128000,136365.00000000,0.09127000,74386.00000000,0.09126000,105286.00000000,0.09125000,194531.00000000,0.09124000,147353.00000000,0.09123000,53358.00000000,0.09122000,97238.00000000,0.09132000,66737.00000000,0.09133000,95718.00000000,0.09134000,137980.00000000,0.09135000,92464.00000000,0.09136000,83766.00000000,0.09137000,106619.00000000,0.09138000,12836.00000000,0.09139000,37663.00000000,0.09140000,303858.00000000,0.09141000,487043.00000000,0.09142,576.1,0.09141,317.16,0.0914,837.57,0.09139,950.44,0.09138,697.93,0.09137,1000.52,0.09136,361.86,0.09135,806.23,0.09134,347.75,0.09133,631.98,0.09143,129.04,0.09144,186.78,0.09145,1310.12,0.09146,606.25,0.09147,864.85,0.09148,808.18,0.09149,849.36,0.0915,763.32,0.09151,862.32,0.09152,812.42,-0.0000815893143135,1774166400000
0,5,166,0.09214000,0.09212,-0.0217,1774137196788,0.09138000,18091.00000000,0.09137000,54989.00000000,0.09136000,101497.00000000,0.09135000,66785.00000000,0.09134000,52418.00000000,0.09133000,73796.00000000,0.09132000,151903.00000000,0.09131000,128004.00000000,0.09130000,36079.00000000,0.09129000,163615.00000000,0.09139000,85934.00000000,0.09140000,79444.00000000,0.09141000,197.00000000,0.09142000,10106.00000000,0.09143000,233720.00000000,0.09144000,335451.00000000,0.09145000,217519.00000000,0.09146000,174106.00000000,0.09147000,111375.00000000,0.09148000,136686.00000000,0.09142,572.9,0.09141,399.54,0.0914,660.68,0.09139,640.77,0.09138,556.53,0.09137,864.82,0.09136,357.91,0.09135,763.95,0.09134,333.54,0.09133,646.19,0.09143,91.65,0.09144,78.96,0.09145,1081.24,0.09146,743.64,0.09147,838,0.09148,825.68,0.09149,809.36,0.0915,763.31,0.09151,861.89,0.09152,812.42,-0.0000815893143135,1774166400000
0,5,166,0.09216000,0.09214,-0.0217,1774137197089,0.09138000,20052.00000000,0.09137000,22191.00000000,0.09136000,89887.00000000,0.09135000,66785.00000000,0.09134000,52418.00000000,0.09133000,152479.00000000,0.09132000,151903.00000000,0.09131000,112883.00000000,0.09130000,67075.00000000,0.09129000,163615.00000000,0.09139000,173309.00000000,0.09140000,79444.00000000,0.09141000,197.00000000,0.09142000,10106.00000000,0.09143000,237720.00000000,0.09144000,327234.00000000,0.09145000,217519.00000000,0.09146000,174106.00000000,0.09147000,111375.00000000,0.09148000,136698.00000000,0.09141,134.08,0.0914,553.95,0.09139,563.12,0.09138,477.71,0.09137,890.06,0.09136,357.91,0.09135,808.33,0.09134,528.54,0.09133,644.01,0.09132,338.34,0.09142,396.07,0.09143,401.98,0.09144,98.51,0.09145,1478.44,0.09146,740.25,0.09147,971.95,0.09148,813.65,0.09149,811.96,0.0915,766.57,0.09151,1056.89,-0.0000815893143135,1774166400000
0,5,166,0.09218000,0.09215,-0.0325,1774137197390,0.09136000,45907.00000000,0.09135000,24058.00000000,0.09134000,38318.00000000,0.09133000,58554.00000000,0.09132000,80522.00000000,0.09131000,144070.00000000,0.09130000,125854.00000000,0.09129000,146158.00000000,0.09128000,117122.00000000,0.09127000,65699.00000000,0.09137000,64114.00000000,0.09138000,12887.00000000,0.09139000,191125.00000000,0.09140000,62637.00000000,0.09141000,46988.00000000,0.09142000,101477.00000000,0.09143000,250644.00000000,0.09144000,250268.00000000,0.09145000,239270.00000000,0.09146000,176370.00000000,0.09143,405.91,0.09142,500.38,0.09141,617.79,0.0914,685.4,0.09139,659,0.09138,555.35,0.09137,864.77,0.09136,357.92,0.09135,818.73,0.09134,335.72,0.09144,97.99,0.09145,282.03,0.09146,526.41,0.09147,778.29,0.09148,804.77,0.09149,809.36,0.0915,762.24,0.09151,858.68,0.09152,813.59,0.09153,1017.63,-0.0000815893143135,1774166400000
0,5,166,0.09220000,0.09215,-0.0542,1774137197691,0.09136000,45907.00000000,0.09135000,24058.00000000,0.09134000,38318.00000000,0.09133000,58554.00000000,0.09132000,80522.00000000,0.09131000,144070.00000000,0.09130000,125854.00000000,0.09129000,146158.00000000,0.09128000,117122.00000000,0.09127000,65699.00000000,0.09137000,64114.00000000,0.09138000,12887.00000000,0.09139000,191125.00000000,0.09140000,62637.00000000,0.09141000,46988.00000000,0.09142000,101477.00000000,0.09143000,250644.00000000,0.09144000,250268.00000000,0.09145000,239270.00000000,0.09146000,176370.00000000,0.09143,265.39,0.09142,250.09,0.09141,712.56,0.0914,847.89,0.09139,626.46,0.09138,487.48,0.09137,823.2,0.09136,498,0.09135,763.4,0.09134,347.77,0.09144,5.06,0.09145,140.95,0.09146,432.57,0.09147,845.3,0.09148,1103.84,0.09149,739.53,0.0915,719.65,0.09151,986.67,0.09152,771.96,0.09153,1061.4,-0.0000815893143135,1774166400000
0,5,166,0.09219000,0.09213,-0.0651,1774137197992,0.09136000,45907.00000000,0.09135000,24058.00000000,0.09134000,38318.00000000,0.09133000,58554.00000000,0.09132000,80522.00000000,0.09131000,144070.00000000,0.09130000,125854.00000000,0.09129000,146158.00000000,0.09128000,117122.00000000,0.09127000,65699.00000000,0.09137000,64114.00000000,0.09138000,12887.00000000,0.09139000,191125.00000000,0.09140000,62637.00000000,0.09141000,46988.00000000,0.09142000,101477.00000000,0.09143000,250644.00000000,0.09144000,250268.00000000,0.09145000,239270.00000000,0.09146000,176370.00000000,0.09142,265.95,0.09141,286.97,0.0914,631.47,0.09139,492.27,0.09138,596.95,0.09137,827.87,0.09136,419.82,0.09135,768.58,0.09134,334.07,0.09133,620.71,0.09143,281.76,0.09144,258.14,0.09145,828.37,0.09146,573.56,0.09147,775.8,0.09148,966.87,0.09149,809.36,0.0915,714.88,0.09151,912.7,0.09152,794.82,-0.0000815893143135,1774166400000
0,5,166,0.09217000,0.09213,-0.0434,1774137198292,0.09136000,45907.00000000,0.09135000,24058.00000000,0.09134000,38318.00000000,0.09133000,58554.00000000,0.09132000,80522.00000000,0.09131000,144070.00000000,0.09130000,125854.00000000,0.09129000,146158.00000000,0.09128000,117122.00000000,0.09127000,65699.00000000,0.09137000,64114.00000000,0.09138000,12887.00000000,0.09139000,191125.00000000,0.09140000,62637.00000000,0.09141000,46988.00000000,0.09142000,101477.00000000,0.09143000,250644.00000000,0.09144000,250268.00000000,0.09145000,239270.00000000,0.09146000,176370.00000000,0.09143,234.34,0.09142,268.35,0.09141,610.63,0.0914,836.95,0.09139,795.55,0.09138,584.43,0.09137,842.02,0.09136,419.81,0.09135,769.69,0.09134,334.07,0.09144,245.98,0.09145,289.29,0.09146,560.64,0.09147,871.05,0.09148,1282.04,0.09149,731.71,0.0915,711.53,0.09151,985.61,0.09152,771.96,0.09153,1033.83,-0.0000815893143135,1774166400000
0,5,166,0.09220000,0.0921,-0.1085,1774137198593,0.09136000,45907.00000000,0.09135000,24058.00000000,0.09134000,38318.00000000,0.09133000,58554.00000000,0.09132000,80522.00000000,0.09131000,144070.00000000,0.09130000,125854.00000000,0.09129000,146158.00000000,0.09128000,117122.00000000,0.09127000,65699.00000000,0.09137000,64114.00000000,0.09138000,12887.00000000,0.09139000,191125.00000000,0.09140000,62637.00000000,0.09141000,46988.00000000,0.09142000,101477.00000000,0.09143000,250644.00000000,0.09144000,250268.00000000,0.09145000,239270.00000000,0.09146000,176370.00000000,0.09145,255.1,0.09144,459.27,0.09143,752.5,0.09142,825.12,0.09141,872.98,0.0914,753.33,0.09139,759.16,0.09138,504.52,0.09137,855.24,0.09136,413.75,0.09146,281.27,0.09147,274.78,0.09148,527.8,0.09149,869.08,0.0915,480.2,0.09151,699.08,0.09152,732.55,0.09153,1056.63,0.09154,840.43,0.09155,961.9,-0.0000815893143135,1774166400000
0,5,166,0.09219000,0.09209,-0.1085,1774137198894,0.09136000,45907.00000000,0.09135000,24058.00000000,0.09134000,38318.00000000,0.09133000,58554.00000000,0.09132000,80522.00000000,0.09131000,144070.00000000,0.09130000,125854.00000000,0.09129000,146158.00000000,0.09128000,117122.00000000,0.09127000,65699.00000000,0.09137000,64114.00000000,0.09138000,12887.00000000,0.09139000,191125.00000000,0.09140000,62637.00000000,0.09141000,46988.00000000,0.09142000,101477.00000000,0.09143000,250644.00000000,0.09144000,250268.00000000,0.09145000,239270.00000000,0.09146000,176370.00000000,0.09147,439.64,0.09146,643.7,0.09145,748.74,0.09144,624.59,0.09143,871.56,0.09142,727.86,0.09141,547.38,0.0914,756.82,0.09139,891.27,0.09138,476.94,0.09148,20.24,0.09149,73.2,0.0915,79.34,0.09151,842.85,0.09152,863.71,0.09153,852.21,0.09154,754.67,0.09155,926.3,0.09156,767.16,0.09157,896.38,-0.0000815893143135,1774166400000
0,5,166,0.09224000,0.09207,-0.1843,1774137199195,0.09136000,45907.00000000,0.09135000,24058.00000000,0.09134000,38318.00000000,0.09133000,58554.00000000,0.09132000,80522.00000000,0.09131000,144070.00000000,0.09130000,125854.00000000,0.09129000,146158.00000000,0.09128000,117122.00000000,0.09127000,65699.00000000,0.09137000,64114.00000000,0.09138000,12887.00000000,0.09139000,191125.00000000,0.09140000,62637.00000000,0.09141000,46988.00000000,0.09142000,101477.00000000,0.09143000,250644.00000000,0.09144000,250268.00000000,0.09145000,239270.00000000,0.09146000,176370.00000000,0.09149,755.89,0.09148,476.99,0.09147,749.17,0.09146,1028.47,0.09145,512.57,0.09144,565.03,0.09143,739.6,0.09142,623.73,0.09141,570.46,0.0914,753.99,0.0915,136.94,0.09151,78.48,0.09152,783.04,0.09153,750.92,0.09154,792.61,0.09155,787.14,0.09156,793.33,0.09157,967.75,0.09158,798.31,0.09159,978.96,-0.0000815893143135,1774166400000
0,5,166,0.09225000,0.09208,-0.1843,1774137199495,0.09136000,45907.00000000,0.09135000,24058.00000000,0.09134000,38318.00000000,0.09133000,58554.00000000,0.09132000,80522.00000000,0.09131000,144070.00000000,0.09130000,125854.00000000,0.09129000,146158.00000000,0.09128000,117122.00000000,0.09127000,65699.00000000,0.09137000,64114.00000000,0.09138000,12887.00000000,0.09139000,191125.00000000,0.09140000,62637.00000000,0.09141000,46988.00000000,0.09142000,101477.00000000,0.09143000,250644.00000000,0.09144000,250268.00000000,0.09145000,239270.00000000,0.09146000,176370.00000000,0.09151,150.68,0.0915,330.18,0.09149,757.92,0.09148,933.8,0.09147,993.78,0.09146,1000.2,0.09145,503.73,0.09144,564.49,0.09143,737.93,0.09142,630.99,0.09152,326.73,0.09153,173.07,0.09154,378.34,0.09155,1384.58,0.09156,699.58,0.09157,905.8,0.09158,798.91,0.09159,921.42,0.0916,806.41,0.09161,716.61,-0.0000815893143135,1774166400000
0,5,166,0.09222000,0.0921,-0.1301,1774137199796,0.09136000,45907.00000000,0.09135000,24058.00000000,0.09134000,38318.00000000,0.09133000,58554.00000000,0.09132000,80522.00000000,0.09131000,144070.00000000,0.09130000,125854.00000000,0.09129000,146158.00000000,0.09128000,117122.00000000,0.09127000,65699.00000000,0.09137000,64114.00000000,0.09138000,12887.00000000,0.09139000,191125.00000000,0.09140000,62637.00000000,0.09141000,46988.00000000,0.09142000,101477.00000000,0.09143000,250644.00000000,0.09144000,250268.00000000,0.09145000,239270.00000000,0.09146000,176370.00000000,0.09151,431.21,0.0915,519.98,0.09149,772.98,0.09148,862.76,0.09147,818.83,0.09146,792.22,0.09145,539.62,0.09144,564.48,0.09143,736.73,0.09142,632.82,0.09152,277.2,0.09153,198.09,0.09154,407.71,0.09155,1239.77,0.09156,482.03,0.09157,842.72,0.09158,798.91,0.09159,921.49,0.0916,763.74,0.09161,849.43,-0.0000815893143135,1774166400000
0,5,166,0.09223000,0.09209,-0.1518,1774137200097,0.09136000,45907.00000000,0.09135000,24058.00000000,0.09134000,38318.00000000,0.09133000,58554.00000000,0.09132000,80522.00000000,0.09131000,144070.00000000,0.09130000,125854.00000000,0.09129000,146158.00000000,0.09128000,117122.00000000,0.09127000,65699.00000000,0.09137000,64114.00000000,0.09138000,12887.00000000,0.09139000,191125.00000000,0.09140000,62637.00000000,0.09141000,46988.00000000,0.09142000,101477.00000000,0.09143000,250644.00000000,0.09144000,250268.00000000,0.09145000,239270.00000000,0.09146000,176370.00000000,0.09151,372.41,0.0915,385.32,0.09149,639.81,0.09148,811.43,0.09147,691.09,0.09146,828.03,0.09145,459.22,0.09144,661.59,0.09143,736.76,0.09142,535.1,0.09152,232.59,0.09153,321.83,0.09154,118.59,0.09155,1243.43,0.09156,481.74,0.09157,627.09,0.09158,760.18,0.09159,875.94,0.0916,758.3,0.09161,849.98,-0.0000815893143135,1774166400000
0,5,166,0.09218000,0.09206,-0.1302,1774137200397,0.09136000,45907.00000000,0.09135000,24058.00000000,0.09134000,38318.00000000,0.09133000,58554.00000000,0.09132000,80522.00000000,0.09131000,144070.00000000,0.09130000,125854.00000000,0.09129000,146158.00000000,0.09128000,117122.00000000,0.09127000,65699.00000000,0.09137000,64114.00000000,0.09138000,12887.00000000,0.09139000,191125.00000000,0.09140000,62637.00000000,0.09141000,46988.00000000,0.09142000,101477.00000000,0.09143000,250644.00000000,0.09144000,250268.00000000,0.09145000,239270.00000000,0.09146000,176370.00000000,0.09151,308.79,0.0915,201.84,0.09149,989.03,0.09148,560.47,0.09147,619.64,0.09146,730.91,0.09145,459.18,0.09144,661.59,0.09143,937.21,0.09142,546,0.09152,344.82,0.09153,190.93,0.09154,124.89,0.09155,1213.68,0.09156,468.94,0.09157,793.66,0.09158,774.07,0.09159,875.94,0.0916,870.73,0.09161,851.05,-0.0000815893143135,1774166400000
0,5,166,0.09212000,0.09209,-0.0326,1774137200697,0.09136000,45907.00000000,0.09135000,24058.00000000,0.09134000,38318.00000000,0.09133000,58554.00000000,0.09132000,80522.00000000,0.09131000,144070.00000000,0.09130000,125854.00000000,0.09129000,146158.00000000,0.09128000,117122.00000000,0.09127000,65699.00000000,0.09137000,64114.00000000,0.09138000,12887.00000000,0.09139000,191125.00000000,0.09140000,62637.00000000,0.09141000,46988.00000000,0.09142000,101477.00000000,0.09143000,250644.00000000,0.09144000,250268.00000000,0.09145000,239270.00000000,0.09146000,176370.00000000,0.09153,598.46,0.09152,274.13,0.09151,510.77,0.0915,784.72,0.09149,879.24,0.09148,870.45,0.09147,630.04,0.09146,730.93,0.09145,459.94,0.09144,673.62,0.09154,63.95,0.09155,95.89,0.09156,488.53,0.09157,761.53,0.09158,976.05,0.09159,797.21,0.0916,749.93,0.09161,897.93,0.09162,851.8,0.09163,985.04,-0.0000815893143135,1774166400000
0,5,166,0.09213000,0.09208,-0.0543,1774137200999,0.09136000,45907.00000000,0.09135000,24058.00000000,0.09134000,38318.00000000,0.09133000,58554.00000000,0.09132000,80522.00000000,0.09131000,144070.00000000,0.09130000,125854.00000000,0.09129000,146158.00000000,0.09128000,117122.00000000,0.09127000,65699.00000000,0.09137000,64114.00000000,0.09138000,12887.00000000,0.09139000,191125.00000000,0.09140000,62637.00000000,0.09141000,46988.00000000,0.09142000,101477.00000000,0.09143000,250644.00000000,0.09144000,250268.00000000,0.09145000,239270.00000000,0.09146000,176370.00000000,0.09154,302,0.09153,288.79,0.09152,414.01,0.09151,675.07,0.0915,734.89,0.09149,867.5,0.09148,714.32,0.09147,633.68,0.09146,820.08,0.09145,474.12,0.09155,208.76,0.09156,81.9,0.09157,497.3,0.09158,876.78,0.09159,836.63,0.0916,670.38,0.09161,858.95,0.09162,810.21,0.09163,973.33,0.09164,817.97,-0.0000815893143135,1774166400000
