spot_source_id,fut_source_id,symbol_id,ask_spot,bid_futures,spread_pct,ts,s_b1,s_b2,s_b3,s_b4,s_b5,s_b6,s_b7,s_b8,s_b9,s_b10,s_bq1,s_bq2,s_bq3,s_bq4,s_bq5,s_bq6,s_bq7,s_bq8,s_bq9,s_bq10,s_a1,s_a2,s_a3,s_a4,s_a5,s_a6,s_a7,s_a8,s_a9,s_a10,s_aq1,s_aq2,s_aq3,s_aq4,s_aq5,s_aq6,s_aq7,s_aq8,s_aq9,s_aq10,f_b1,f_b2,f_b3,f_b4,f_b5,f_b6,f_b7,f_b8,f_b9,f_b10,f_bq1,f_bq2,f_bq3,f_bq4,f_bq5,f_bq6,f_bq7,f_bq8,f_bq9,f_bq10,f_a1,f_a2,f_a3,f_a4,f_a5,f_a6,f_a7,f_a8,f_a9,f_a10,f_aq1,f_aq2,f_aq3,f_aq4,f_aq5,f_aq6,f_aq7,f_aq8,f_aq9,f_aq10,fr_r,fr_ft
8,5,54,0.6799,0.6793,-0.0882,1774137104000,0.6798,257.38,0.6796,1.66,0.6795,1676.21,0.6794,10483.45,0.6793,31.29,0.6791,1533.19,0.679,4476.78,0.6789,7008.84,0.6788,1533.19,0.6787,2.48,0.6799,21.05,0.68,8542.03,0.6802,1226.96,0.6803,7008.84,0.6804,6650.19,0.6806,7008.84,0.6808,6010.93,0.6809,7008.84,0.681,3291.7,0.6812,2708.53,0.6793,78,0.6792,2704,0.6791,4380,0.679,4574,0.6789,16328,0.6788,17647,0.6787,11430,0.6786,25465,0.6785,26018,0.6784,19485,0.6794,8373,0.6795,19123,0.6796,10218,0.6797,13670,0.6798,37404,0.6799,13390,0.68,14230,0.6801,14467,0.6802,22564,0.6803,15957,,
8,5,54,0.6794,0.6787,-0.103,1774137105000,0.6794,6904.35,0.6793,1208.02,0.6791,1533.19,0.679,4568.48,0.6789,7008.84,0.6788,1533.19,0.6787,2.48,0.6786,3292.9,0.6785,6011.8,0.6784,7011.16,0.6798,336.82,0.6799,338.15,0.68,8542.03,0.6801,486.07,0.6802,1176.55,0.6803,7008.84,0.6804,6650.19,0.6806,7066.41,0.6808,6010.93,0.6809,7008.84,0.6789,1117,0.6788,7745,0.6787,7816,0.6786,5801,0.6785,19742,0.6784,4847,0.6783,26088,0.6782,18041,0.6781,14548,0.678,28615,0.679,4737,0.6791,10570,0.6792,21079,0.6793,9879,0.6794,24124,0.6795,15694,0.6796,16803,0.6797,17948,0.6798,17733,0.6799,17995,,
8,5,54,0.6791,0.6784,-0.1031,1774137106000,0.6791,1177.16,0.6789,500,0.6788,9719.19,0.6787,3393.88,0.6786,1,0.6785,6011.8,0.6784,7011.16,0.6782,1533.19,0.6781,3299.06,0.678,1691.5,0.6794,7008.84,0.6795,1533.19,0.6797,7008.84,0.6798,5172.9,0.68,8542.03,0.6802,4480.45,0.6803,7008.84,0.6804,1533.19,0.6806,7137.54,0.6808,2708.53,0.6783,445,0.6782,2672,0.6781,4697,0.678,16829,0.6779,9711,0.6778,43945,0.6777,19831,0.6776,18940,0.6775,19357,0.6774,19227,0.6784,3570,0.6785,9314,0.6786,19024,0.6787,7618,0.6788,15041,0.6789,13402,0.679,12996,0.6791,19448,0.6792,23588,0.6793,12160,,
8,5,54,0.6796,0.679,-0.0883,1774137107000,0.6792,7366.35,0.6791,1177.16,0.679,3393.2,0.6789,500,0.6788,9719.19,0.6787,2.48,0.6786,1,0.6785,6011.8,0.6784,7011.16,0.6782,1533.19,0.6795,50.41,0.6796,1533.19,0.6797,7008.84,0.6798,5172.9,0.68,8542.03,0.6802,4480.45,0.6803,7008.84,0.6804,1533.19,0.6806,7137.54,0.6808,2708.53,0.6789,1493,0.6788,3313,0.6787,8149,0.6786,10368,0.6785,10713,0.6784,11856,0.6783,9945,0.6782,25547,0.6781,10082,0.678,24979,0.679,4317,0.6791,11981,0.6792,18506,0.6793,8471,0.6794,27249,0.6795,14564,0.6796,15906,0.6797,20602,0.6798,20788,0.6799,18801,,
8,5,54,0.6795,0.679,-0.0736,1774137108000,0.6787,2.48,0.6786,333.5,0.6785,3268.49,0.6784,7432.76,0.6782,4927.09,0.6781,6.36,0.678,1691.5,0.6779,7008.84,0.6777,737.78,0.6776,1540.01,0.6791,7008.84,0.6792,1533.19,0.6794,7008.84,0.6796,5939.69,0.6797,7008.84,0.6798,5172.9,0.68,8542.03,0.6802,1176.55,0.6803,7008.84,0.6804,1533.19,0.6788,6484,0.6787,3789,0.6786,4744,0.6785,17878,0.6784,15432,0.6783,13127,0.6782,18892,0.6781,19248,0.678,25332,0.6779,18924,0.6789,140,0.679,27,0.6791,5951,0.6792,16855,0.6793,13780,0.6794,9702,0.6795,10991,0.6796,23204,0.6797,13510,0.6798,16415,,
8,5,54,0.6795,0.679,-0.0736,1774137109000,0.6787,2.48,0.6786,1,0.6785,6101.8,0.6784,7493.07,0.6782,1533.19,0.6781,6.36,0.678,1691.5,0.6779,7008.84,0.6777,737.78,0.6776,1540.01,0.6791,7008.84,0.6792,1533.19,0.6793,5215.4,0.6794,7008.84,0.6796,5939.69,0.6797,7008.84,0.6799,3292.7,0.68,8542.03,0.6802,1176.55,0.6803,7008.84,0.679,1242,0.6789,6055,0.6788,10368,0.6787,5532,0.6786,11582,0.6785,15886,0.6784,14218,0.6783,19681,0.6782,26520,0.6781,16830,0.6791,3675,0.6792,11681,0.6793,9601,0.6794,9994,0.6795,9734,0.6796,21010,0.6797,13974,0.6798,14281,0.6799,20742,0.68,18793,,
8,5,54,0.6795,0.6789,-0.0883,1774137110000,0.679,429.04,0.6788,8187.3,0.6787,2.48,0.6786,1,0.6785,6101.8,0.6784,7011.16,0.6782,1533.19,0.6781,3310.86,0.678,1691.5,0.6779,7008.84,0.6793,1533.19,0.6794,7008.84,0.6795,5248.2,0.6796,5940.47,0.6797,7008.84,0.6799,3292.7,0.68,8542.03,0.6802,1176.55,0.6803,7008.84,0.6804,1533.19,0.6789,114,0.6788,985,0.6787,7732,0.6786,11374,0.6785,16081,0.6784,14152,0.6783,19352,0.6782,24421,0.6781,17014,0.678,19027,0.679,6022,0.6791,5055,0.6792,15080,0.6793,12403,0.6794,9573,0.6795,10475,0.6796,20417,0.6797,13822,0.6798,14281,0.6799,20740,,
8,5,54,0.6795,0.6789,-0.0883,1774137111000,0.6792,7348.72,0.6791,1178.46,0.679,1533.19,0.6789,10472.21,0.6788,1678.46,0.6787,2.48,0.6786,1,0.6785,2708.1,0.6784,7011.16,0.6782,4826.59,0.6796,1457.71,0.6797,7008.84,0.6798,5263.6,0.68,8542.03,0.6801,3304.8,0.6802,1176.55,0.6803,7008.84,0.6804,4826.09,0.6806,7137.54,0.6808,2708.53,0.6789,90,0.6788,26,0.6787,4871,0.6786,13537,0.6785,15502,0.6784,14152,0.6783,19536,0.6782,24421,0.6781,16830,0.678,19027,0.679,7312,0.6791,5055,0.6792,15228,0.6793,12841,0.6794,27644,0.6795,12669,0.6796,20265,0.6797,11628,0.6798,16260,0.6799,20740,,
8,5,54,0.6795,0.6788,-0.103,1774137112000,0.6792,332.84,0.6791,1176.64,0.679,8606.59,0.6789,3401.4,0.6788,1678.46,0.6787,7011.32,0.6786,1,0.6785,6013.3,0.6784,7011.16,0.6782,4826.59,0.6795,7008.84,0.6798,8542.03,0.6799,5286.2,0.68,735.38,0.6801,4838.79,0.6802,1176.64,0.6803,7008.84,0.6804,1533.19,0.6806,7137.54,0.6808,2708.53,0.6788,76,0.6787,17,0.6786,7918,0.6785,15151,0.6784,11584,0.6783,18116,0.6782,24421,0.6781,17014,0.678,21007,0.6779,19184,0.6789,8576,0.679,13306,0.6791,13639,0.6792,13443,0.6793,18653,0.6794,30842,0.6795,11198,0.6796,20265,0.6797,11628,0.6798,18085,,
8,5,54,0.6795,0.6788,-0.103,1774137113000,0.6793,7388.89,0.6791,1176.64,0.679,12012.89,0.6788,1678.46,0.6787,7011.32,0.6786,1,0.6785,6013.3,0.6784,7011.16,0.6782,4826.59,0.6781,6.36,0.6795,261.27,0.6798,8685.03,0.6799,5286.2,0.68,735.38,0.6801,4838.79,0.6802,1176.64,0.6803,7008.84,0.6804,1533.19,0.6806,7137.54,0.6808,2708.53,0.6788,5732,0.6787,6715,0.6786,8028,0.6785,15007,0.6784,18452,0.6783,18446,0.6782,24276,0.6781,16830,0.678,21007,0.6779,19184,0.6789,57,0.679,4157,0.6791,13075,0.6792,8445,0.6793,12642,0.6794,9759,0.6795,12670,0.6796,20265,0.6797,11628,0.6798,16260,,
8,5,54,0.6795,0.6791,-0.0589,1774137114000,0.6793,7008.84,0.6792,332.55,0.6791,1676.64,0.679,12012.89,0.6788,1678.46,0.6787,7011.32,0.6786,1,0.6785,6013.3,0.6784,7011.16,0.6782,4826.59,0.6795,118.27,0.6798,8542.03,0.6799,5286.2,0.68,735.38,0.6801,4838.79,0.6802,1176.64,0.6803,7008.84,0.6804,1533.19,0.6806,7137.54,0.6808,2708.53,0.6791,72,0.679,136,0.6789,7997,0.6788,13174,0.6787,6007,0.6786,11351,0.6785,12831,0.6784,14151,0.6783,22072,0.6782,24277,0.6792,3865,0.6793,10029,0.6794,14861,0.6795,10144,0.6796,43801,0.6797,11628,0.6798,16985,0.6799,20742,0.68,19531,0.6801,15469,,
8,5,54,0.6795,0.6789,-0.0883,1774137115000,0.6792,428.81,0.6791,1241.19,0.679,11948.33,0.6788,1678.46,0.6787,7011.32,0.6786,1,0.6785,6013.3,0.6784,7011.16,0.6782,4826.59,0.6781,6.36,0.6797,635.16,0.6798,10012.03,0.68,735.38,0.6801,10686.51,0.6802,1176.64,0.6803,7008.84,0.6804,1533.19,0.6806,7137.54,0.6808,2708.53,0.6809,7008.84,0.6789,33,0.6788,17,0.6787,5378,0.6786,13513,0.6785,12831,0.6784,11584,0.6783,22661,0.6782,26795,0.6781,17014,0.678,21007,0.679,10995,0.6791,3779,0.6792,15044,0.6793,12775,0.6794,22574,0.6795,11323,0.6796,21726,0.6797,13605,0.6798,18810,0.6799,20742,,
8,5,54,0.6795,0.6789,-0.0883,1774137117000,0.6791,1515.93,0.679,11948.33,0.6789,64.57,0.6788,1178.46,0.6787,7011.32,0.6786,1,0.6785,6013.3,0.6784,7011.16,0.6782,4826.59,0.6781,6.36,0.6795,8184.84,0.6797,452.69,0.6798,8542.03,0.68,735.38,0.6801,10187.69,0.6802,1176.64,0.6803,7008.84,0.6804,1533.19,0.6806,7137.54,0.6808,2708.53,0.6789,1060,0.6788,17,0.6787,3878,0.6786,14925,0.6785,12524,0.6784,11584,0.6783,19323,0.6782,24093,0.6781,16831,0.678,24825,0.679,11311,0.6791,6217,0.6792,12253,0.6793,12613,0.6794,32515,0.6795,12491,0.6796,21282,0.6797,15430,0.6798,18810,0.6799,18506,,
8,5,54,0.6795,0.6789,-0.0883,1774137119000,0.6792,289.9,0.6791,2709.83,0.679,7496.23,0.6788,6140.05,0.6787,7011.32,0.6786,1,0.6785,6013.3,0.6784,7011.16,0.6782,4826.59,0.6781,6.36,0.6798,9718.03,0.68,1085.61,0.6801,10187.69,0.6802,1176.64,0.6803,7008.84,0.6804,1533.19,0.6806,7137.54,0.6808,2708.53,0.6809,7008.84,0.681,3293.3,0.6789,1117,0.6788,15,0.6787,7213,0.6786,14206,0.6785,15716,0.6784,11902,0.6783,20980,0.6782,20980,0.6781,16831,0.678,24825,0.679,11989,0.6791,11695,0.6792,12559,0.6793,12467,0.6794,24649,0.6795,11718,0.6796,21282,0.6797,17676,0.6798,18810,0.6799,19095,,
8,5,54,0.6792,0.6787,-0.0736,1774137120000,0.6791,1523.04,0.679,10440.44,0.6789,89.81,0.6788,2711.65,0.6787,7011.32,0.6786,1,0.6785,6013.3,0.6784,7011.16,0.6782,4826.59,0.6781,6.36,0.6795,7008.84,0.6797,1568.09,0.6798,10012.03,0.68,735.38,0.6801,10187.69,0.6802,1176.64,0.6803,7008.84,0.6804,1533.19,0.6806,7137.54,0.6808,2708.53,0.6784,4197,0.6783,3225,0.6782,7491,0.6781,14576,0.678,25349,0.6779,20317,0.6778,48989,0.6777,18843,0.6776,36032,0.6775,17473,0.6785,2063,0.6786,1223,0.6787,11263,0.6788,16822,0.6789,12134,0.679,22993,0.6791,15537,0.6792,20927,0.6793,18137,0.6794,14062,-0.0000033687654511,1774152000000
8,5,54,0.6789,0.678,-0.1326,1774137121000,0.6791,1176.64,0.679,10440.44,0.6789,446.96,0.6788,2776.23,0.6787,7011.32,0.6786,1,0.6785,6013.3,0.6784,7011.16,0.6782,4826.59,0.6781,6.36,0.6795,7008.84,0.6797,1568.09,0.6798,10012.03,0.68,735.38,0.6801,10187.69,0.6802,1176.64,0.6803,7008.84,0.6804,1533.19,0.6806,7137.54,0.6808,2708.53,0.678,6652,0.6779,8553,0.6778,47588,0.6777,18763,0.6776,25120,0.6775,16930,0.6774,21395,0.6773,25165,0.6772,14831,0.6771,21504,0.6782,3791,0.6783,7285,0.6784,22034,0.6785,11960,0.6786,13427,0.6787,40836,0.6788,11985,0.6789,13651,0.679,19134,0.6791,14399,,
8,5,54,0.6785,0.6775,-0.1474,1774137122000,,,,,,,,,,,,,,,,,,,,,,,,,,,,,,,,,,,,,,,,,0.6775,5751,0.6774,4794,0.6773,9345,0.6772,15327,0.6771,13852,0.677,13393,0.6769,9674,0.6768,24884,0.6767,25643,0.6766,25199,0.6776,2914,0.6777,2124,0.6778,15579,0.6779,12260,0.678,17278,0.6781,18705,0.6782,8996,0.6783,15883,0.6784,23252,0.6785,8169,,
8,5,54,0.6783,0.6774,-0.1327,1774137123000,0.6791,1176.64,0.679,10440.44,0.6789,446.96,0.6788,2776.23,0.6787,7011.32,0.6786,1,0.6785,6013.3,0.6784,7011.16,0.6782,4826.59,0.6781,6.36,0.6795,8184.84,0.6797,6725.99,0.6798,8836.03,0.68,735.38,0.6801,4838.79,0.6802,1176.64,0.6803,7008.84,0.6804,1533.19,0.6806,7137.54,0.6808,2708.53,0.6776,3954,0.6775,6406,0.6774,9115,0.6773,10210,0.6772,11292,0.6771,25063,0.677,19366,0.6769,8589,0.6768,26674,0.6767,25200,0.6777,3269,0.6778,13939,0.6779,11131,0.678,16102,0.6781,17806,0.6782,10470,0.6783,13145,0.6784,21278,0.6785,8169,0.6786,20826,,
8,5,54,0.6783,0.6775,-0.1179,1774137124000,0.6791,1176.64,0.679,10440.44,0.6789,511.53,0.6788,2711.65,0.6787,7011.32,0.6786,1,0.6785,6013.3,0.6784,7011.16,0.6782,4826.59,0.6781,6.36,0.6795,7008.84,0.6797,1177.59,0.6798,9334.85,0.6799,5573.7,0.68,735.38,0.6801,4838.79,0.6802,1176.64,0.6803,7008.84,0.6804,1533.19,0.6806,7137.54,0.6774,1191,0.6773,5943,0.6772,14128,0.6771,12926,0.677,13088,0.6769,8821,0.6768,23626,0.6767,27446,0.6766,26252,0.6765,22824,0.6775,4366,0.6776,3697,0.6777,7599,0.6778,10649,0.6779,17446,0.678,15053,0.6781,19280,0.6782,11190,0.6783,11645,0.6784,18096,,
8,5,54,0.6782,0.6768,-0.2064,1774137125000,0.679,10440.44,0.6789,511.53,0.6788,2711.65,0.6787,7011.32,0.6786,1,0.6785,6013.3,0.6784,7011.16,0.6782,4826.59,0.6781,6.36,0.678,1691.5,0.6795,7008.84,0.6797,1177.59,0.6798,9334.85,0.6799,5573.7,0.68,735.38,0.6801,4838.79,0.6802,1176.64,0.6803,7008.84,0.6804,1533.19,0.6806,7137.54,0.6775,262,0.6774,2177,0.6773,6213,0.6772,14916,0.6771,12463,0.677,10091,0.6769,9143,0.6768,25169,0.6767,27906,0.6766,26252,0.6776,10006,0.6777,5838,0.6778,19752,0.6779,11444,0.678,20036,0.6781,25689,0.6782,10470,0.6783,11645,0.6784,20213,0.6785,6669,,
8,5,54,0.6776,0.677,-0.0885,1774137126000,0.679,3431.6,0.6788,2801.47,0.6787,7449.86,0.6786,1,0.6785,6013.3,0.6784,7011.16,0.6782,4826.59,0.6781,6.36,0.678,1691.5,0.6779,7008.84,0.6794,1533.19,0.6795,7008.84,0.6797,1177.59,0.6798,9334.85,0.6799,5573.7,0.68,735.38,0.6801,4838.79,0.6802,1176.64,0.6803,7008.84,0.6804,1533.19,0.6771,82,0.677,581,0.6769,6793,0.6768,16825,0.6767,21397,0.6766,23303,0.6765,17615,0.6764,13332,0.6763,8916,0.6762,31591,0.6772,6825,0.6773,3647,0.6774,17363,0.6775,19862,0.6776,21593,0.6777,28223,0.6778,15843,0.6779,13195,0.678,16487,0.6781,20785,,
8,5,54,0.678,0.6768,-0.177,1774137127000,0.6788,4621.46,0.6787,7011.32,0.6786,503.8,0.6785,6013.3,0.6784,7011.16,0.6782,4826.59,0.6781,6.36,0.678,1691.5,0.6779,7008.84,0.6777,737.78,0.6791,1533.19,0.6792,7008.84,0.6794,1987.31,0.6795,7008.84,0.6797,1177.59,0.6798,8542.03,0.6799,5573.7,0.6801,4838.79,0.6802,1176.64,0.6803,7008.84,0.677,930,0.6769,2580,0.6768,7265,0.6767,21100,0.6766,9078,0.6765,27254,0.6764,13630,0.6763,7084,0.6762,27922,0.6761,14081,0.6771,7728,0.6772,10808,0.6773,11910,0.6774,11486,0.6775,38396,0.6776,11592,0.6777,18503,0.6778,13767,0.6779,10877,0.678,18841,,
8,5,54,0.6779,0.6772,-0.1033,1774137128000,,,,,,,,,,,,,,,,,,,,,,,,,,,,,,,,,,,,,,,,,0.677,114,0.6769,14,0.6768,13498,0.6767,21370,0.6766,11844,0.6765,24141,0.6764,9948,0.6763,7816,0.6762,23383,0.6761,14081,0.6771,7011,0.6772,5300,0.6773,11753,0.6774,11100,0.6775,27514,0.6776,14245,0.6777,11584,0.6778,15936,0.6779,10351,0.678,12882,,
8,5,54,0.6777,0.677,-0.1033,1774137129000,,,,,,,,,,,,,,,,,,,,,,,,,,,,,,,,,,,,,,,,,0.6769,20,0.6768,13093,0.6767,21261,0.6766,8371,0.6765,24141,0.6764,10270,0.6763,5110,0.6762,26765,0.6761,14081,0.676,17790,0.6771,5001,0.6772,8404,0.6773,11946,0.6774,7448,0.6775,24523,0.6776,21701,0.6777,11584,0.6778,14461,0.6779,10351,0.678,12882,,
8,5,54,0.678,0.6771,-0.1327,1774137130000,,,,,,,,,,,,,,,,,,,,,,,,,,,,,,,,,,,,,,,,,0.6772,3883,0.6771,6754,0.677,5586,0.6769,8397,0.6768,23992,0.6767,18820,0.6766,16228,0.6765,18255,0.6764,13655,0.6763,5462,0.6773,956,0.6774,5976,0.6775,15263,0.6776,4847,0.6777,12746,0.6778,13742,0.6779,10351,0.678,14933,0.6781,16998,0.6782,10382,,
8,5,54,0.6775,0.6769,-0.0886,1774137131000,,,,,,,,,,,,,,,,,,,,,,,,,,,,,,,,,,,,,,,,,0.6772,1249,0.6771,2796,0.677,10419,0.6769,4719,0.6768,20607,0.6767,13891,0.6766,12059,0.6765,17268,0.6764,11157,0.6763,5462,0.6773,6607,0.6774,5019,0.6775,18179,0.6776,6172,0.6777,26651,0.6778,29298,0.6779,14020,0.678,13608,0.6781,16998,0.6782,10972,,
8,5,54,0.6779,0.6768,-0.1623,1774137132000,,,,,,,,,,,,,,,,,,,,,,,,,,,,,,,,,,,,,,,,,0.677,1211,0.6769,1422,0.6768,10844,0.6767,14498,0.6766,9641,0.6765,17590,0.6764,13928,0.6763,5898,0.6762,23821,0.6761,12800,0.6771,3923,0.6772,8841,0.6773,14110,0.6774,14912,0.6775,18438,0.6776,6929,0.6777,18469,0.6778,12094,0.6779,10351,0.678,13318,,
8,5,54,0.6776,0.6766,-0.1476,1774137133000,0.677,7008.84,0.6769,335.02,0.6768,565.05,0.6767,7008.84,0.6766,1.15,0.6765,1180.89,0.6764,11932.53,0.6762,520.79,0.6761,4933.25,0.676,4476.48,0.6774,7078.84,0.6776,2713.56,0.6777,7008.84,0.6779,2713.56,0.678,12686.04,0.6781,3297,0.6782,2714.08,0.6783,7008.84,0.6784,3311.6,0.6785,2712.87,0.6769,1184,0.6768,1516,0.6767,14620,0.6766,10555,0.6765,17284,0.6764,12573,0.6763,5898,0.6762,20439,0.6761,12800,0.676,18951,0.677,3100,0.6771,7262,0.6772,18303,0.6773,6656,0.6774,29844,0.6775,38420,0.6776,6404,0.6777,13858,0.6778,12447,0.6779,10351,,
8,5,54,0.6776,0.6746,-0.4427,1774137134000,0.677,7008.84,0.6769,365.77,0.6768,1558.55,0.6767,7008.84,0.6766,66.21,0.6765,1180.89,0.6764,11932.53,0.6762,520.79,0.6761,4933.25,0.676,4476.48,0.6774,7078.84,0.6776,8408.56,0.6777,7008.84,0.6779,2713.56,0.678,7008.84,0.6781,3297,0.6782,2714.08,0.6783,7008.84,0.6784,3311.6,0.6785,2712.87,0.6771,270,0.677,1371,0.6769,8220,0.6768,10409,0.6767,13074,0.6766,9761,0.6765,16844,0.6764,15877,0.6763,5898,0.6762,20439,0.6772,7470,0.6773,4783,0.6774,14171,0.6775,18969,0.6776,33193,0.6777,18213,0.6778,12447,0.6779,10955,0.678,12760,0.6781,16886,,
8,5,54,0.6774,0.6746,-0.4133,1774137135000,0.6766,1.15,0.6762,585.89,0.6761,1617.65,0.676,1179.68,0.6759,10411.83,0.6758,1535.19,0.6757,2.32,0.6755,6029.86,0.6754,7008.84,0.6753,146.87,0.6768,7008.84,0.677,1828.19,0.6771,7715.84,0.6773,2714.78,0.6774,7747.04,0.6776,8408.56,0.6777,10325.14,0.6779,2713.56,0.678,7008.84,0.6781,3297,0.6769,2250,0.6768,5586,0.6767,15543,0.6766,9342,0.6765,16134,0.6764,13039,0.6763,6488,0.6762,21409,0.6761,12800,0.676,25474,0.677,1830,0.6771,2619,0.6772,19862,0.6773,12964,0.6774,15691,0.6775,25047,0.6776,12388,0.6777,15819,0.6778,13173,0.6779,11545,,
8,5,54,0.6768,0.6746,-0.3251,1774137136000,0.6762,390.79,0.6761,84.46,0.6759,61.74,0.6758,2,0.6757,7011.16,0.6755,2713.56,0.6754,7008.84,0.6753,3334.47,0.6752,1533.19,0.675,4500.69,0.6765,7303.84,0.6767,2977.39,0.6768,7008.84,0.677,8540.24,0.6771,7008.84,0.6773,2714.78,0.6774,7008.84,0.6776,2713.56,0.6777,10325.14,0.6779,2715.39,0.6768,58,0.6767,9328,0.6766,3673,0.6765,15982,0.6764,13039,0.6763,6488,0.6762,28114,0.6761,12800,0.676,19580,0.6759,33490,0.6769,6370,0.677,6353,0.6771,12783,0.6772,15537,0.6773,18806,0.6774,41618,0.6775,25047,0.6776,5960,0.6777,15819,0.6778,13173,,
8,5,54,0.676,0.676,0.0,1774137137000,0.6759,2.69,0.6758,2,0.6757,2.32,0.6753,0.87,0.6752,1533.19,0.675,1184.39,0.6749,7012.69,0.6748,3316.6,0.6747,1.59,0.6746,1533.19,0.6761,1533.19,0.6762,7008.84,0.6763,1151.31,0.6764,1533.19,0.6765,7008.84,0.6767,2715.39,0.6768,7008.84,0.677,9587.37,0.6771,7008.84,0.6773,2714.78,0.6766,4632,0.6765,5153,0.6764,9568,0.6763,22327,0.6762,8955,0.6761,13841,0.676,19236,0.6759,13832,0.6758,10351,0.6757,17000,0.6767,14,0.6768,350,0.6769,16004,0.677,11979,0.6771,10422,0.6772,12720,0.6773,12242,0.6774,9322,0.6775,24454,0.6776,4600,,
8,5,54,0.6752,0.6758,0.0889,1774137138000,0.6749,7012.69,0.6747,1.59,0.6746,1533.19,0.6745,1191.82,0.6744,10853.67,0.6741,3297.6,0.674,1543.42,0.6739,7011.51,0.6738,1209.1,0.6735,2724.59,0.6752,296,0.6754,1533.19,0.6755,7056.97,0.6757,2715.39,0.6758,7008.84,0.6761,2272.81,0.6762,7008.84,0.6763,4855.23,0.6764,1533.19,0.6765,7008.84,0.676,211,0.6759,6800,0.6758,4213,0.6757,4960,0.6756,14126,0.6755,14948,0.6754,12528,0.6753,16403,0.6752,25469,0.6751,15228,0.6761,2402,0.6762,10911,0.6763,11412,0.6764,18478,0.6765,21336,0.6766,13864,0.6767,30180,0.6768,4252,0.6769,19726,0.677,13265,,
8,5,54,0.6753,0.6759,0.0888,1774137139000,,,,,,,,,,,,,,,,,,,,,,,,,,,,,,,,,,,,,,,,,0.6746,3768,0.6745,5847,0.6744,6842,0.6743,7028,0.6742,14617,0.6741,9623,0.674,20547,0.6739,19873,0.6738,7218,0.6737,12119,0.6747,1134,0.6748,268,0.6749,12037,0.675,12805,0.6751,8392,0.6752,14841,0.6753,7002,0.6754,16585,0.6755,12739,0.6756,9239,,
8,5,54,0.6753,0.6762,0.1333,1774137140000,,,,,,,,,,,,,,,,,,,,,,,,,,,,,,,,,,,,,,,,,0.6746,4834,0.6745,4207,0.6744,3661,0.6743,8419,0.6742,18221,0.6741,10529,0.674,8019,0.6739,10427,0.6738,18361,0.6737,13702,0.6747,2779,0.6748,2183,0.6749,21272,0.675,10797,0.6751,3588,0.6752,18115,0.6753,3746,0.6754,19156,0.6755,14198,0.6756,10898,,
8,5,54,0.6752,0.6756,0.0592,1774137141000,,,,,,,,,,,,,,,,,,,,,,,,,,,,,,,,,,,,,,,,,0.6745,2483,0.6744,6066,0.6743,7321,0.6742,8660,0.6741,11438,0.674,5164,0.6739,9361,0.6738,21649,0.6737,17567,0.6736,11087,0.6746,1954,0.6747,1240,0.6748,18763,0.6749,11812,0.675,11722,0.6751,3920,0.6752,19372,0.6753,4652,0.6754,17676,0.6755,13405,,
8,5,54,0.6759,0.6746,-0.1923,1774137142000,,,,,,,,,,,,,,,,,,,,,,,,,,,,,,,,,,,,,,,,,0.6747,3332,0.6746,4165,0.6745,7388,0.6744,7781,0.6743,11558,0.6742,12759,0.6741,18040,0.674,6466,0.6739,9361,0.6738,21649,0.6748,2179,0.6749,4543,0.675,2657,0.6751,5799,0.6752,19538,0.6753,4652,0.6754,17676,0.6755,13405,0.6756,9974,0.6757,4296,,
8,5,54,0.677,0.6721,-0.7238,1774137143000,,,,,,,,,,,,,,,,,,,,,,,,,,,,,,,,,,,,,,,,,0.676,2259,0.6759,433,0.6758,6567,0.6757,5800,0.6756,11725,0.6755,5868,0.6754,11045,0.6753,5738,0.6752,10695,0.6751,18677,0.6761,4522,0.6762,6816,0.6763,8048,0.6764,7273,0.6765,30798,0.6766,12193,0.6767,11032,0.6768,4608,0.6769,16956,0.677,19518,,
8,5,54,0.6765,0.6698,-0.9904,1774137144000,0.67,1223.96,0.6699,23.3,0.6698,143.69,0.6697,1189.76,0.6694,2728.71,0.6693,1.45,0.6692,152.2,0.6691,1539.27,0.669,1974.4,0.6688,74.76,0.6704,18.67,0.6706,309.24,0.6708,1533.19,0.6711,2278.3,0.6715,1533.19,0.6716,10723.54,0.6717,1189.76,0.6718,1533.19,0.6719,7008.84,0.672,6711.99,0.6762,513,0.6761,14,0.676,287,0.6759,3688,0.6758,12761,0.6757,5509,0.6756,19883,0.6755,13692,0.6754,9180,0.6753,5815,0.6763,2974,0.6764,6963,0.6765,20243,0.6766,13310,0.6767,9188,0.6768,38130,0.6769,16029,0.677,20704,0.6771,5657,0.6772,17372,,
8,5,54,0.6764,0.6715,-0.7244,1774137145000,0.6683,93.86,0.6682,227.86,0.668,1533.19,0.6679,1189.76,0.6678,455.73,0.6677,1533.19,0.6675,309.26,0.6673,888.74,0.6672,1.15,0.6671,462.09,0.6692,339.7,0.6693,747.06,0.6694,455.73,0.6696,455.73,0.6698,848.08,0.6699,955.73,0.6704,652.63,0.6705,310.96,0.6708,1533.19,0.671,1189.76,0.6757,1759,0.6756,1496,0.6755,5942,0.6754,6975,0.6753,11164,0.6752,5284,0.6751,11153,0.675,11274,0.6749,18394,0.6748,5222,0.6758,5508,0.6759,7767,0.676,10756,0.6761,10745,0.6762,26566,0.6763,15606,0.6764,13748,0.6765,22338,0.6766,9330,0.6767,6761,,
8,5,54,0.6762,0.6717,-0.6655,1774137146000,0.6694,1644.13,0.6691,1195.72,0.669,7575.28,0.6689,1644.13,0.6688,1195.72,0.6687,7473.29,0.6686,1644.13,0.6683,2839.85,0.6682,7473.29,0.668,1533.19,0.67,431.78,0.6702,1644.13,0.6703,2.32,0.6704,18.67,0.6706,1644.13,0.6708,1490.97,0.6709,1644.13,0.6711,7473.29,0.6712,1644.13,0.6713,1565.02,0.6759,289,0.6758,1279,0.6757,2071,0.6756,5365,0.6755,8592,0.6754,6473,0.6753,10368,0.6752,5284,0.6751,12378,0.675,10683,0.676,5895,0.6761,8359,0.6762,18439,0.6763,8037,0.6764,19150,0.6765,28687,0.6766,9330,0.6767,6761,0.6768,12455,0.6769,13379,,
8,5,54,0.6749,0.6702,-0.6964,1774137147000,0.6703,1195.72,0.6702,7473.29,0.67,2839.85,0.6699,7473.29,0.6697,2839.85,0.6696,7473.29,0.6694,2839.85,0.6693,7473.29,0.6691,1195.72,0.669,7865.61,0.6704,18.67,0.6709,1644.13,0.6712,1644.13,0.6713,1565.02,0.6715,1533.19,0.6716,391.3,0.6718,2728.91,0.6719,7473.29,0.672,6711.99,0.6723,2728.91,0.6761,2256,0.676,390,0.6759,6633,0.6758,17142,0.6757,9611,0.6756,14194,0.6755,11604,0.6754,14305,0.6753,11661,0.6752,8100,0.6762,2863,0.6763,2728,0.6764,17343,0.6765,24397,0.6766,15068,0.6767,5283,0.6768,8934,0.6769,12814,0.677,18840,0.6771,6691,,
8,5,54,0.6716,0.6705,-0.1638,1774137148000,0.6712,1195.72,0.6711,1644.13,0.671,7889.76,0.6709,1195.72,0.6708,1644.13,0.6706,1195.72,0.6705,7473.29,0.6704,1644.13,0.6703,1195.72,0.6702,7473.29,0.6716,391.3,0.6719,1644.13,0.672,6711.99,0.6723,10202.2,0.6726,1533.19,0.6727,7473.29,0.6728,3325.4,0.6729,1533.19,0.673,2.32,0.6731,1195.72,0.6762,1596,0.6761,1104,0.676,4938,0.6759,5515,0.6758,19799,0.6757,9738,0.6756,16936,0.6755,11013,0.6754,14896,0.6753,11661,0.6763,6120,0.6764,8316,0.6765,28340,0.6766,9178,0.6767,13442,0.6768,9080,0.6769,13127,0.677,18840,0.6771,6691,0.6772,16900,,
8,5,54,0.6703,0.6707,0.0597,1774137149000,0.6721,8663.94,0.672,148.75,0.6719,397.06,0.6718,2870.49,0.6717,7473.29,0.6715,2839.85,0.6714,7473.29,0.6713,3326.8,0.6712,1195.72,0.6711,1644.13,0.6724,267.41,0.6726,1533.19,0.6727,223.58,0.6728,7473.29,0.6729,1533.19,0.673,2.32,0.6731,1195.72,0.6732,9118.87,0.6733,3326.8,0.6734,259.69,0.6756,92,0.6755,1968,0.6754,3554,0.6753,14497,0.6752,9134,0.6751,10800,0.675,14822,0.6749,20065,0.6748,6392,0.6747,10229,0.6757,9192,0.6758,6173,0.6759,16431,0.676,16602,0.6761,16334,0.6762,26512,0.6763,16524,0.6764,13114,0.6765,23384,0.6766,9820,,
8,5,54,0.673,0.6682,-0.7132,1774137150000,0.6724,7473.29,0.6722,1644.13,0.6721,1190.65,0.672,7473.29,0.6718,2834.78,0.6717,7473.29,0.6715,2839.85,0.6714,7473.29,0.6712,1195.72,0.6711,1644.13,0.6728,267.41,0.6729,1533.19,0.673,225.9,0.6731,1195.72,0.6732,9118.87,0.6733,3326.8,0.6734,259.69,0.6735,1649.89,0.6736,7008.84,0.6737,38.04,0.6748,2581,0.6747,3317,0.6746,6423,0.6745,7011,0.6744,20640,0.6743,7442,0.6742,21034,0.6741,9922,0.674,5257,0.6739,18894,0.6749,21,0.675,3620,0.6751,10165,0.6752,18558,0.6753,5060,0.6754,11727,0.6755,16623,0.6756,11890,0.6757,13022,0.6758,14794,,
8,5,54,0.6716,0.666,-0.8338,1774137151000,0.6721,2834.78,0.672,7473.29,0.6719,148.77,0.6718,2834.78,0.6717,7473.29,0.6715,2839.85,0.6714,10844.49,0.6712,4495.72,0.6711,1644.13,0.671,7473.29,0.6726,7473.29,0.6727,267.41,0.6728,500,0.6729,223.58,0.673,7699.19,0.6731,1190.65,0.6732,1869.16,0.6733,7473.29,0.6734,259.69,0.6735,2840.54,0.6737,1990,0.6736,3375,0.6735,481,0.6734,1063,0.6733,7838,0.6732,1070,0.6731,8372,0.673,1069,0.6729,8240,0.6728,26804,0.6738,5251,0.6739,9595,0.674,11803,0.6741,6562,0.6742,12366,0.6743,11196,0.6744,10222,0.6745,25158,0.6746,14511,0.6747,6021,,
8,5,54,0.671,0.6561,-2.2206,1774137152000,0.6712,1195.72,0.6711,1644.13,0.671,7473.29,0.6709,1195.72,0.6708,2035.4,0.6706,1190.65,0.6705,7473.29,0.6704,1644.13,0.6702,7473.29,0.67,1644.13,0.6717,7473.29,0.6718,267.41,0.6719,7740.7,0.672,1911.54,0.6723,8196.87,0.6724,223.58,0.6725,1644.13,0.6726,7473.29,0.6727,1190.65,0.6728,500,0.672,1949,0.6719,816,0.6718,4364,0.6717,3974,0.6716,12683,0.6715,2413,0.6714,8557,0.6713,9094,0.6712,19490,0.6711,10454,0.6721,5968,0.6722,9903,0.6723,10706,0.6724,7666,0.6725,13960,0.6726,6480,0.6727,20748,0.6728,8519,0.6729,12967,0.673,14595,,
8,5,54,0.6716,0.6636,-1.1912,1774137153000,0.6713,7504.08,0.6712,1195.72,0.6711,1644.13,0.671,7473.29,0.6709,1195.72,0.6708,2035.4,0.6706,4580.75,0.6705,7473.29,0.6704,1644.13,0.6703,4519.15,0.6718,305.24,0.6719,7473.29,0.672,1867.74,0.6721,223.61,0.6722,1190.65,0.6723,7973.29,0.6725,6925.83,0.6726,7473.29,0.6727,1190.65,0.6729,4946.73,0.6712,4462,0.6711,2224,0.671,4128,0.6709,3640,0.6708,11425,0.6707,18281,0.6706,8596,0.6705,7188,0.6704,19152,0.6703,6469,0.6713,298,0.6714,1059,0.6715,8214,0.6716,7559,0.6717,10354,0.6718,17640,0.6719,12508,0.672,3566,0.6721,10376,0.6722,13017,,
8,5,54,0.6706,0.6622,-1.2526,1774137154000,0.6705,500,0.6704,500,0.6696,7473.29,0.6694,405.79,0.6693,7473.29,0.6692,500,0.6691,297.79,0.669,7865.61,0.6689,3415.6,0.6688,29.9,0.6711,305.24,0.6712,405.79,0.6713,500,0.6714,2835.49,0.6715,7696.9,0.6716,391.3,0.6717,2476.43,0.6718,1191.36,0.6719,7473.29,0.672,4973.73,0.6685,4122,0.6684,4404,0.6683,5633,0.6682,4754,0.6681,11856,0.668,8345,0.6679,6507,0.6678,10927,0.6677,11978,0.6676,4556,0.6687,245,0.6688,168,0.6689,570,0.669,770,0.6691,9312,0.6692,9719,0.6693,19787,0.6694,9664,0.6695,7951,0.6696,7044,,
8,5,54,0.6683,0.6678,-0.0748,1774137155000,0.6706,348.21,0.6705,7473.29,0.6704,1191.36,0.6703,1644.13,0.6702,7473.29,0.67,1644.13,0.6699,7473.29,0.6697,2835.49,0.6696,7473.29,0.6693,10308.78,0.6711,1447.13,0.6713,223.61,0.6714,1191.36,0.6715,9117.42,0.6716,391.3,0.6718,2835.49,0.672,10802.89,0.6722,1644.13,0.6723,8664.65,0.6725,1644.13,0.6717,48,0.6716,259,0.6715,2143,0.6714,3810,0.6713,6228,0.6712,4907,0.6711,11207,0.671,2845,0.6709,6630,0.6708,4637,0.6718,3184,0.6719,8636,0.672,8405,0.6721,12201,0.6722,5988,0.6723,11127,0.6724,22184,0.6725,3564,0.6726,16245,0.6727,11468,,
8,5,54,0.6654,0.6681,0.4058,1774137156000,0.6704,1191.36,0.6702,7473.29,0.6701,3411.3,0.67,1644.13,0.6699,7473.29,0.6697,6165.99,0.6696,10777.19,0.6693,10308.78,0.669,7865.61,0.6687,1644.13,0.6708,305.24,0.6711,7473.29,0.6712,1644.13,0.6713,224,0.6714,1191.36,0.6715,9117.42,0.6716,391.3,0.6718,2835.49,0.6719,5327.1,0.672,10802.89,0.6722,259,0.6721,1152,0.672,4908,0.6719,5924,0.6718,7885,0.6717,4788,0.6716,2709,0.6715,7727,0.6714,4785,0.6713,5095,0.6723,7555,0.6724,5349,0.6725,5285,0.6726,14800,0.6727,11358,0.6728,12174,0.6729,10519,0.673,16300,0.6731,9641,0.6732,13696,,
8,5,54,0.6592,0.6677,1.2894,1774137156800,0.6704,1191.36,0.6703,1644.13,0.6702,7473.29,0.67,1644.13,0.6699,7473.29,0.6698,3427.7,0.6697,6165.99,0.6696,10777.19,0.6693,10308.78,0.669,7865.61,0.6707,305.24,0.6709,1644.13,0.671,1498.2,0.6711,7473.29,0.6712,1644.13,0.6714,1191.36,0.6715,9117.42,0.6716,391.3,0.6718,2835.49,0.6719,5327.1,0.6714,3173,0.6713,246,0.6712,2211,0.6711,5742,0.671,4311,0.6709,2745,0.6708,5828,0.6707,8887,0.6706,1659,0.6705,6959,0.6715,2006,0.6716,2647,0.6717,10791,0.6718,9436,0.6719,12046,0.672,13631,0.6721,8644,0.6722,10672,0.6723,10522,0.6724,8806,-0.0000033687654511,1774152000000
8,5,54,0.66,0.6676,1.1515,1774137157100,0.6699,7473.29,0.6697,2835.49,0.6696,7473.29,0.6695,3438.4,0.6693,10308.78,0.6692,3331.2,0.669,7865.61,0.6689,3303.5,0.6687,1644.13,0.6686,1191.36,0.6706,1644.13,0.6707,7473.29,0.6708,305.24,0.6709,1644.13,0.671,1192.96,0.6711,7473.29,0.6712,1644.13,0.6714,1191.36,0.6715,9117.42,0.6716,391.3,0.6712,219,0.6711,15,0.671,5060,0.6709,4452,0.6708,4644,0.6707,8292,0.6706,1811,0.6705,7232,0.6704,3760,0.6703,8439,0.6713,9800,0.6714,6862,0.6715,12114,0.6716,6345,0.6717,10990,0.6718,10039,0.6719,9756,0.672,14945,0.6721,11108,0.6722,10150,-0.0000033687654511,1774152000000
8,5,54,0.6612,0.6677,0.9831,1774137157401,0.6699,7473.29,0.6697,2835.49,0.6696,7473.29,0.6695,3438.4,0.6693,10308.78,0.6692,3331.2,0.669,7865.61,0.6689,3303.5,0.6687,1644.13,0.6686,1191.36,0.6706,1644.13,0.6707,7473.29,0.6708,305.24,0.6709,1644.13,0.671,1192.96,0.6711,7473.29,0.6712,1644.13,0.6714,1191.36,0.6715,9117.42,0.6716,391.3,0.6709,2874,0.6708,2832,0.6707,326,0.6706,4833,0.6705,2148,0.6704,7398,0.6703,6165,0.6702,2411,0.6701,6167,0.67,2767,0.671,176,0.6711,6249,0.6712,8907,0.6713,7826,0.6714,16029,0.6715,12390,0.6716,4250,0.6717,19515,0.6718,11408,0.6719,9595,-0.0000033687654511,1774152000000
8,5,54,0.6638,0.6678,0.6026,1774137157702,0.6703,2837.09,0.6702,7473.29,0.67,2741.58,0.6699,7473.29,0.6697,2835.49,0.6696,7473.29,0.6695,3438.4,0.6693,10308.78,0.6692,3331.2,0.669,7865.61,0.6709,7778.53,0.6712,9341.42,0.6714,1191.36,0.6715,9117.42,0.6716,391.3,0.6718,2835.49,0.6719,5327.1,0.672,10802.89,0.6722,1644.13,0.6723,8664.65,0.6705,261,0.6704,274,0.6703,1232,0.6702,269,0.6701,2168,0.67,2411,0.6699,3039,0.6698,7389,0.6697,3566,0.6696,3745,0.6706,9410,0.6707,7107,0.6708,3844,0.6709,15776,0.671,9756,0.6711,10901,0.6712,7913,0.6713,17011,0.6714,13445,0.6715,10592,-0.0000033687654511,1774152000000
8,5,54,0.6644,0.6673,0.4365,1774137158003,0.6704,354.98,0.6703,1192.96,0.6702,7473.29,0.67,1644.13,0.6699,7473.29,0.6697,2835.49,0.6696,7473.29,0.6695,3438.4,0.6693,10308.78,0.6692,3331.2,0.6709,305.24,0.6711,224,0.6712,9341.42,0.6714,1191.36,0.6715,9117.42,0.6716,391.3,0.6718,2835.49,0.6719,5327.1,0.672,10802.89,0.6722,1644.13,0.6708,1943,0.6707,820,0.6706,5517,0.6705,8943,0.6704,7327,0.6703,9387,0.6702,3475,0.6701,13711,0.67,4689,0.6699,10040,0.6709,2582,0.671,1531,0.6711,14010,0.6712,9186,0.6713,11810,0.6714,12451,0.6715,12403,0.6716,5833,0.6717,20267,0.6718,8139,-0.0000033687654511,1774152000000
8,5,54,0.6653,0.667,0.2555,1774137158304,0.6705,7473.29,0.6704,354.98,0.6703,1192.96,0.6702,7473.29,0.67,1644.13,0.6699,7473.29,0.6697,2835.49,0.6696,7473.29,0.6695,3438.4,0.6693,10308.78,0.6709,305.24,0.6711,224,0.6712,9117.42,0.6714,1191.36,0.6715,9117.42,0.6716,391.3,0.6718,2835.49,0.6719,5327.1,0.672,10802.89,0.6722,1644.13,0.6703,1387,0.6702,3474,0.6701,10619,0.67,3571,0.6699,12736,0.6698,8552,0.6697,8957,0.6696,10883,0.6695,9146,0.6694,10010,0.6704,1825,0.6705,1862,0.6706,262,0.6707,19797,0.6708,8735,0.6709,17355,0.671,10453,0.6711,8776,0.6712,9541,0.6713,12260,-0.0000033687654511,1774152000000
8,5,54,0.6641,0.6665,0.3614,1774137158605,0.6705,7473.29,0.6704,354.98,0.6703,2837.09,0.6702,7473.29,0.6701,3461,0.67,1644.13,0.6699,7473.29,0.6697,2835.49,0.6696,7473.29,0.6693,10308.78,0.6708,1644.13,0.6709,7473.29,0.6711,1416.96,0.6712,9117.42,0.6713,224,0.6714,1191.36,0.6715,9117.42,0.6716,391.3,0.6718,2835.49,0.6719,5327.1,0.67,1054,0.6699,3155,0.6698,4961,0.6697,3338,0.6696,10521,0.6695,8550,0.6694,9214,0.6693,10526,0.6692,15985,0.6691,8038,0.6701,1841,0.6702,16,0.6703,8366,0.6704,12066,0.6705,9903,0.6706,4286,0.6707,19081,0.6708,4817,0.6709,17710,0.671,13045,-0.0000033687654511,1774152000000
8,5,54,0.6641,0.6664,0.3463,1774137158905,0.6705,7473.29,0.6704,354.98,0.6703,2837.09,0.6702,7473.29,0.6701,3461,0.67,1644.13,0.6699,7473.29,0.6697,2835.49,0.6696,7473.29,0.6693,10308.78,0.6709,7473.29,0.6711,224,0.6712,9117.42,0.6714,1191.36,0.6715,9117.42,0.6716,391.3,0.6718,2835.49,0.6719,5327.1,0.672,10802.89,0.6722,1644.13,0.6704,3423,0.6703,190,0.6702,4981,0.6701,7095,0.67,11529,0.6699,7157,0.6698,15374,0.6697,3982,0.6696,11471,0.6695,8906,0.6705,368,0.6706,393,0.6707,12344,0.6708,5378,0.6709,17108,0.671,10454,0.6711,9356,0.6712,9185,0.6713,11943,0.6714,12499,-0.0000033687654511,1774152000000
8,5,54,0.6691,0.6667,-0.3587,1774137159206,0.6706,500,0.6705,7473.29,0.6703,2837.09,0.6702,7473.29,0.6701,3461,0.67,1644.13,0.6699,7473.29,0.6697,2835.49,0.6696,7473.29,0.6693,10308.78,0.6712,9117.42,0.6714,1191.36,0.6715,9117.42,0.6716,391.3,0.6718,2835.49,0.6719,5327.1,0.672,10802.89,0.6722,1644.13,0.6723,8664.65,0.6724,3303.4,0.6705,14,0.6704,175,0.6703,9291,0.6702,4046,0.6701,7118,0.67,8069,0.6699,4375,0.6698,15374,0.6697,4338,0.6696,11468,0.6706,3451,0.6707,3101,0.6708,10156,0.6709,17108,0.671,10700,0.6711,10856,0.6712,9185,0.6713,11943,0.6714,12499,0.6715,13265,-0.0000033687654511,1774152000000
8,5,54,0.6688,0.6664,-0.3589,1774137159506,0.6709,2144.13,0.6708,7973.29,0.6707,2026.22,0.6706,2144.13,0.6705,7473.29,0.6703,2837.09,0.6702,7473.29,0.6701,6793,0.67,1644.13,0.6699,7473.29,0.6716,391.3,0.6717,224,0.6718,2835.49,0.672,7473.29,0.6722,1644.13,0.6723,8664.65,0.6725,1644.13,0.6726,7473.29,0.6727,1190.65,0.6729,4948.53,0.6707,1984,0.6706,2600,0.6705,1693,0.6704,8552,0.6703,2295,0.6702,12461,0.6701,13795,0.67,11398,0.6699,3582,0.6698,16326,0.6708,111,0.6709,21,0.671,13364,0.6711,9223,0.6712,8939,0.6713,11943,0.6714,12499,0.6715,12669,0.6716,4158,0.6717,21811,-0.0000033687654511,1774152000000
8,5,54,0.6689,0.6663,-0.3887,1774137159807,0.6711,8045.29,0.671,337.8,0.6709,5125.53,0.6708,7973.29,0.6707,1692.96,0.6706,2144.13,0.6705,7473.29,0.6703,2837.09,0.6702,10777.59,0.6701,3332,0.6716,391.3,0.6718,1868.03,0.672,7473.29,0.6722,1644.13,0.6723,8664.65,0.6725,1644.13,0.6726,12857.29,0.6727,4522.65,0.6729,4948.53,0.673,7475.61,0.6712,1257,0.6711,1083,0.671,4612,0.6709,5647,0.6708,15332,0.6707,6480,0.6706,7773,0.6705,10892,0.6704,8130,0.6703,3248,0.6713,3037,0.6714,834,0.6715,3285,0.6716,6139,0.6717,19955,0.6718,8095,0.6719,10426,0.672,12351,0.6721,11532,0.6722,14154,-0.0000033687654511,1774152000000
8,5,54,0.6678,0.6668,-0.1497,1774137160108,0.6714,6853.4,0.6713,144.85,0.6712,1644.13,0.6711,8449.79,0.6709,5125.53,0.6708,7973.29,0.6707,1692.96,0.6706,2144.13,0.6705,7473.29,0.6703,2837.09,0.6716,391.3,0.6718,223.9,0.6719,1644.13,0.6722,1644.13,0.6723,8664.65,0.6725,1644.13,0.6726,12857.29,0.6727,4522.65,0.6729,4948.53,0.673,7475.61,0.6713,1487,0.6712,1231,0.6711,7745,0.671,10149,0.6709,4272,0.6708,15252,0.6707,6480,0.6706,7825,0.6705,12129,0.6704,8130,0.6714,2660,0.6715,172,0.6716,4662,0.6717,18619,0.6718,7849,0.6719,9730,0.672,12351,0.6721,10044,0.6722,15642,0.6723,8112,-0.0000033687654511,1774152000000
8,5,54,0.6678,0.6668,-0.1497,1774137160408,0.6714,6998.23,0.6712,2019.65,0.6711,8117.24,0.6709,1644.13,0.6708,7973.29,0.6707,1692.96,0.6706,5635.53,0.6705,7473.29,0.6703,2837.09,0.6702,10777.59,0.6716,391.3,0.6718,223.9,0.6719,1644.13,0.672,6853.4,0.6722,1644.13,0.6723,8664.65,0.6725,1644.13,0.6726,12857.29,0.6727,4522.65,0.6729,4948.53,0.6712,1241,0.6711,6812,0.671,4529,0.6709,4304,0.6708,15228,0.6707,6480,0.6706,7825,0.6705,11889,0.6704,8725,0.6703,2504,0.6713,2741,0.6714,833,0.6715,6992,0.6716,13737,0.6717,15753,0.6718,3570,0.6719,9976,0.672,12351,0.6721,10044,0.6722,14154,-0.0000033687654511,1774152000000
8,5,54,0.6675,0.6665,-0.1498,1774137160709,0.6715,1579.95,0.6712,1644.13,0.6711,8117.24,0.6709,1644.13,0.6708,7973.29,0.6707,1692.96,0.6706,5635.53,0.6705,7473.29,0.6703,2837.09,0.6702,10777.59,0.6716,391.3,0.672,6853.4,0.6722,1644.13,0.6723,8664.65,0.6725,1644.13,0.6726,12857.29,0.6727,4522.65,0.6729,4948.53,0.673,7475.61,0.6732,2838.54,0.6711,909,0.671,188,0.6709,6034,0.6708,14400,0.6707,6482,0.6706,7827,0.6705,11536,0.6704,8727,0.6703,4004,0.6702,10328,0.6712,7691,0.6713,4787,0.6714,7684,0.6715,10631,0.6716,11811,0.6717,31983,0.6718,11141,0.6719,10871,0.672,12351,0.6721,10044,-0.0000033687654511,1774152000000
8,5,54,0.6667,0.6657,-0.15,1774137161010,0.6714,6853.4,0.6713,338.39,0.6712,1644.13,0.6711,8117.24,0.6709,1644.13,0.6708,7973.29,0.6707,1692.96,0.6706,5635.53,0.6705,7473.29,0.6703,2837.09,0.6716,391.3,0.6718,223.9,0.6719,1644.13,0.672,6853.4,0.6722,1644.13,0.6723,8664.65,0.6725,1644.13,0.6726,12857.29,0.6727,4522.65,0.6729,4948.53,0.6704,1320,0.6703,486,0.6702,4999,0.6701,9507,0.67,13376,0.6699,4841,0.6698,15093,0.6697,4960,0.6696,10529,0.6695,9347,0.6705,8580,0.6706,3267,0.6707,8877,0.6708,9269,0.6709,19315,0.671,18846,0.6711,10538,0.6712,7193,0.6713,15095,0.6714,17845,-0.0000033687654511,1774152000000
8,5,54,0.6665,0.6657,-0.12,1774137161310,0.6714,6853.4,0.6713,338.39,0.6712,1644.13,0.6711,8117.24,0.6709,1644.13,0.6708,7973.29,0.6707,1692.96,0.6706,5635.53,0.6705,7473.29,0.6703,2837.09,0.6716,391.3,0.6718,223.9,0.6719,1644.13,0.672,6853.4,0.6722,1644.13,0.6723,8664.65,0.6725,1644.13,0.6726,12857.29,0.6727,4522.65,0.6729,4948.53,0.6704,1140,0.6703,1314,0.6702,7309,0.6701,8567,0.67,13376,0.6699,5428,0.6698,15737,0.6697,4364,0.6696,10529,0.6695,9347,0.6705,1891,0.6706,200,0.6707,8877,0.6708,5837,0.6709,11879,0.671,19092,0.6711,10544,0.6712,7193,0.6713,15097,0.6714,17029,-0.0000033687654511,1774152000000
8,5,54,0.6665,0.6647,-0.2701,1774137161611,0.6712,1577.7,0.6711,8117.24,0.6709,1644.13,0.6708,7973.29,0.6707,1692.96,0.6706,5635.53,0.6705,7473.29,0.6703,2837.09,0.6702,10777.59,0.6701,3332,0.6716,391.3,0.6718,223.9,0.6719,2836.02,0.672,6853.4,0.6722,1644.13,0.6723,8664.65,0.6725,1644.13,0.6726,12857.29,0.6727,4522.65,0.6729,4948.53,0.6701,30,0.67,175,0.6699,5403,0.6698,20080,0.6697,3569,0.6696,11116,0.6695,8552,0.6694,9216,0.6693,10642,0.6692,15565,0.6702,7001,0.6703,5692,0.6704,7796,0.6705,9865,0.6706,11629,0.6707,17236,0.6708,11851,0.6709,11739,0.671,19450,0.6711,12037,-0.0000033687654511,1774152000000
8,5,54,0.6665,0.6652,-0.195,1774137161912,0.6705,7473.29,0.6703,2837.09,0.6702,7473.29,0.67,5161.73,0.6699,7473.29,0.6697,4977.93,0.6696,8665.18,0.6694,3305.4,0.6693,9117.42,0.669,7865.61,0.6708,305.24,0.6709,305.24,0.671,305.24,0.6712,1577.7,0.6714,3141.26,0.6715,7231.6,0.6716,1135.88,0.6717,223.9,0.6718,223.9,0.6719,2836.02,0.6697,211,0.6696,845,0.6695,8306,0.6694,15113,0.6693,10162,0.6692,7437,0.6691,8031,0.669,12497,0.6689,5246,0.6688,7248,0.6698,6830,0.6699,2382,0.67,9961,0.6701,10947,0.6702,7067,0.6703,14171,0.6704,11229,0.6705,23528,0.6706,7499,0.6707,12711,-0.0000033687654511,1774152000000
8,5,54,0.6668,0.6656,-0.18,1774137162212,0.6703,3337.09,0.6702,7473.29,0.67,1644.13,0.6699,7473.29,0.6698,3522.4,0.6697,4977.93,0.6696,8665.18,0.6694,3305.4,0.6693,9117.42,0.669,7865.61,0.6708,305.24,0.671,223.9,0.6711,1644.13,0.6712,7077.3,0.6714,2836.02,0.6715,7231.6,0.6716,6552.78,0.6719,6169.82,0.672,6853.4,0.6722,1644.13,0.6682,7276,0.6681,1810,0.668,4266,0.6679,11384,0.6678,2662,0.6677,4645,0.6676,15790,0.6675,9321,0.6674,10562,0.6673,13104,0.6683,4968,0.6684,4722,0.6685,9135,0.6686,3562,0.6687,6181,0.6688,10925,0.6689,13706,0.669,12720,0.6691,6438,0.6692,20740,-0.0000033687654511,1774152000000
8,5,54,0.6662,0.6656,-0.0901,1774137162513,0.6705,6853.4,0.6703,3337.09,0.6702,7473.29,0.67,1644.13,0.6699,7473.29,0.6698,3522.4,0.6697,4977.93,0.6696,8665.18,0.6694,3305.4,0.6693,9117.42,0.6708,305.24,0.671,223.9,0.6711,2836.02,0.6712,6853.4,0.6714,2836.02,0.6715,7231.6,0.6716,6552.78,0.6719,6220.68,0.672,6853.4,0.6722,1644.13,0.6675,2782,0.6674,39,0.6673,12665,0.6672,4870,0.6671,3799,0.667,9043,0.6669,9315,0.6668,4373,0.6667,18407,0.6666,4909,0.6676,5651,0.6677,3052,0.6678,8540,0.6679,9407,0.668,20573,0.6681,6041,0.6682,10972,0.6683,17386,0.6684,8937,0.6685,5758,-0.0000033687654511,1774152000000
8,5,54,0.6665,0.6652,-0.195,1774137162813,0.6705,6853.4,0.6703,1692.96,0.6702,7473.29,0.67,1644.13,0.6699,7473.29,0.6698,3522.4,0.6697,4977.93,0.6696,8665.18,0.6694,3305.4,0.6693,9117.42,0.6711,2836.02,0.6712,6853.4,0.6713,224.13,0.6714,2836.02,0.6715,6853.4,0.6716,6552.78,0.6719,6220.68,0.672,6853.4,0.6722,1644.13,0.6723,8664.65,0.6675,1356,0.6674,1116,0.6673,5399,0.6672,4335,0.6671,4534,0.667,2505,0.6669,9316,0.6668,3774,0.6667,15265,0.6666,4849,0.6676,3185,0.6677,9035,0.6678,21943,0.6679,8646,0.668,23636,0.6681,4251,0.6682,11285,0.6683,17226,0.6684,8937,0.6685,9032,-0.0000033687654511,1774152000000
8,5,54,0.6673,0.6659,-0.2098,1774137163114,0.6703,2986.22,0.6702,7473.29,0.67,1644.13,0.6699,7473.29,0.6698,3522.4,0.6697,4977.93,0.6696,8665.18,0.6694,3305.4,0.6693,9117.42,0.669,7865.61,0.6708,230.66,0.6709,6853.4,0.671,224.13,0.6711,3060.15,0.6712,6853.4,0.6713,224.13,0.6714,2836.02,0.6715,6853.4,0.6716,6552.78,0.6719,6220.68,0.6673,410,0.6672,1593,0.6671,4136,0.667,5553,0.6669,10663,0.6668,6079,0.6667,16139,0.6666,7508,0.6665,9839,0.6664,18724,0.6674,2703,0.6675,5918,0.6676,15460,0.6677,14471,0.6678,17411,0.6679,6800,0.668,15118,0.6681,3568,0.6682,12878,0.6683,20696,-0.0000033687654511,1774152000000
8,5,54,0.6682,0.6669,-0.1946,1774137163415,0.6702,7473.29,0.67,2837,0.6699,7473.29,0.6698,3522.4,0.6697,4977.93,0.6696,8665.18,0.6694,3305.4,0.6693,9117.42,0.669,7865.61,0.6689,1191.89,0.6707,305.24,0.6708,1644.13,0.6709,6853.4,0.671,224.13,0.6711,2836.02,0.6712,6853.4,0.6713,333.73,0.6714,2836.02,0.6715,6853.4,0.6716,6552.78,0.666,25,0.6657,3275,0.6656,234,0.6655,10246,0.6653,3275,0.6652,246,0.6651,3565,0.665,7878,0.6649,4913,0.6648,6744,0.6662,13,0.6665,13999,0.6666,3275,0.6667,1803,0.6669,18661,0.667,10686,0.6671,5680,0.6672,8988,0.6673,8039,0.6674,9808,-0.0000033687654511,1774152000000
8,5,54,0.6682,0.6671,-0.1646,1774137163716,0.6702,7473.29,0.67,2837,0.6699,7473.29,0.6698,3522.4,0.6697,4977.93,0.6696,8665.18,0.6694,3305.4,0.6693,9117.42,0.669,7865.61,0.6689,1191.89,0.6707,305.24,0.6708,1644.13,0.6709,6853.4,0.671,224.13,0.6711,2836.02,0.6712,6853.4,0.6713,333.73,0.6714,2836.02,0.6715,6853.4,0.6716,6552.78,0.6652,188,0.6651,14,0.665,1055,0.6649,9600,0.6648,9376,0.6647,3332,0.6646,9946,0.6645,5116,0.6644,9611,0.6643,14943,0.6654,246,0.6655,4364,0.6656,3803,0.6657,9838,0.6658,17110,0.6659,9396,0.666,9771,0.6661,15541,0.6662,12460,0.6663,8909,-0.0000033687654511,1774152000000
8,5,54,0.6682,0.6672,-0.1497,1774137164016,0.67,2837,0.6699,7473.29,0.6697,1644.13,0.6696,8665.18,0.6695,3546,0.6693,9117.42,0.6691,3334.9,0.669,7865.61,0.6689,4496.69,0.6687,1644.13,0.6705,305.24,0.6706,6853.4,0.6708,2837,0.6709,6853.4,0.6711,2836.02,0.6712,6853.4,0.6713,333.73,0.6714,2836.02,0.6715,6853.4,0.6716,6552.78,0.6621,900,0.662,1032,0.6618,559,0.6617,2662,0.6616,1193,0.6615,117,0.6614,4472,0.6613,3296,0.6612,682,0.6611,1822,0.6622,4900,0.6624,881,0.6626,10596,0.6627,249,0.6628,5539,0.6629,5543,0.663,9121,0.6631,10977,0.6632,10320,0.6633,3168,-0.0000033687654511,1774152000000
8,5,54,0.668,0.6675,-0.0749,1774137164316,0.67,121.82,0.6697,1644.13,0.6696,8665.18,0.6695,3546,0.6693,9117.42,0.6691,3334.9,0.669,7865.61,0.6689,4496.69,0.6687,1644.13,0.6685,7843.69,0.6703,305.24,0.6705,2837,0.6706,6853.4,0.6707,224.13,0.6708,2837,0.6709,6853.4,0.6711,2836.02,0.6712,6853.4,0.6713,333.73,0.6714,2836.02,0.6579,207,0.6577,1,0.6575,12,0.6574,300,0.6573,273,0.6572,906,0.6571,1850,0.657,185,0.6569,2709,0.6568,8,0.6585,53,0.6587,3121,0.6589,3123,0.659,2,0.6591,10669,0.6592,73,0.6593,3120,0.6594,1,0.6595,10679,0.6596,3,-0.0000033687654511,1774152000000
8,5,54,0.668,0.667,-0.1497,1774137164617,0.6696,121.9,0.669,7865.61,0.6689,1191.89,0.6688,3334.9,0.6687,1644.13,0.6685,7473.29,0.6683,1644.13,0.6682,1191.89,0.668,9241.82,0.6677,1644.13,0.6697,305.24,0.6698,305.24,0.67,1949.37,0.6702,1192.87,0.6703,6853.4,0.6704,433.87,0.6705,2837,0.6706,6853.4,0.6707,224.13,0.6708,2837,0.6569,3051,0.6568,30,0.6567,57,0.6566,71,0.6565,3,0.6564,823,0.6563,2047,0.6562,256,0.6561,3566,0.656,8085,0.657,1,0.6572,1052,0.6573,12457,0.6574,916,0.6575,10510,0.6576,1015,0.6577,5189,0.6578,8730,0.6579,7198,0.658,3528,-0.0000033687654511,1774152000000
8,5,54,0.668,0.667,-0.1497,1774137164918,0.6688,1055.4,0.6685,7473.29,0.6683,1644.13,0.6682,1191.89,0.6681,3335.7,0.668,9117.42,0.6677,1644.13,0.6676,2.32,0.6675,8562.87,0.6674,1644.13,0.6689,192.18,0.6692,305.24,0.6693,305.24,0.6694,384.36,0.6697,9690.4,0.6698,322.17,0.67,8802.77,0.6702,1192.87,0.6703,6853.4,0.6705,8694.81,0.6567,1057,0.6566,985,0.6565,2477,0.6563,174,0.6562,3651,0.6561,5349,0.656,5181,0.6559,11451,0.6558,2273,0.6557,17649,0.6568,1628,0.6569,134,0.657,5640,0.6571,9897,0.6572,3145,0.6573,8695,0.6574,12238,0.6575,8539,0.6576,984,0.6577,7841,-0.0000033687654511,1774152000000
8,5,54,0.6683,0.6671,-0.1796,1774137165219,0.6684,6853.4,0.6683,1619.11,0.6682,1191.89,0.668,9117.42,0.6677,1644.13,0.6676,2.32,0.6675,11381.97,0.6674,1644.13,0.6673,888.74,0.6672,3307.45,0.6688,305.24,0.6689,305.24,0.6692,224.13,0.6694,9690.4,0.6696,322.89,0.6697,9690.4,0.67,8497.53,0.6701,3335.7,0.6702,1192.87,0.6703,6853.4,0.6582,1340,0.6581,15,0.658,1946,0.6579,1186,0.6578,10561,0.6577,2128,0.6576,9124,0.6575,8144,0.6574,6527,0.6573,11231,0.6583,6124,0.6584,158,0.6585,4149,0.6586,5188,0.6587,14324,0.6588,9065,0.6589,11747,0.659,9873,0.6591,2804,0.6592,323,-0.0000033687654511,1774152000000
8,5,54,0.6681,0.6672,-0.1347,1774137165519,0.6684,6853.4,0.6683,1619.11,0.6682,1191.89,0.668,9117.42,0.6677,1644.13,0.6676,2.32,0.6675,11381.97,0.6674,1644.13,0.6673,888.74,0.6672,3307.45,0.6688,305.24,0.6689,305.24,0.6692,224.13,0.6694,9690.4,0.6696,322.89,0.6697,9690.4,0.67,8497.53,0.6701,3335.7,0.6702,1192.87,0.6703,6853.4,0.6591,1159,0.659,45,0.6588,1318,0.6587,3401,0.6586,996,0.6585,9400,0.6584,2396,0.6583,1519,0.6582,6580,0.6581,4081,0.6593,2718,0.6594,176,0.6595,3895,0.6596,7554,0.6597,5401,0.6598,2000,0.6599,2770,0.66,6083,0.6601,9573,0.6602,4971,-0.0000033687654511,1774152000000
8,5,54,0.6677,0.6672,-0.0749,1774137165819,0.668,189.13,0.6676,116.5,0.6675,11616.87,0.6674,1644.13,0.6673,888.74,0.6672,3307.45,0.6671,1650.49,0.667,6853.4,0.6669,61.16,0.6668,2839.82,0.6685,378.26,0.6687,683.5,0.6688,8497.53,0.6691,9914.53,0.6693,378.34,0.6694,9690.4,0.6697,9690.4,0.67,8497.53,0.6701,3335.7,0.6702,1192.87,0.6615,1159,0.6614,1659,0.6613,15,0.6612,6471,0.6611,7514,0.661,978,0.6609,3914,0.6608,12916,0.6607,2670,0.6606,13527,0.6617,2,0.6618,497,0.6619,7,0.662,827,0.6621,2026,0.6622,4955,0.6623,2689,0.6624,8359,0.6625,79171,0.6626,2409,-0.0000033687654511,1774152000000
8,5,54,0.6681,0.6674,-0.1048,1774137166120,0.6676,116.5,0.6675,8046.27,0.6674,1644.13,0.6673,888.74,0.6672,3336.85,0.6671,1650.49,0.667,6853.4,0.6669,61.16,0.6668,2839.82,0.6667,71.47,0.6682,305.24,0.6683,186.24,0.6684,1570.13,0.6687,1498.11,0.6688,8497.53,0.6691,9690.4,0.6694,9690.4,0.6697,9690.4,0.67,11803.63,0.6702,1192.87,0.6625,292,0.6624,1862,0.6623,556,0.6622,246,0.6621,3345,0.662,10286,0.6619,9236,0.6618,13584,0.6617,6540,0.6616,3374,0.6626,110,0.6627,900,0.6628,4612,0.6629,9515,0.663,15845,0.6631,14164,0.6632,18130,0.6633,2859,0.6634,6451,0.6635,6937,-0.0000033687654511,1774152000000
8,5,54,0.668,0.6671,-0.1347,1774137166420,0.668,62.88,0.6676,116.5,0.6675,6853.4,0.6673,888.74,0.6672,1.15,0.6671,5229.89,0.667,6853.4,0.6669,61.16,0.6668,2839.82,0.6667,71.47,0.6681,301.01,0.6683,305.24,0.6684,1570.13,0.6685,6853.4,0.6687,1192.87,0.6688,8497.53,0.6691,9690.4,0.6692,8794.3,0.6694,9690.4,0.6697,9690.4,0.6637,14,0.6636,2628,0.6635,4,0.6634,9410,0.6633,11760,0.6632,12920,0.6631,16900,0.663,4015,0.6629,6240,0.6628,10373,0.6639,648,0.6641,30,0.6642,4270,0.6643,4442,0.6644,6970,0.6645,17861,0.6646,19304,0.6647,3457,0.6648,7496,0.6649,3965,-0.0000033687654511,1774152000000
8,5,54,0.6687,0.6672,-0.2243,1774137166720,0.6676,2.32,0.6673,888.74,0.6672,1.15,0.6671,5229.89,0.667,6853.4,0.6669,61.16,0.6668,2839.82,0.6667,3408.57,0.6665,10215.02,0.6663,2.69,0.6679,305.24,0.668,6853.4,0.6682,98.04,0.6683,1502.93,0.6684,1570.13,0.6685,6853.4,0.6687,1192.87,0.6688,8497.53,0.6691,9690.4,0.6692,8794.3,0.6643,1280,0.6642,1175,0.6641,10925,0.664,11005,0.6639,11650,0.6638,16400,0.6637,9166,0.6636,12430,0.6635,21839,0.6634,3997,0.6644,1606,0.6645,2416,0.6646,525,0.6647,22,0.6648,4539,0.6649,4353,0.665,17392,0.6651,5160,0.6652,9791,0.6653,8965,-0.0000033687654511,1774152000000
8,5,54,0.6687,0.6678,-0.1346,1774137167020,0.6676,2.32,0.6673,888.74,0.6672,1.15,0.6671,5229.89,0.667,6853.4,0.6669,61.16,0.6668,2839.82,0.6667,3408.57,0.6665,10215.02,0.6663,2.69,0.6677,305.24,0.6678,1502.93,0.6679,1481.73,0.668,6853.4,0.6681,225.08,0.6683,1197.69,0.6684,1570.13,0.6685,6853.4,0.6687,1192.87,0.6688,8497.53,0.665,7370,0.6649,10736,0.6648,15493,0.6647,13750,0.6646,11856,0.6645,9835,0.6644,14073,0.6643,13236,0.6642,11016,0.6641,12272,0.6653,181,0.6655,176,0.6656,751,0.6657,4,0.6658,6767,0.6659,11034,0.666,6389,0.6661,12588,0.6662,8439,0.6663,19326,-0.0000033687654511,1774152000000
8,5,54,0.6683,0.6673,-0.1496,1774137167322,0.6676,2.32,0.6673,888.74,0.6672,1.15,0.6671,5229.89,0.667,6853.4,0.6669,61.16,0.6668,2839.82,0.6667,3408.57,0.6665,10215.02,0.6663,2.69,0.6677,305.24,0.6678,1502.93,0.6679,1481.73,0.668,6853.4,0.6681,225.08,0.6683,1197.69,0.6684,1570.13,0.6685,6853.4,0.6687,1192.87,0.6688,8497.53,0.6631,900,0.6629,886,0.6628,187,0.6627,1521,0.6626,1423,0.6625,357,0.6624,800,0.6623,10826,0.6622,275,0.6621,303,0.6632,1764,0.6633,4730,0.6634,2644,0.6635,53,0.6636,4061,0.6637,8206,0.6638,9156,0.6639,4065,0.664,1,0.6641,4061,-0.0000033687654511,1774152000000
8,5,54,0.6683,0.6673,-0.1496,1774137167623,0.6676,2.32,0.6673,888.74,0.6672,1.15,0.6671,3585.76,0.667,6853.4,0.6669,61.16,0.6668,2839.82,0.6667,3408.57,0.6665,10215.02,0.6663,2.69,0.6678,79.96,0.6679,1481.73,0.668,6951.44,0.6681,225.08,0.6683,1197.69,0.6684,1570.13,0.6685,6853.4,0.6687,1192.87,0.6688,8497.53,0.6691,9690.4,0.6623,1131,0.6621,1462,0.6619,19,0.6618,8103,0.6617,8031,0.6616,2792,0.6615,7680,0.6614,826,0.6613,11316,0.6612,25,0.6627,10873,0.6628,8749,0.6629,6587,0.663,1360,0.6631,5,0.6632,4067,0.6633,9450,0.6634,3485,0.6635,416,0.6636,4771,-0.0000033687654511,1774152000000
8,5,54,0.6683,0.6672,-0.1646,1774137167923,0.6671,11377.82,0.6669,61.16,0.6668,6856.22,0.6667,3408.57,0.6666,2841.82,0.6665,10215.02,0.6663,2.69,0.6662,1644.13,0.6661,8196.1,0.666,4337.72,0.6676,1644.13,0.6678,1422.77,0.6679,1481.73,0.668,6853.4,0.6683,1197.69,0.6684,1570.13,0.6685,6853.4,0.6687,1192.87,0.6688,8497.53,0.6691,9690.4,0.6618,900,0.6617,5048,0.6616,2461,0.6615,12036,0.6614,7459,0.6613,5346,0.6612,17151,0.6611,6415,0.661,3359,0.6609,10568,0.6624,11280,0.6625,9,0.6626,606,0.6627,7578,0.6628,20362,0.6629,6399,0.663,4783,0.6631,5380,0.6632,5050,0.6633,9208,-0.0000033687654511,1774152000000
8,5,54,0.6685,0.6672,-0.1945,1774137168224,0.6669,182.9,0.6662,160.5,0.6659,1197.69,0.6658,365.81,0.6657,1644.13,0.6656,146,0.6655,790.29,0.6654,4.17,0.6653,1254.55,0.6652,1644.13,0.6673,749.35,0.6675,548.72,0.6676,2144.13,0.6677,7158.64,0.6678,1197.69,0.6679,1481.73,0.668,6853.4,0.6684,1570.13,0.6685,6853.4,0.6688,8497.53,0.6633,3241,0.6632,3018,0.6631,573,0.663,8258,0.6629,7384,0.6628,10567,0.6627,7190,0.6626,3408,0.6625,17087,0.6624,10385,0.6639,4,0.664,80,0.6641,2984,0.6642,8236,0.6643,8837,0.6644,11902,0.6645,2670,0.6646,11314,0.6647,3217,0.6648,4062,-0.0000033687654511,1774152000000
8,5,54,0.6677,0.6672,-0.0749,1774137168525,0.6648,171.43,0.6644,23.91,0.6643,1,0.6641,1197.69,0.664,114.8,0.6639,19.79,0.6638,1222.65,0.6637,1073.47,0.6636,6853.4,0.6633,1644.13,0.6654,1669.29,0.6656,358.04,0.6658,358.04,0.6659,1644.13,0.666,179.02,0.6662,305.24,0.6664,1555.73,0.6665,819.08,0.6667,905.13,0.667,1197.69,0.6652,6021,0.6651,2216,0.6649,5093,0.6648,6021,0.6647,7058,0.6646,4350,0.6645,8530,0.6644,8651,0.6643,4160,0.6642,7271,0.6653,911,0.6654,18,0.6655,11,0.6656,62,0.6657,985,0.6658,1169,0.6659,837,0.666,327,0.6661,5700,0.6662,5360,-0.0000033687654511,1774152000000
8,5,54,0.668,0.6671,-0.1347,1774137168825,0.6651,305.24,0.665,675.5,0.6649,500,0.6646,225.08,0.6645,1644.13,0.6644,6.84,0.6643,1,0.6642,1644.13,0.664,114.8,0.6639,1663.92,0.6659,422.44,0.6663,1644.13,0.6664,1197.69,0.6667,2102.82,0.6668,98.04,0.667,1197.69,0.6671,1621.21,0.6674,1197.69,0.6676,1644.13,0.6677,8051.09,0.6667,900,0.6665,1957,0.6664,1281,0.6663,122,0.6662,1057,0.6661,1179,0.666,3581,0.6659,10333,0.6658,5016,0.6657,8575,0.6668,138,0.6669,15,0.667,8436,0.6671,4614,0.6672,7977,0.6673,5595,0.6674,8587,0.6675,16746,0.6676,7907,0.6677,3278,-0.0000033687654511,1774152000000
8,5,54,0.668,0.6671,-0.1347,1774137169126,0.6637,711.76,0.6631,6860.45,0.6629,1005.68,0.6628,110.69,0.6627,1644.13,0.6626,6947.84,0.6625,23,0.6623,61.16,0.6622,1200.01,0.6621,8499.8,0.6638,316.96,0.664,246.91,0.6642,361.71,0.6647,3145.21,0.6651,361.71,0.6652,1820.44,0.6653,1559.4,0.6656,559.01,0.6657,1197.69,0.6659,422.44,0.6678,1957,0.6677,8135,0.6676,246,0.6675,2254,0.6674,7473,0.6673,6681,0.6672,5104,0.6671,11797,0.667,6467,0.6669,3411,0.6679,22,0.668,102,0.6681,262,0.6682,269,0.6683,250,0.6684,3414,0.6685,11029,0.6686,3412,0.6687,9148,0.6688,5904,-0.0000033687654511,1774152000000
8,5,54,0.6673,0.6669,-0.0599,1774137169427,0.6627,209.39,0.6624,3067.29,0.6623,61.16,0.6622,2.32,0.6621,2.27,0.6619,1057.42,0.6618,2.45,0.6617,7.81,0.6615,153075.81,0.6613,5.76,0.6629,1078.7,0.6634,1197.69,0.6638,1644.13,0.6643,1057.53,0.6647,1644.13,0.6652,1458.73,0.6659,1644.13,0.6666,500,0.6676,2.32,0.6677,6853.4,0.6684,930,0.6683,3,0.6682,271,0.6681,14034,0.668,5187,0.6679,4507,0.6678,6963,0.6677,9344,0.6676,4310,0.6675,3924,0.6685,3896,0.6686,4031,0.6687,246,0.6688,1008,0.6689,5398,0.669,4902,0.6691,3738,0.6692,5248,0.6693,4431,0.6694,7695,-0.0000033687654511,1774152000000
8,5,54,0.6673,0.6669,-0.0599,1774137169727,0.6627,209.39,0.6624,3067.29,0.6623,61.16,0.6622,2.32,0.6621,2.27,0.6619,1057.42,0.6618,2.45,0.6617,7.81,0.6615,153075.81,0.6613,5.76,0.6629,1078.7,0.6634,1197.69,0.6638,1644.13,0.6643,1057.53,0.6647,1644.13,0.6652,1458.73,0.6659,1644.13,0.6666,500,0.6676,2.32,0.6677,6853.4,0.6682,1146,0.6681,6271,0.668,586,0.6679,2556,0.6678,6146,0.6677,9990,0.6676,3562,0.6675,4316,0.6674,18337,0.6673,5834,0.6683,644,0.6684,2879,0.6685,267,0.6686,1237,0.6687,3512,0.6689,6589,0.669,11851,0.6691,4100,0.6692,10064,0.6693,9175,-0.0000033687654511,1774152000000
8,5,54,0.6674,0.6669,-0.0749,1774137170027,0.6615,147929.95,0.6613,5.76,0.6612,1.66,0.6611,6856.55,0.661,1645.53,0.6609,1.03,0.6608,146,0.6607,6853.4,0.6606,1197.69,0.6604,1644.13,0.6625,1207,0.6629,7607.71,0.663,1353.8,0.6631,6853.4,0.6632,349.88,0.6634,1091.69,0.6635,6853.4,0.6638,1644.13,0.6639,6853.4,0.6643,7910.93,0.6677,900,0.6676,368,0.6675,2258,0.6674,1891,0.6673,3520,0.6672,4578,0.6671,6277,0.667,3669,0.6669,6723,0.6668,10802,0.6678,3121,0.6679,7368,0.668,421,0.6681,5065,0.6682,14090,0.6683,10888,0.6684,7319,0.6685,9211,0.6686,4930,0.6687,4936,-0.0000033687654511,1774152000000
8,5,54,0.6676,0.6669,-0.1049,1774137170328,0.6615,86706.91,0.6613,5.76,0.6612,1.66,0.6611,3.15,0.661,1.4,0.6609,1.03,0.6604,1207,0.6602,1060.26,0.66,3231.29,0.6598,1208.53,0.6618,6853.4,0.662,6853.4,0.6623,6853.4,0.6625,7608.14,0.6627,1713.81,0.6629,1207,0.663,2560.8,0.6631,6853.4,0.6634,2826.76,0.6635,6853.4,0.6673,1463,0.6672,368,0.6671,271,0.667,3239,0.6669,4666,0.6668,3272,0.6667,4351,0.6666,5585,0.6665,2492,0.6664,1219,0.6674,3468,0.6675,3,0.6676,6199,0.6677,6147,0.6678,6726,0.6679,9937,0.668,2359,0.6681,1340,0.6682,9306,0.6683,8087,-0.0000033687654511,1774152000000
8,5,54,0.6684,0.6672,-0.1795,1774137170629,0.6615,49116.39,0.6613,5.76,0.6612,1.66,0.6611,3.15,0.661,1.4,0.6609,1.03,0.6602,1060.26,0.66,1496.22,0.6598,1.53,0.6597,220.88,0.6616,809.36,0.6618,6639.62,0.662,6853.4,0.6623,6853.4,0.6625,6853.4,0.6627,1713.81,0.6629,1207,0.663,2560.8,0.6631,6853.4,0.6634,2826.76,0.6684,1456,0.6683,3161,0.6681,732,0.668,2320,0.6679,4428,0.6678,4511,0.6677,1417,0.6676,3359,0.6675,12728,0.6674,4014,0.6685,2057,0.6686,2412,0.6687,976,0.6688,6200,0.6689,3879,0.669,3763,0.6691,7016,0.6692,3788,0.6693,3700,0.6694,7683,-0.0000033687654511,1774152000000
8,5,54,0.6684,0.6674,-0.1496,1774137170929,0.66,240.86,0.6598,1.53,0.6597,220.88,0.6596,6.76,0.6595,2.32,0.6594,7.58,0.6592,6.72,0.6591,2.82,0.6588,2,0.6587,2.85,0.6616,642.18,0.6618,6639.62,0.662,6853.4,0.6623,6853.4,0.6624,36,0.6625,6853.4,0.6627,1713.81,0.6629,1207,0.663,2560.8,0.6631,6853.4,0.6685,900,0.6683,172,0.6682,718,0.6681,2332,0.668,4245,0.6679,11740,0.6678,6618,0.6677,3554,0.6676,3613,0.6675,11782,0.6686,1524,0.6687,981,0.6688,3180,0.6689,3881,0.669,3765,0.6691,3753,0.6692,3790,0.6693,7563,0.6694,4471,0.6695,10937,-0.0000033687654511,1774152000000
8,5,54,0.668,0.6675,-0.0749,1774137171229,0.6585,1393.45,0.6584,1063.08,0.6583,1.06,0.658,1644.13,0.6579,1.45,0.6578,24.45,0.6577,61.16,0.6574,1736.7,0.6573,25.55,0.6572,3.44,0.6592,352.95,0.6594,352.95,0.6596,644.55,0.6603,3339.4,0.6612,3442.3,0.6616,371,0.6618,6639.62,0.662,6853.4,0.6623,6853.4,0.6624,36,0.6679,900,0.6678,472,0.6677,329,0.6676,1438,0.6675,453,0.6674,6724,0.6673,4252,0.6672,5057,0.6671,14740,0.667,5537,0.6681,430,0.6682,7735,0.6683,10877,0.6684,3893,0.6685,4585,0.6686,7555,0.6687,7630,0.6688,5320,0.6689,8357,0.669,8888,-0.0000033687654511,1774152000000
8,5,54,0.6679,0.6669,-0.1497,1774137171530,0.6574,1.63,0.6573,25.55,0.6572,1738.51,0.6571,1,0.6569,24.17,0.6568,1737.76,0.6567,20.29,0.6564,131.11,0.6563,1216.03,0.6562,5074.47,0.6585,1063.89,0.659,1735.07,0.6591,346.92,0.6593,1037.58,0.6595,346.92,0.6597,346.92,0.6599,312.14,0.6601,1735.07,0.6611,48.11,0.6612,3442.3,0.6676,46,0.6675,257,0.6674,5389,0.6673,5555,0.6672,5057,0.6671,14741,0.667,5537,0.6669,3556,0.6668,13952,0.6667,4062,0.6677,1811,0.6678,254,0.6679,254,0.668,7518,0.6681,7721,0.6682,14406,0.6683,11382,0.6684,5417,0.6685,3968,0.6686,7912,-0.0000033687654511,1774152000000
8,5,54,0.6677,0.6668,-0.1348,1774137171831,0.6572,1614.69,0.6571,1,0.6569,24.17,0.6568,2192.12,0.6567,20.29,0.6566,1207,0.6565,6853.4,0.6563,1216.03,0.6562,1735.07,0.656,6867.38,0.6576,56.44,0.6578,6853.4,0.658,6853.4,0.6582,6853.4,0.6584,6853.4,0.6585,304,0.6588,6853.4,0.659,1735.07,0.6593,3340.8,0.6601,1735.07,0.6676,1676,0.6675,3,0.6674,3946,0.6673,1565,0.6672,7259,0.6671,6774,0.667,4659,0.6669,10774,0.6668,15452,0.6667,3672,0.6677,1883,0.6678,841,0.6679,257,0.668,9847,0.6681,10031,0.6682,11794,0.6683,12547,0.6684,7558,0.6685,5131,0.6686,11744,-0.0000033687654511,1774152000000
8,5,54,0.668,0.6669,-0.1647,1774137172132,0.6591,1735.07,0.6588,1223.84,0.6584,1962.13,0.6581,2942.07,0.6579,6853.4,0.6578,2942.07,0.6576,7202.05,0.6575,1735.07,0.6573,8060.4,0.6572,1614.69,0.66,2151.82,0.6604,6853.4,0.6608,6853.4,0.6611,699.9,0.6612,5177.37,0.6613,5.76,0.6617,1.45,0.6622,2.32,0.6623,1796.23,0.6624,36,0.6677,1159,0.6676,2013,0.6675,3,0.6674,4200,0.6673,5807,0.6672,5057,0.6671,6774,0.667,4659,0.6669,10774,0.6668,16558,0.6678,6449,0.6679,739,0.668,530,0.6681,9009,0.6682,15098,0.6683,10271,0.6684,7201,0.6685,6328,0.6686,11744,0.6687,7630,-0.0000033687654511,1774152000000
8,5,54,0.6684,0.6669,-0.2244,1774137172433,0.6599,696.24,0.6596,348.65,0.6595,1075.85,0.6594,1735.07,0.6592,1150.6,0.6591,1735.07,0.6589,454.36,0.6588,1223.84,0.6587,1207,0.6585,7080.7,0.6607,303,0.6612,3442.3,0.6613,5.76,0.6614,6853.4,0.6616,1735.07,0.6617,1.45,0.662,6853.4,0.6622,2.32,0.6623,5137.03,0.6624,36,0.6681,1050,0.6679,11,0.6678,1373,0.6677,9135,0.6676,6879,0.6675,4417,0.6674,7506,0.6673,9589,0.6672,6254,0.6671,7729,0.6682,1834,0.6683,8042,0.6684,3337,0.6685,5971,0.6686,13024,0.6687,10579,0.6688,4663,0.6689,10701,0.669,7525,0.6691,4552,-0.0000033687654511,1774152000000
8,5,54,0.6684,0.6673,-0.1646,1774137172734,0.66,1482.69,0.6597,1962.13,0.6594,2942.07,0.6593,3340.8,0.6592,7307.76,0.6591,2942.07,0.6589,6853.4,0.6588,1223.84,0.6587,1207,0.6585,6853.4,0.6603,217.07,0.6607,756.79,0.6611,462.27,0.6612,3281.04,0.6613,5.76,0.6614,6853.4,0.6616,1735.07,0.6617,1.45,0.662,6853.4,0.6622,2.32,0.6681,150,0.6679,174,0.6678,4004,0.6677,2397,0.6676,2918,0.6675,17276,0.6674,6586,0.6673,6765,0.6672,12275,0.6671,7523,0.6682,254,0.6683,19670,0.6684,1576,0.6685,8344,0.6686,11387,0.6687,8678,0.6688,5020,0.6689,10701,0.669,6926,0.6691,4552,-0.0000033687654511,1774152000000
8,5,54,0.6684,0.6674,-0.1496,1774137173034,0.6603,1735.07,0.6602,348.65,0.6601,704.03,0.66,1735.07,0.6598,348.65,0.6597,1962.37,0.6595,7922.69,0.6594,2946.91,0.6593,3340.8,0.6592,7574.04,0.6604,303,0.661,756.54,0.6612,3281.04,0.6613,5.76,0.6614,6853.4,0.6616,1735.07,0.6617,1.45,0.662,6853.4,0.6622,2.32,0.6623,5137.03,0.6676,1352,0.6675,3364,0.6674,1567,0.6673,5829,0.6672,12275,0.6671,6774,0.667,7044,0.6669,10774,0.6668,16812,0.6667,3569,0.6677,2239,0.6678,430,0.6679,1756,0.668,530,0.6681,5415,0.6682,8104,0.6683,24116,0.6684,4263,0.6685,9864,0.6686,11744,-0.0000033687654511,1774152000000
8,5,54,0.6689,0.6676,-0.1943,1774137173335,0.6603,1735.07,0.6602,348.65,0.6601,704.03,0.66,1735.07,0.6598,348.65,0.6597,1962.37,0.6595,7922.69,0.6594,2946.91,0.6593,3340.8,0.6592,7574.04,0.6604,303,0.661,756.54,0.6612,3281.04,0.6613,5.76,0.6614,6853.4,0.6616,1735.07,0.6617,1.45,0.662,6853.4,0.6622,2.32,0.6623,5137.03,0.6671,157,0.667,3,0.6669,2458,0.6668,5562,0.6667,10843,0.6666,7012,0.6665,6898,0.6664,9642,0.6663,5669,0.6662,11837,0.6673,2065,0.6675,1928,0.6676,9833,0.6677,9446,0.6678,7567,0.6679,7423,0.668,12611,0.6681,4624,0.6682,5274,0.6683,21300,-0.0000033687654511,1774152000000
8,5,54,0.6689,0.6677,-0.1794,1774137173635,0.6603,1735.07,0.6602,348.65,0.6601,704.03,0.66,1735.07,0.6598,348.65,0.6597,1962.37,0.6595,7922.69,0.6594,2946.91,0.6593,3340.8,0.6592,7574.04,0.6604,303,0.661,756.54,0.6612,3281.04,0.6613,5.76,0.6614,6853.4,0.6616,1735.07,0.6617,1.45,0.662,6853.4,0.6622,2.32,0.6623,5137.03,0.667,3,0.6669,1496,0.6668,1034,0.6667,9837,0.6666,4220,0.6665,3508,0.6664,9642,0.6663,7812,0.6662,12387,0.6661,11534,0.6671,1811,0.6672,1254,0.6673,254,0.6674,2246,0.6675,8537,0.6676,9391,0.6677,12004,0.6678,7977,0.6679,6618,0.668,12614,-0.0000033687654511,1774152000000
8,5,54,0.6689,0.6677,-0.1794,1774137173935,0.6623,1735.07,0.6622,348.65,0.6621,704.03,0.662,1584.07,0.6617,394.38,0.6616,1211.84,0.6614,1735.07,0.6613,8278.07,0.661,1643.52,0.6609,1735.07,0.6625,1.15,0.6631,2,0.6637,10520.95,0.6638,24.96,0.6639,19.79,0.6641,213.78,0.6642,3340.8,0.6643,7574.04,0.6644,1735.07,0.6645,1211.84,0.6666,428,0.6665,10,0.6664,454,0.6663,8180,0.6662,4848,0.6661,9148,0.666,6783,0.6659,6172,0.6658,10383,0.6657,17457,0.6667,1165,0.6668,933,0.6669,652,0.667,6785,0.6671,10075,0.6672,6746,0.6673,8845,0.6674,11579,0.6675,5593,0.6676,6791,-0.0000033687654511,1774152000000
8,5,54,0.6689,0.6677,-0.1794,1774137174236,0.6623,1735.07,0.6622,348.65,0.6621,704.03,0.662,1584.07,0.6617,394.38,0.6616,1211.84,0.6614,1735.07,0.6613,8278.07,0.661,1643.52,0.6609,1735.07,0.6625,1.15,0.6631,2,0.6637,10520.95,0.6638,24.96,0.6639,19.79,0.6641,213.78,0.6642,3340.8,0.6643,7574.04,0.6644,1735.07,0.6645,1211.84,0.6664,313,0.6663,3068,0.6662,7192,0.6661,11668,0.666,6783,0.6659,4926,0.6658,10832,0.6657,18354,0.6656,5784,0.6655,3198,0.6666,2195,0.6667,256,0.6668,1803,0.6669,652,0.667,14861,0.6671,6777,0.6672,4726,0.6673,5896,0.6674,11937,0.6675,5593,-0.0000033687654511,1774152000000
8,5,54,0.6694,0.6677,-0.254,1774137174537,0.662,9309.11,0.6619,1211.84,0.6617,2439.1,0.6616,8721.18,0.6614,1735.07,0.6613,8278.07,0.661,1211.84,0.6609,1735.07,0.6607,12126.68,0.6606,1735.07,0.6625,754.81,0.6627,500,0.6631,302,0.6635,1211.84,0.6636,1735.07,0.6638,355.31,0.6639,19.79,0.664,2946.91,0.6641,706.25,0.6643,7574.04,0.6667,254,0.6666,1413,0.6665,1188,0.6664,33,0.6663,5854,0.6662,9765,0.6661,6476,0.666,6786,0.6659,5455,0.6658,19066,0.6668,1813,0.6669,2702,0.667,7043,0.6671,6645,0.6672,5894,0.6673,6311,0.6674,11849,0.6675,5597,0.6676,7234,0.6677,14219,-0.0000033687654511,1774152000000
8,5,54,0.6694,0.6678,-0.239,1774137174837,0.6625,355.38,0.6624,1211.84,0.6621,10024.8,0.6619,161.35,0.6618,488.27,0.6617,1961.86,0.6616,8721.18,0.6614,1735.07,0.6613,7574.04,0.661,1211.84,0.6626,1735.07,0.6635,1211.84,0.6636,1735.07,0.6637,7574.04,0.6638,24.96,0.6639,19.79,0.664,2946.91,0.6641,213.78,0.6643,7574.04,0.6644,1735.07,0.6664,70,0.6663,3428,0.6662,11677,0.6661,7410,0.666,10134,0.6659,5911,0.6658,18467,0.6657,8721,0.6656,6072,0.6655,3937,0.6668,1463,0.6669,1472,0.667,7043,0.6671,10089,0.6672,6262,0.6673,8319,0.6674,12207,0.6675,5597,0.6676,7234,0.6677,14220,-0.0000033687654511,1774152000000
8,5,54,0.6692,0.668,-0.1793,1774137175138,0.6625,355.38,0.6624,1211.84,0.6621,10024.8,0.6619,161.35,0.6618,488.27,0.6617,1961.86,0.6616,8721.18,0.6614,1735.07,0.6613,7574.04,0.661,1211.84,0.6626,1735.07,0.6635,1211.84,0.6636,1735.07,0.6637,7574.04,0.6638,24.96,0.6639,19.79,0.664,2946.91,0.6641,213.78,0.6643,7574.04,0.6644,1735.07,0.6663,1966,0.6662,1424,0.6661,4247,0.666,2489,0.6659,7895,0.6658,11967,0.6657,8835,0.6656,5563,0.6655,7396,0.6654,12754,0.6664,2,0.6665,2831,0.6666,1756,0.6667,4523,0.6668,8101,0.6669,14492,0.667,14574,0.6671,4373,0.6672,6688,0.6673,5123,-0.0000033687654511,1774152000000
8,5,54,0.6691,0.6681,-0.1495,1774137175438,0.6641,348.65,0.664,348.65,0.6638,348.65,0.6633,637.24,0.6632,1735.07,0.6631,7574.04,0.663,1439.26,0.6629,1962.49,0.6628,7926.38,0.6626,391.61,0.6644,752.56,0.6648,1736.38,0.6649,10712.14,0.665,1.23,0.6651,2946.91,0.6653,5.76,0.6654,7574.04,0.6655,1.45,0.6657,2946.91,0.6659,7574.04,0.6664,1069,0.6663,354,0.6662,256,0.6661,1699,0.666,7709,0.6659,9011,0.6658,5010,0.6657,8835,0.6656,5563,0.6655,4227,0.6665,1159,0.6666,4456,0.6667,8145,0.6668,8101,0.6669,14824,0.667,13050,0.6671,4373,0.6672,6688,0.6673,5123,0.6674,12208,-0.0000033687654511,1774152000000
8,5,54,0.6694,0.6682,-0.1793,1774137175739,0.664,1735.07,0.6639,348.65,0.6636,3650.94,0.6635,7574.04,0.6633,637.24,0.6632,1735.07,0.6631,7574.04,0.663,1439.26,0.6629,1735.07,0.6628,7574.04,0.6644,301,0.6647,1964.13,0.6648,1.31,0.6649,10712.14,0.665,1.23,0.6651,2946.91,0.6653,5.76,0.6654,7574.04,0.6655,1.45,0.6657,2946.91,0.6663,2642,0.6662,2915,0.6661,3108,0.666,2542,0.6659,9988,0.6658,5030,0.6657,9310,0.6656,4963,0.6655,4227,0.6654,13505,0.6664,2,0.6665,1157,0.6666,4202,0.6667,8145,0.6668,10432,0.6669,12488,0.667,13050,0.6671,4373,0.6672,6688,0.6673,5217,-0.0000033687654511,1774152000000
8,5,54,0.6694,0.669,-0.0598,1774137176040,0.664,1735.07,0.6639,348.65,0.6636,3650.94,0.6635,7574.04,0.6633,637.24,0.6632,1735.07,0.6631,7574.04,0.663,1439.26,0.6629,1735.07,0.6628,7574.04,0.6644,301,0.6647,1964.13,0.6648,1.31,0.6649,10712.14,0.665,1.23,0.6651,2946.91,0.6653,5.76,0.6654,7574.04,0.6655,1.45,0.6657,2946.91,0.6668,254,0.6667,2,0.6666,3273,0.6665,1425,0.6664,7536,0.6663,6473,0.6662,5553,0.6661,12438,0.666,4907,0.6659,8351,0.6669,376,0.667,376,0.6671,6115,0.6672,4115,0.6673,1466,0.6674,14383,0.6675,7382,0.6676,4933,0.6677,12606,0.6678,4604,-0.0000033687654511,1774152000000
8,5,54,0.6694,0.669,-0.0598,1774137176340,0.6646,46.03,0.664,5782.3,0.6638,7574.04,0.6636,3295.56,0.6635,7574.04,0.6632,1735.07,0.6631,7574.04,0.663,1211.84,0.6629,1735.07,0.6628,7574.04,0.6648,753.52,0.6649,3138.1,0.665,1.23,0.6653,1217.6,0.6654,7574.04,0.6655,37.45,0.6657,2946.91,0.6659,7574.04,0.6662,1211.84,0.6663,1852.56,0.6669,1966,0.6667,256,0.6666,1381,0.6665,1010,0.6664,15697,0.6663,6513,0.6662,5553,0.6661,13538,0.666,3950,0.6659,8351,0.667,1166,0.6671,6369,0.6672,3103,0.6673,9059,0.6674,13218,0.6675,5239,0.6676,5291,0.6677,12364,0.6678,4604,0.6679,4760,-0.0000033687654511,1774152000000
8,5,54,0.6696,0.6688,-0.1195,1774137176641,0.6648,490.2,0.6647,150.37,0.6645,7588.21,0.6644,1735.07,0.6641,8785.88,0.664,5426.92,0.6638,7574.04,0.6636,3446.91,0.6635,7574.04,0.6632,1735.07,0.6653,5.76,0.6655,1.45,0.6657,1211.84,0.6659,7574.04,0.6662,1211.84,0.6663,1852.56,0.6664,7574.04,0.6666,1.12,0.6667,70.35,0.6668,1214.66,0.6669,966,0.6668,453,0.6667,2956,0.6666,1381,0.6665,1010,0.6664,15697,0.6663,6552,0.6662,5553,0.6661,13538,0.666,3950,0.667,3605,0.6671,724,0.6672,1767,0.6673,8705,0.6674,11850,0.6675,5239,0.6676,5291,0.6677,12364,0.6678,4604,0.6679,4760,-0.0000033687654511,1774152000000
8,5,54,0.6696,0.6688,-0.1195,1774137176942,0.6655,150.92,0.6654,150.92,0.6652,2083.72,0.665,4201.24,0.6648,7574.04,0.6647,1735.07,0.6646,1439.26,0.6645,7574.04,0.6644,1735.07,0.6641,8785.88,0.6657,300,0.6658,1711.84,0.6661,7574.04,0.6662,1211.84,0.6663,1852.56,0.6664,7574.04,0.6666,1.12,0.6667,70.35,0.6668,1214.66,0.6669,9370.27,0.6664,2,0.6663,513,0.6662,1058,0.6661,9204,0.666,5026,0.6659,7993,0.6658,11137,0.6657,14367,0.6656,5714,0.6655,4585,0.6665,174,0.6666,1811,0.6667,3130,0.6668,7096,0.6669,10442,0.667,12071,0.6671,11968,0.6672,4084,0.6673,4379,0.6674,12208,-0.0000033687654511,1774152000000
8,5,54,0.6696,0.6688,-0.1195,1774137177243,0.6655,150.92,0.6654,150.92,0.6652,2083.72,0.665,4201.24,0.6648,7574.04,0.6647,1735.07,0.6646,1439.26,0.6645,7574.04,0.6644,1735.07,0.6641,8785.88,0.6657,300,0.6658,1711.84,0.6661,7574.04,0.6662,1211.84,0.6663,1852.56,0.6664,7574.04,0.6666,1.12,0.6667,70.35,0.6668,1214.66,0.6669,9370.27,0.666,408,0.6659,3255,0.6658,295,0.6657,5478,0.6656,6974,0.6655,3579,0.6654,12755,0.6653,7169,0.6652,3561,0.6651,7672,0.6662,2067,0.6663,4469,0.6664,5284,0.6665,12278,0.6666,5439,0.6667,7870,0.6668,11108,0.6669,11967,0.667,9124,0.6671,10035,-0.0000033687654511,1774152000000
8,5,54,0.6696,0.669,-0.0896,1774137177543,0.6659,141.41,0.6656,214.77,0.6654,10274.97,0.6652,1735.07,0.6651,8776.41,0.665,3346.9,0.6648,7574.04,0.6647,1735.07,0.6646,1211.84,0.6645,7574.04,0.6661,500,0.6662,2262.46,0.6663,117.49,0.6664,7801.46,0.6665,36,0.6666,2090.93,0.6667,70.35,0.6668,1214.66,0.6669,9370.27,0.6671,6.36,0.6657,219,0.6656,63,0.6655,1141,0.6654,3421,0.6653,7736,0.6652,4209,0.6651,6563,0.665,12459,0.6649,3621,0.6648,15007,0.6658,1165,0.6659,8762,0.666,3956,0.6661,3716,0.6662,16667,0.6663,7215,0.6664,8590,0.6665,10135,0.6666,5797,0.6667,7349,-0.0000033687654511,1774152000000
8,5,54,0.6696,0.669,-0.0896,1774137177844,0.6659,141.41,0.6656,214.77,0.6654,10274.97,0.6652,1735.07,0.6651,8776.41,0.665,3346.9,0.6648,7574.04,0.6647,1735.07,0.6646,1211.84,0.6645,7574.04,0.6661,500,0.6662,2262.46,0.6663,117.49,0.6664,7801.46,0.6665,36,0.6666,2090.93,0.6667,70.35,0.6668,1214.66,0.6669,9370.27,0.6671,6.36,0.6657,1859,0.6656,317,0.6655,12,0.6654,260,0.6653,6837,0.6652,4209,0.6651,9715,0.665,12459,0.6649,3621,0.6648,15007,0.6658,3613,0.6659,7136,0.666,6656,0.6661,2079,0.6662,16675,0.6663,4257,0.6664,8590,0.6665,10493,0.6666,5797,0.6667,7349,-0.0000033687654511,1774152000000
8,5,54,0.6696,0.669,-0.0896,1774137178145,0.6628,146,0.6625,3231.38,0.6623,226.79,0.6622,3233.7,0.662,18.12,0.6619,1202.37,0.6617,1.45,0.6616,2029.01,0.6613,1359.11,0.6611,2029.01,0.663,348.47,0.6631,2384.39,0.6632,355.38,0.6633,1092.04,0.6637,433.8,0.6638,2029.01,0.6641,1877.48,0.6645,2029.01,0.6649,2029.01,0.6651,226.34,0.6648,46,0.6647,10,0.6646,34,0.6645,5561,0.6644,4925,0.6643,10550,0.6642,6770,0.6641,5507,0.664,12484,0.6639,6722,0.6649,2065,0.665,2580,0.6651,2480,0.6652,11452,0.6653,19654,0.6654,20414,0.6655,15886,0.6656,16674,0.6657,6400,0.6658,11492,-0.0000033687654511,1774152000000
8,5,54,0.6698,0.669,-0.1194,1774137178445,0.6628,146,0.6625,3231.38,0.6623,226.79,0.6622,3233.7,0.662,18.12,0.6619,1202.37,0.6617,1.45,0.6616,2029.01,0.6613,1359.11,0.6611,2029.01,0.663,348.47,0.6631,2384.39,0.6632,355.38,0.6633,1092.04,0.6637,433.8,0.6638,2029.01,0.6641,1877.48,0.6645,2029.01,0.6649,2029.01,0.6651,226.34,0.6652,404,0.6651,254,0.665,256,0.6649,430,0.6648,7603,0.6647,7939,0.6646,11246,0.6645,6732,0.6644,13002,0.6643,11945,0.6653,2031,0.6654,176,0.6655,8046,0.6656,16225,0.6657,8736,0.6658,8186,0.6659,9946,0.666,8275,0.6661,5519,0.6662,16161,-0.0000033687654511,1774152000000
8,5,54,0.6698,0.669,-0.1194,1774137178746,0.6617,1.45,0.6616,2029.01,0.6614,226.79,0.6613,1208.13,0.6611,2029.01,0.6605,2029.01,0.6603,1202.37,0.66,1.23,0.6599,2029.01,0.6598,372.2,0.663,436.88,0.6634,2029.01,0.6636,301,0.6637,2029.01,0.6641,1877.48,0.6645,2029.01,0.6647,1202.37,0.6649,2029.01,0.6651,1202.37,0.6652,2029.01,0.6657,2562,0.6656,5161,0.6655,4770,0.6654,2750,0.6653,2,0.6652,4709,0.6651,10428,0.665,6728,0.6649,16758,0.6648,7668,0.6658,1206,0.6659,9400,0.666,7772,0.6661,4165,0.6662,13430,0.6663,5082,0.6664,9074,0.6665,12925,0.6666,5903,0.6667,8264,-0.0000033687654511,1774152000000
8,5,54,0.6698,0.669,-0.1194,1774137179046,0.6627,2029.01,0.6623,443.01,0.6622,2029.01,0.6621,316.35,0.6619,2029.01,0.6617,1.45,0.6616,2029.01,0.6613,5.76,0.6611,2029.01,0.6605,2029.01,0.6632,699.2,0.6634,2038.14,0.6637,2029.01,0.664,1202.37,0.6641,1877.48,0.6644,1202.37,0.6645,2029.01,0.6647,1202.37,0.6649,2031.33,0.6651,1202.37,0.6657,122,0.6656,254,0.6655,916,0.6654,6485,0.6653,7997,0.6652,10916,0.6651,12176,0.665,5748,0.6649,16549,0.6648,4543,0.6658,2452,0.6659,6772,0.666,2132,0.6661,4165,0.6662,17411,0.6663,5082,0.6664,9074,0.6665,10191,0.6666,5935,0.6667,6720,-0.0000033687654511,1774152000000
8,5,54,0.6698,0.669,-0.1194,1774137179347,0.662,22.37,0.6615,438.16,0.6614,3987.26,0.6613,5.76,0.6611,2029.01,0.661,226.58,0.6605,2159.56,0.6603,146,0.66,1.23,0.6599,2029.01,0.6625,764.21,0.6626,754.71,0.6627,2029.01,0.6629,1202.37,0.663,2190.01,0.6633,1202.37,0.6634,1737.14,0.6636,1202.37,0.6637,2029.01,0.664,1202.37,0.6657,1528,0.6656,1282,0.6655,916,0.6654,6485,0.6653,5864,0.6652,10916,0.6651,11210,0.665,5748,0.6649,16549,0.6648,4543,0.6658,1206,0.6659,7618,0.666,1878,0.6661,4887,0.6662,15349,0.6663,5082,0.6664,9074,0.6665,9590,0.6666,5935,0.6667,7320,-0.0000033687654511,1774152000000
8,5,54,0.6698,0.669,-0.1194,1774137179648,0.662,22.37,0.6615,438.16,0.6614,3987.26,0.6613,5.76,0.6611,2029.01,0.661,226.58,0.6605,2159.56,0.6603,146,0.66,1.23,0.6599,2029.01,0.6625,764.21,0.6626,754.71,0.6627,2029.01,0.6629,1202.37,0.663,2190.01,0.6633,1202.37,0.6634,1737.14,0.6636,1202.37,0.6637,2029.01,0.664,1202.37,0.6657,1514,0.6656,1434,0.6655,794,0.6654,6485,0.6653,7216,0.6652,10916,0.6651,11210,0.665,5748,0.6649,16549,0.6648,4543,0.6658,11418,0.6659,7618,0.666,11792,0.6661,4887,0.6662,15601,0.6663,7336,0.6664,8629,0.6665,9590,0.6666,5640,0.6667,8974,-0.0000033687654511,1774152000000
8,5,54,0.6698,0.669,-0.1194,1774137179949,0.6623,425.38,0.6622,141.79,0.6621,2029.01,0.662,355.38,0.6619,9472.53,0.6618,2029.01,0.6615,8717.22,0.6614,2255.59,0.6613,5.76,0.6611,2029.01,0.6629,1084.32,0.6631,2029.01,0.6633,1202.37,0.6634,1737.14,0.6635,8717.22,0.6636,1202.37,0.6637,2029.01,0.664,9919.59,0.6641,1877.48,0.6644,1202.37,0.6653,1309,0.6652,430,0.6651,376,0.665,1245,0.6649,5611,0.6648,16684,0.6647,9502,0.6646,13982,0.6645,5066,0.6644,14827,0.6654,3302,0.6655,1357,0.6656,15925,0.6657,8009,0.6658,16344,0.6659,11840,0.666,15090,0.6661,4524,0.6662,12645,0.6663,7740,-0.0000033687654511,1774152000000
8,5,54,0.6698,0.669,-0.1194,1774137180250,0.6635,2029.01,0.6632,2384.39,0.6629,2029.01,0.6626,10972.81,0.6623,8717.22,0.6622,2029.01,0.6621,1202.37,0.662,90.73,0.6619,8717.22,0.6618,2029.01,0.6644,1202.37,0.6648,1202.37,0.6649,2031.33,0.665,8717.22,0.6652,2029.01,0.6654,1202.37,0.6655,8766.78,0.6657,2029.01,0.666,11948.6,0.6663,2146.5,0.6657,1078,0.6656,1608,0.6655,1757,0.6654,15232,0.6653,11458,0.6652,16450,0.6651,10141,0.665,16409,0.6649,3617,0.6648,17335,0.6658,17,0.6659,2256,0.666,9922,0.6661,4437,0.6662,16499,0.6663,7336,0.6664,8271,0.6665,10430,0.6666,5156,0.6667,9776,-0.0000126762773075,1774152000000
8,5,54,0.6699,0.6695,-0.0597,1774137180550,0.6638,2029.01,0.6636,8717.22,0.6635,2179.66,0.6633,257.09,0.6632,10746.23,0.6631,226.58,0.6629,14096.13,0.6628,1202.37,0.6626,10972.81,0.6623,8717.22,0.6642,1202.37,0.6645,1684.14,0.6648,1202.37,0.6649,2031.33,0.665,8717.22,0.6652,2029.01,0.6654,1202.37,0.6655,8718.67,0.6657,2029.01,0.666,11948.6,0.6669,1281,0.6668,254,0.6667,254,0.6666,1230,0.6665,489,0.6664,933,0.6663,8682,0.6662,8658,0.6661,16327,0.666,7706,0.667,3365,0.6671,6084,0.6672,10176,0.6673,10560,0.6674,12150,0.6675,3566,0.6676,4789,0.6677,14131,0.6678,3630,0.6679,8414,-0.0000126762773075,1774152000000
8,5,54,0.6703,0.6695,-0.1193,1774137180851,0.6648,505.71,0.6644,355.38,0.6643,2029.01,0.6642,8717.22,0.664,3349.9,0.6639,8717.22,0.6638,2029.01,0.6636,8717.22,0.6635,2029.01,0.6634,226.58,0.6649,2.32,0.6655,39.94,0.6657,1202.37,0.666,3231.38,0.6663,2146.5,0.6665,9955.59,0.6666,2030.13,0.6667,70.35,0.6668,2.82,0.6669,61.16,0.667,6837,0.6669,2686,0.6668,982,0.6667,256,0.6666,14452,0.6665,7236,0.6664,5435,0.6663,13478,0.6662,8660,0.6661,14454,0.6671,28,0.6672,8,0.6673,3235,0.6674,5489,0.6675,3566,0.6676,14858,0.6677,10387,0.6678,3630,0.6679,7815,0.668,14598,-0.0000126762773075,1774152000000
8,5,54,0.6703,0.6696,-0.1044,1774137181151,0.666,355.38,0.6655,150.2,0.6653,2235.51,0.6652,12424.6,0.665,1880.13,0.6648,8717.22,0.6647,226.58,0.6645,8717.22,0.6644,355.38,0.6643,2029.01,0.6662,1203.27,0.6663,117.49,0.6665,1238.37,0.6666,1.12,0.6667,70.35,0.6668,2.82,0.6669,1941.29,0.667,8717.22,0.6671,1208.73,0.6672,2030.16,0.667,297,0.6669,122,0.6668,3328,0.6667,6975,0.6666,14452,0.6665,7226,0.6664,3614,0.6663,13478,0.6662,12161,0.6661,14812,0.6672,897,0.6673,983,0.6674,2184,0.6675,6425,0.6676,14862,0.6677,10754,0.6678,3630,0.6679,7815,0.668,11845,0.6681,4365,-0.0000126762773075,1774152000000
8,5,54,0.6703,0.6696,-0.1044,1774137181452,0.6662,355.38,0.6658,1880.13,0.6657,226.58,0.6656,150.16,0.6655,8717.22,0.6653,2235.51,0.6652,12424.6,0.6651,500,0.665,1880.13,0.6648,9073.63,0.6663,95.45,0.6665,1238.37,0.6666,1.12,0.6667,70.35,0.6668,1206.09,0.6669,1941.29,0.667,8717.22,0.6671,1208.73,0.6672,2030.16,0.6673,2,0.6671,5619,0.667,2385,0.6669,10038,0.6668,6367,0.6667,5445,0.6666,14452,0.6665,7165,0.6664,4213,0.6663,13478,0.6662,11562,0.6672,2,0.6673,1237,0.6674,3517,0.6675,6871,0.6676,14862,0.6677,9586,0.6678,3631,0.6679,7815,0.668,11845,0.6681,4365,-0.0000126762773075,1774152000000
8,5,54,0.6706,0.6698,-0.1193,1774137181753,0.667,355.38,0.6664,1880.13,0.6662,12069.22,0.6661,1880.13,0.666,8943.8,0.6658,2106.71,0.6657,226.58,0.6656,1203.27,0.6655,8717.22,0.6653,1880.13,0.6671,6.36,0.6672,1.15,0.6673,2,0.6674,1203.27,0.6676,2.32,0.6677,1202.37,0.6678,2029.01,0.6679,1.4,0.668,8718.28,0.6681,21.85,0.6675,1131,0.6674,3379,0.6673,176,0.6672,3006,0.6671,10534,0.667,4567,0.6669,14203,0.6668,7947,0.6667,5821,0.6666,15051,0.6676,533,0.6677,3301,0.6678,2849,0.6679,7949,0.668,14506,0.6681,5890,0.6682,4826,0.6683,12629,0.6684,3567,0.6685,10568,-0.0000126762773075,1774152000000
8,5,54,0.6707,0.6702,-0.0745,1774137182054,0.6669,8361.84,0.6667,8717.22,0.6665,8717.22,0.6664,1880.13,0.6663,226.58,0.6662,12069.22,0.6661,1880.13,0.666,8943.8,0.6658,2252.63,0.6656,1203.27,0.667,355.38,0.6671,355.38,0.6672,1.15,0.6673,2,0.6676,2.32,0.6679,1.4,0.668,8718.28,0.6681,21.85,0.6683,1209.09,0.6684,2.45,0.667,1265,0.6669,944,0.6668,2299,0.6667,8446,0.6666,4538,0.6665,8035,0.6664,3614,0.6663,13478,0.6662,11785,0.6661,14812,0.6671,3861,0.6672,1742,0.6673,579,0.6674,6513,0.6675,15536,0.6676,4735,0.6677,9153,0.6678,6141,0.6679,6976,0.668,14302,-0.0000126762773075,1774152000000
8,5,54,0.671,0.6706,-0.0596,1774137182354,0.6676,1880.13,0.6674,3353.3,0.6673,9920.49,0.6671,1880.13,0.667,8565.97,0.6668,3083.4,0.6667,8717.22,0.6665,8717.22,0.6664,2106.71,0.6663,1203.27,0.6684,2.45,0.6685,3.84,0.6686,2.27,0.6687,1880.13,0.6689,1203.27,0.669,10746.23,0.6691,1.66,0.6693,1881.58,0.6694,8722.98,0.6695,1203.27,0.667,2836,0.6669,944,0.6668,1323,0.6667,9438,0.6666,4558,0.6665,5730,0.6664,4213,0.6663,13478,0.6662,11427,0.6661,15562,0.6671,436,0.6672,1744,0.6673,613,0.6674,3952,0.6675,17491,0.6676,5710,0.6677,5855,0.6678,6141,0.6679,6170,0.668,16469,-0.0000126762773075,1774152000000
8,5,54,0.6714,0.6711,-0.0447,1774137182654,0.6684,9465.22,0.6683,5233.43,0.6682,1203.27,0.6679,1880.13,0.6678,8717.22,0.6677,1203.27,0.6676,1880.13,0.6673,9920.49,0.6671,1880.13,0.667,8565.97,0.6691,1.66,0.6693,1.45,0.6694,5.76,0.6695,1203.27,0.6696,1880.13,0.6698,392.35,0.6699,8740.52,0.67,5.8,0.6701,1203.27,0.6702,1880.13,0.6671,3979,0.667,18,0.6669,944,0.6668,3016,0.6667,9569,0.6666,12653,0.6665,5730,0.6664,3614,0.6663,15577,0.6662,11427,0.6672,2511,0.6673,613,0.6674,3953,0.6675,17498,0.6676,5710,0.6677,5855,0.6678,6141,0.6679,6170,0.668,16469,0.6681,3924,-0.0000126762773075,1774152000000
8,5,54,0.6716,0.6714,-0.0298,1774137182955,0.6689,1702.13,0.6688,1203.27,0.6687,8717.22,0.6686,1880.13,0.6684,8717.22,0.6683,1880.13,0.6682,1203.27,0.6679,1880.13,0.6678,8717.22,0.6677,1203.27,0.6698,392.35,0.6699,23.3,0.67,5.8,0.6701,1203.27,0.6703,2.32,0.6704,8717.22,0.6707,19.79,0.6708,3083.4,0.671,8718.53,0.6711,2.69,0.6671,3979,0.667,20,0.6669,2839,0.6668,6133,0.6667,11068,0.6666,12653,0.6665,5730,0.6664,7330,0.6663,14978,0.6662,12177,0.6672,2,0.6673,2,0.6674,299,0.6675,17498,0.6676,5710,0.6677,5855,0.6678,6141,0.6679,6170,0.668,16469,0.6681,3924,-0.0000126762773075,1774152000000
8,5,54,0.6719,0.6718,-0.0149,1774137183255,0.6693,2904.8,0.6691,8717.22,0.669,1880.13,0.6688,9920.49,0.6686,1880.13,0.6684,8717.22,0.6683,1880.13,0.6682,1203.27,0.6679,2252.63,0.6678,8717.22,0.6699,23.3,0.67,5.8,0.6703,1205.59,0.6704,8717.22,0.6707,19.79,0.6708,3083.4,0.671,8718.53,0.6711,2.69,0.6714,1881.13,0.6715,1414.14,0.6672,3827,0.6671,8,0.667,20,0.6669,2140,0.6668,7097,0.6667,9092,0.6666,12653,0.6665,6329,0.6664,3614,0.6663,14978,0.6673,1513,0.6674,1642,0.6675,11703,0.6676,5710,0.6677,6879,0.6678,7117,0.6679,6170,0.668,13703,0.6681,3924,0.6682,5184,-0.0000126762773075,1774152000000
8,5,54,0.6724,0.672,-0.0595,1774137183556,0.6693,880.13,0.6692,3355,0.6691,8717.22,0.669,1880.13,0.6688,9920.49,0.6686,1880.13,0.6685,1203.27,0.6684,8717.22,0.6683,1880.13,0.6682,1203.27,0.6697,1949.9,0.6699,23.3,0.67,5.8,0.6703,3085.72,0.6704,8717.22,0.6707,19.79,0.6708,3083.4,0.671,8718.53,0.6711,35.94,0.6714,1881.13,0.6672,4855,0.6671,8,0.667,986,0.6669,2140,0.6668,7127,0.6667,9092,0.6666,12653,0.6665,6329,0.6664,3614,0.6663,14978,0.6673,613,0.6674,1642,0.6675,11703,0.6676,5710,0.6677,6879,0.6678,7118,0.6679,6170,0.668,13703,0.6681,4071,0.6682,5184,-0.0000126762773075,1774152000000
8,5,54,0.6724,0.6719,-0.0744,1774137183856,0.6684,8717.22,0.6683,1880.13,0.6682,1203.27,0.6681,8717.22,0.668,3355,0.6679,1880.13,0.6678,8717.22,0.6677,1203.27,0.6676,1880.13,0.6674,1203.27,0.6693,1880.13,0.6694,1194.92,0.6697,8717.22,0.6698,2626.68,0.6699,23.3,0.67,5.8,0.6703,3085.72,0.6704,8717.22,0.6707,19.79,0.6708,1880.13,0.6668,227,0.6667,138,0.6666,10072,0.6665,3570,0.6664,12293,0.6663,17445,0.6662,14792,0.6661,14454,0.666,10170,0.6659,21695,0.6669,1564,0.667,787,0.6671,12189,0.6672,5644,0.6673,9821,0.6674,7442,0.6675,14827,0.6676,5536,0.6677,6879,0.6678,7476,-0.0000126762773075,1774152000000
8,5,54,0.6724,0.6719,-0.0744,1774137184157,0.6683,1780.13,0.6682,1203.27,0.6681,8717.22,0.668,3355,0.6679,1880.13,0.6678,8717.22,0.6677,1203.27,0.6676,1880.13,0.6674,1203.27,0.6673,8717.22,0.669,1880.13,0.6691,617.88,0.6693,8717.22,0.6695,1880.13,0.6696,1194.92,0.6697,8065.5,0.6698,1880.13,0.6699,23.3,0.67,5.8,0.6703,3085.72,0.6668,4642,0.6667,124,0.6666,4611,0.6665,4368,0.6664,2585,0.6663,7905,0.6662,12222,0.6661,15047,0.666,10170,0.6659,22104,0.6669,2,0.667,178,0.6671,10699,0.6672,7429,0.6673,11087,0.6674,4637,0.6675,16679,0.6676,5894,0.6677,6241,0.6678,5337,-0.0000126762773075,1774152000000
8,5,54,0.6724,0.6726,0.0297,1774137184458,0.668,3255,0.6679,1880.13,0.6678,8717.22,0.6677,1203.27,0.6676,1880.13,0.6674,1203.27,0.6673,8717.22,0.6671,3075.05,0.667,8565.97,0.6668,3075.05,0.6687,1493.92,0.6689,8717.22,0.669,1880.13,0.6691,617.88,0.6693,8717.22,0.6695,1880.13,0.6696,1194.92,0.6697,8065.5,0.6698,1880.13,0.6699,23.3,0.6675,2808,0.6673,1204,0.6672,5474,0.6671,6456,0.667,9217,0.6669,7205,0.6668,12335,0.6667,16122,0.6666,7026,0.6665,7391,0.6676,860,0.6677,1338,0.6678,3173,0.6679,8471,0.668,13983,0.6681,3713,0.6682,10445,0.6683,21020,0.6684,3567,0.6685,18283,-0.0000126762773075,1774152000000
8,5,54,0.6726,0.6726,0.0,1774137184759,0.6668,749.83,0.6659,709.29,0.6656,539.76,0.6655,1.45,0.6653,52,0.6651,500,0.6649,2.32,0.6638,1.66,0.6635,115.33,0.6631,2,0.6681,2179.13,0.6684,1880.13,0.6686,747.92,0.6687,1194.92,0.669,1880.13,0.6693,8717.22,0.6695,1880.13,0.6696,1194.92,0.6697,8065.5,0.6698,1880.13,0.6671,75,0.667,297,0.6669,2508,0.6668,10083,0.6667,14469,0.6666,7026,0.6665,6126,0.6664,12678,0.6663,6037,0.6662,12376,0.6672,1567,0.6673,655,0.6674,2521,0.6675,11945,0.6676,3578,0.6677,6775,0.6678,3627,0.6679,7669,0.668,12203,0.6681,4071,-0.0000126762773075,1774152000000
8,5,54,0.6729,0.6728,-0.0149,1774137185060,0.6675,749.01,0.6661,3356.1,0.666,1194.92,0.6659,315.53,0.6655,1196.37,0.6653,2279.02,0.6651,500,0.6649,521.54,0.6648,1194.92,0.6646,2642.44,0.6678,1880.13,0.6681,1880.13,0.6684,1880.13,0.6687,1194.92,0.669,1880.13,0.6693,73.81,0.6694,1194.92,0.6695,1880.13,0.6698,1880.13,0.6699,23.3,0.6671,1017,0.667,822,0.6669,2681,0.6668,8598,0.6667,6374,0.6666,7026,0.6665,6126,0.6664,4583,0.6663,6037,0.6662,12374,0.6672,11917,0.6673,1767,0.6674,2056,0.6675,11705,0.6676,3578,0.6677,6775,0.6678,6761,0.6679,7669,0.668,12203,0.6681,4071,-0.0000126762773075,1774152000000
8,5,54,0.6732,0.6722,-0.1485,1774137185360,0.6684,1194.92,0.6681,1880.13,0.6679,341.68,0.6678,1880.13,0.6676,1194.92,0.6675,1880.13,0.6673,1194.92,0.6671,1880.13,0.6669,1194.92,0.6666,1944.93,0.6699,23.3,0.67,5.8,0.6703,2.32,0.6707,19.79,0.671,1.31,0.6711,2.69,0.6712,3392.58,0.6714,1,0.6715,210.87,0.6716,393.3,0.6678,3991,0.6677,136,0.6676,493,0.6675,373,0.6674,3132,0.6673,7802,0.6672,9924,0.6671,12277,0.667,12093,0.6669,15478,0.6679,270,0.668,8540,0.6681,3595,0.6682,11605,0.6683,22359,0.6684,3567,0.6685,17683,0.6686,16707,0.6687,7520,0.6688,11134,-0.0000126762773075,1774152000000
8,5,54,0.674,0.6721,-0.2819,1774137185661,0.6683,1194.92,0.6681,1880.13,0.6679,1194.92,0.6678,1880.13,0.6676,1194.92,0.6675,5236.23,0.6673,1194.92,0.6671,1880.13,0.6669,1194.92,0.6667,372.9,0.6692,1880.13,0.6696,746.73,0.6697,1880.13,0.6699,23.3,0.67,5.8,0.6701,1880.13,0.6703,513.56,0.6704,3075.05,0.6707,2412.27,0.671,385.57,0.6679,5221,0.6678,4623,0.6677,139,0.6676,6114,0.6675,5353,0.6674,21289,0.6673,11998,0.6672,6843,0.6671,10091,0.667,12895,0.668,5205,0.6681,3331,0.6682,7154,0.6683,19613,0.6684,4741,0.6685,15549,0.6686,16721,0.6687,10321,0.6688,11148,0.6689,15018,-0.0000126762773075,1774152000000
8,5,54,0.6726,0.6719,-0.1041,1774137185962,0.6687,8717.22,0.6686,1194.92,0.6685,3356.1,0.6684,1880.13,0.6683,1194.92,0.6682,8717.22,0.6681,1880.13,0.6679,1194.92,0.6678,1880.13,0.6677,8717.22,0.6696,1045.72,0.6698,1880.13,0.6699,23.3,0.67,5.8,0.6701,1880.13,0.6702,8717.22,0.6703,2.32,0.6704,3075.05,0.6705,46.22,0.6706,8717.22,0.6673,2286,0.6672,2448,0.6671,1172,0.667,14763,0.6669,8433,0.6668,5016,0.6667,19887,0.6666,8934,0.6665,6153,0.6664,18316,0.6674,268,0.6675,1384,0.6676,566,0.6677,8661,0.6678,9079,0.6679,7205,0.668,16630,0.6681,5736,0.6682,5847,0.6683,12201,-0.0000126762773075,1774152000000
8,5,54,0.6729,0.6719,-0.1486,1774137186263,0.6687,8717.22,0.6686,1194.92,0.6685,3356.1,0.6684,1880.13,0.6683,1194.92,0.6682,8717.22,0.6681,1880.13,0.6679,1194.92,0.6678,1880.13,0.6677,8717.22,0.6696,1045.72,0.6698,1880.13,0.6699,23.3,0.67,5.8,0.6701,1880.13,0.6702,8717.22,0.6703,2.32,0.6704,3075.05,0.6705,46.22,0.6706,8717.22,0.6673,3788,0.6672,2448,0.6671,1637,0.667,20382,0.6669,8433,0.6668,5016,0.6667,19887,0.6666,8934,0.6665,6903,0.6664,18316,0.6674,268,0.6675,1384,0.6676,2065,0.6677,16682,0.6678,9086,0.6679,12824,0.668,16630,0.6681,6094,0.6682,5847,0.6683,12201,-0.0000126762773075,1774152000000
8,5,54,0.6726,0.6712,-0.2081,1774137186563,0.6688,1880.13,0.6687,8717.22,0.6686,1194.92,0.6685,3356.1,0.6684,1880.13,0.6683,1194.92,0.6682,8717.22,0.6681,1880.13,0.6679,1194.92,0.6678,1880.13,0.6695,1880.13,0.6696,1194.92,0.6698,2626.73,0.6699,23.3,0.67,5.8,0.6701,9950.07,0.6703,2.32,0.6704,3075.05,0.6705,46.22,0.6706,8717.22,0.6673,3801,0.6672,2448,0.6671,452,0.667,20401,0.6669,8433,0.6668,5016,0.6667,19288,0.6666,9533,0.6665,6903,0.6664,18316,0.6674,268,0.6675,1384,0.6676,2065,0.6677,16682,0.6678,9086,0.6679,12838,0.668,16630,0.6681,11713,0.6682,5847,0.6683,12201,-0.0000126762773075,1774152000000
8,5,54,0.6725,0.671,-0.223,1774137186864,0.6683,8069.94,0.6682,3075.67,0.6681,3356.9,0.668,8069.94,0.6679,1194.92,0.6678,1880.13,0.6677,8717.22,0.6676,1194.92,0.6673,1194.92,0.6672,8717.22,0.6689,1195.54,0.6691,1880.13,0.6693,8069.94,0.6695,1880.13,0.6696,1194.92,0.6697,8069.94,0.6698,2626.73,0.6699,23.3,0.67,5.8,0.6701,9950.07,0.6672,2315,0.6671,4597,0.667,10864,0.6669,15170,0.6668,6877,0.6667,19887,0.6666,8934,0.6665,5796,0.6664,19816,0.6663,5825,0.6673,625,0.6674,625,0.6675,1742,0.6676,3670,0.6677,19290,0.6678,6946,0.6679,12838,0.668,19448,0.6681,11193,0.6682,5847,-0.0000126762773075,1774152000000
8,5,54,0.6718,0.6713,-0.0744,1774137187165,0.6681,5237.03,0.668,8069.94,0.6679,1194.92,0.6678,1880.13,0.6677,8717.22,0.6676,1194.92,0.6673,1194.92,0.6672,8717.22,0.6671,1880.13,0.6669,1194.92,0.6688,1880.13,0.6689,1494.54,0.6691,1880.13,0.6693,8069.94,0.6695,1880.13,0.6696,1194.92,0.6697,8069.94,0.6698,2626.73,0.6699,23.3,0.67,5.8,0.6672,2317,0.6671,5243,0.667,10864,0.6669,14052,0.6668,6898,0.6667,19288,0.6666,9533,0.6665,5796,0.6664,19816,0.6663,5825,0.6673,16,0.6674,14,0.6675,1742,0.6676,2335,0.6677,20747,0.6678,6796,0.6679,12838,0.668,16988,0.6681,11046,0.6682,5847,-0.0000126762773075,1774152000000
8,5,54,0.6719,0.6717,-0.0298,1774137187466,0.6681,3356.9,0.6679,1194.92,0.6678,1880.13,0.6677,8717.22,0.6676,1194.92,0.6673,1194.92,0.6672,8717.22,0.6671,1880.13,0.6669,1194.92,0.6668,1880.13,0.6688,2179.13,0.6689,1195.54,0.6691,1880.13,0.6693,8069.94,0.6695,1880.13,0.6696,1194.92,0.6697,8069.94,0.6698,2626.73,0.6699,23.3,0.67,5.8,0.6673,4877,0.6672,541,0.6671,3662,0.667,13001,0.6669,15005,0.6668,6877,0.6667,19288,0.6666,9533,0.6665,5796,0.6664,19816,0.6674,14,0.6675,1131,0.6676,2335,0.6677,20747,0.6678,6796,0.6679,12838,0.668,16988,0.6681,11046,0.6682,5847,0.6683,20574,-0.0000126762773075,1774152000000
8,5,54,0.6724,0.6714,-0.1487,1774137187766,0.6681,3356.9,0.6679,1194.92,0.6678,1880.13,0.6677,8717.22,0.6676,1194.92,0.6673,1194.92,0.6672,8717.22,0.6671,1880.13,0.6669,1194.92,0.6668,1880.13,0.6688,1880.13,0.6689,1195.54,0.6691,1880.13,0.6693,8069.94,0.6695,1880.13,0.6696,1194.92,0.6697,8069.94,0.6698,2626.73,0.6699,23.3,0.67,5.8,0.6673,3253,0.6672,541,0.6671,3637,0.667,13001,0.6669,15938,0.6668,5657,0.6667,19288,0.6666,9533,0.6665,6546,0.6664,19816,0.6674,14,0.6675,445,0.6676,2335,0.6677,20747,0.6678,7702,0.6679,12838,0.668,16988,0.6681,11046,0.6682,5848,0.6683,20574,-0.0000126762773075,1774152000000
8,5,54,0.6723,0.6711,-0.1785,1774137188067,0.6681,3356.9,0.6679,1194.92,0.6678,1880.13,0.6677,8717.22,0.6676,1194.92,0.6673,1194.92,0.6672,8717.22,0.6671,1880.13,0.6669,1194.92,0.6668,1880.13,0.6688,1880.13,0.6689,1195.54,0.6691,1880.13,0.6693,8069.94,0.6695,1880.13,0.6696,1194.92,0.6697,8069.94,0.6698,2626.73,0.6699,23.3,0.67,5.8,0.6672,59,0.6671,2673,0.667,3383,0.6669,4398,0.6668,8969,0.6667,16215,0.6666,8934,0.6665,6395,0.6664,20462,0.6663,5075,0.6673,3336,0.6674,10175,0.6675,10615,0.6676,4098,0.6677,21431,0.6678,4657,0.6679,13196,0.668,16988,0.6681,11046,0.6682,5848,-0.0000126762773075,1774152000000
8,5,54,0.6726,0.6714,-0.1784,1774137188367,0.6681,2826.73,0.6678,2380.13,0.6677,8717.22,0.6676,1194.92,0.6673,1194.92,0.6672,8717.22,0.6671,1880.13,0.6669,1194.92,0.6668,1880.13,0.6667,9090.12,0.6688,2179.13,0.6692,1880.13,0.6693,8069.94,0.6694,342.56,0.6695,1880.13,0.6696,1194.92,0.6697,8069.94,0.6698,1880.13,0.6699,23.3,0.67,5.8,0.6671,1530,0.667,1159,0.6669,3424,0.6668,8932,0.6667,16321,0.6666,8934,0.6665,6396,0.6664,20462,0.6663,5075,0.6662,17164,0.6672,932,0.6673,1416,0.6674,8717,0.6675,10875,0.6676,5265,0.6677,21424,0.6678,6157,0.6679,15996,0.668,16988,0.6681,11046,-0.0000126762773075,1774152000000
8,5,54,0.6727,0.6718,-0.1338,1774137188668,0.6682,8069.94,0.6681,2826.73,0.6679,1195.54,0.6678,2380.13,0.6677,8717.22,0.6676,1194.92,0.6673,1194.92,0.6672,8717.22,0.6671,1880.13,0.6669,1194.92,0.6688,2179.13,0.6692,1880.13,0.6693,8069.94,0.6695,1880.13,0.6696,1194.92,0.6697,8069.94,0.6698,1880.13,0.6699,23.3,0.67,5.8,0.6701,9950.07,0.6671,630,0.667,1159,0.6669,3425,0.6668,8932,0.6667,16321,0.6666,9533,0.6665,5797,0.6664,20462,0.6663,5075,0.6662,16414,0.6672,1543,0.6673,4576,0.6674,10175,0.6675,10875,0.6676,5266,0.6677,21424,0.6678,6157,0.6679,15996,0.668,16988,0.6681,11046,-0.0000126762773075,1774152000000
8,5,54,0.6727,0.6716,-0.1635,1774137188969,0.6686,1880.13,0.6685,8069.94,0.6683,3575.67,0.6682,8069.94,0.6681,2826.73,0.6679,1195.54,0.6678,2380.13,0.6677,8717.22,0.6676,1194.92,0.6673,1194.92,0.6691,598,0.6695,1880.13,0.6696,1194.92,0.6697,8069.94,0.6698,1880.13,0.6699,23.3,0.67,5.8,0.6701,9950.07,0.6703,1197.86,0.6704,1918.5,0.6671,267,0.667,1159,0.6669,3425,0.6668,8932,0.6667,16321,0.6666,9533,0.6665,5797,0.6664,20462,0.6663,5075,0.6662,16414,0.6672,1665,0.6673,7533,0.6674,8717,0.6675,10875,0.6676,5266,0.6677,21424,0.6678,6157,0.6679,15996,0.668,16988,0.6681,11046,-0.0000126762773075,1774152000000
8,5,54,0.6727,0.6716,-0.1635,1774137189269,0.6686,3576.3,0.6685,8069.94,0.6684,145.94,0.6683,3575.67,0.6682,8069.94,0.6681,2826.73,0.6679,1195.54,0.6678,2380.13,0.6677,8717.22,0.6676,1194.92,0.6694,1344.95,0.6695,1880.13,0.6696,1194.92,0.6697,8069.94,0.6698,1880.13,0.6699,23.3,0.67,5.8,0.6701,9950.07,0.6703,1197.86,0.6704,1918.5,0.6669,104,0.6668,18,0.6667,2246,0.6666,4308,0.6665,5233,0.6664,21981,0.6663,5815,0.6662,16580,0.6661,14974,0.666,10656,0.667,12255,0.6671,11988,0.6672,2249,0.6673,11556,0.6674,14153,0.6675,10693,0.6676,8251,0.6677,18720,0.6678,6393,0.6679,15822,-0.0000126762773075,1774152000000
8,5,54,0.6729,0.6716,-0.1932,1774137189570,0.6684,3299.72,0.6682,1345.76,0.6681,4706.86,0.668,10822.9,0.6679,1195.54,0.6678,2380.13,0.6677,8717.22,0.6676,1194.92,0.6673,1194.92,0.6672,8717.22,0.6691,7476.08,0.6692,1880.13,0.6694,8223.03,0.6695,1880.13,0.6696,1194.92,0.6697,8069.94,0.6698,1880.13,0.6699,23.3,0.67,5.8,0.6701,9950.07,0.6669,2294,0.6668,371,0.6667,5050,0.6666,2173,0.6665,7185,0.6664,23556,0.6663,5216,0.6662,16580,0.6661,17224,0.666,10656,0.667,4496,0.6671,9401,0.6672,3582,0.6673,11556,0.6674,14163,0.6675,10693,0.6676,8251,0.6677,20220,0.6678,6393,0.6679,15822,-0.0000126762773075,1774152000000
8,5,54,0.6729,0.6717,-0.1783,1774137189871,0.6684,3299.72,0.6682,1196.17,0.6681,4706.86,0.668,10791.48,0.6679,1195.54,0.6678,2380.13,0.6677,8717.22,0.6676,1194.92,0.6673,1194.92,0.6672,8717.22,0.6689,1880.13,0.6691,7476.08,0.6692,1880.13,0.6694,8223.03,0.6695,1880.13,0.6696,1194.92,0.6697,8069.94,0.6698,1880.13,0.6699,23.3,0.67,5.8,0.6669,2296,0.6668,373,0.6667,5050,0.6666,9884,0.6665,7238,0.6664,22623,0.6663,5216,0.6662,16580,0.6661,17224,0.666,10656,0.667,932,0.6671,7901,0.6672,4315,0.6673,11556,0.6674,14163,0.6675,10693,0.6676,5791,0.6677,20220,0.6678,6393,0.6679,15822,-0.0000126762773075,1774152000000
8,5,54,0.6729,0.6717,-0.1783,1774137190171,0.6684,3299.72,0.6681,4706.86,0.668,10791.48,0.6679,1195.54,0.6678,2380.13,0.6677,8717.22,0.6676,1194.92,0.6673,1194.92,0.6672,8717.22,0.6671,1880.13,0.6689,500,0.6691,7476.08,0.6692,1880.13,0.6694,8223.03,0.6695,1880.13,0.6696,1194.92,0.6697,8069.94,0.6698,1880.13,0.6699,23.3,0.67,5.8,0.6674,4783,0.6673,188,0.6672,4238,0.6671,9922,0.667,14104,0.6669,5572,0.6668,13850,0.6667,16245,0.6666,9908,0.6665,7396,0.6675,609,0.6676,995,0.6677,12203,0.6678,7194,0.6679,13136,0.668,17171,0.6681,11046,0.6682,9164,0.6683,20722,0.6684,5418,-0.0000126762773075,1774152000000
8,5,54,0.6729,0.6718,-0.1635,1774137190472,0.6678,1880.13,0.6676,4552.52,0.6675,11335.68,0.6673,1194.92,0.6672,8717.22,0.6671,1880.13,0.667,3315.2,0.6669,1194.92,0.6668,1880.13,0.6667,9090.12,0.6687,7775.08,0.6688,3076.3,0.6689,299,0.6691,7476.08,0.6692,1880.13,0.6694,8223.03,0.6695,1880.13,0.6696,1194.92,0.6697,8069.94,0.6698,1880.13,0.6674,5051,0.6673,2310,0.6672,2892,0.6671,18616,0.667,13235,0.6669,4685,0.6668,12917,0.6667,14336,0.6666,9908,0.6665,7396,0.6675,611,0.6676,995,0.6677,10947,0.6678,7194,0.6679,14308,0.668,17171,0.6681,11046,0.6682,7942,0.6683,22222,0.6684,4180,-0.0000126762773075,1774152000000
8,5,54,0.6729,0.6718,-0.1635,1774137190773,0.6678,1880.13,0.6676,3357.6,0.6675,3859.6,0.6673,1194.92,0.6671,1880.13,0.667,10791.28,0.6669,1194.92,0.6668,1880.13,0.6667,9090.12,0.6665,1880.13,0.6683,1047.16,0.6684,7476.08,0.6687,7476.08,0.6688,3076.3,0.6689,299,0.6691,7476.08,0.6692,1880.13,0.6694,7476.08,0.6695,1880.13,0.6696,1194.92,0.6675,4783,0.6674,2355,0.6673,445,0.6672,14964,0.6671,19789,0.667,13017,0.6669,4920,0.6668,12727,0.6667,14336,0.6666,9908,0.6676,1684,0.6677,8902,0.6678,6473,0.6679,14308,0.668,16718,0.6681,11046,0.6682,7942,0.6683,22222,0.6684,4180,0.6685,16348,-0.0000126762773075,1774152000000
8,5,54,0.6729,0.6718,-0.1635,1774137191074,0.6677,1880.13,0.6676,3357.6,0.6675,3859.6,0.6674,7476.08,0.6673,1194.92,0.6671,1880.13,0.667,10791.28,0.6669,1194.92,0.6668,1880.13,0.6667,9090.12,0.6683,2927.29,0.6687,7476.08,0.6688,3076.3,0.6689,299,0.6691,7476.08,0.6692,1880.13,0.6694,7476.08,0.6695,1880.13,0.6696,1194.92,0.6697,8069.94,0.6668,3209,0.6667,2246,0.6666,16,0.6665,298,0.6664,21980,0.6663,4569,0.6662,16580,0.6661,14468,0.666,11848,0.6659,22004,0.6669,1446,0.667,767,0.6671,12244,0.6672,11220,0.6673,6606,0.6674,18852,0.6675,4763,0.6676,10354,0.6677,11720,0.6678,9945,-0.0000126762773075,1774152000000
8,5,54,0.6736,0.6721,-0.2227,1774137191374,0.6675,3859.6,0.6672,3357.9,0.6671,1880.13,0.667,10791.28,0.6669,1194.92,0.6668,1880.13,0.6667,8717.22,0.6665,1880.13,0.6663,1196.17,0.6662,10597.35,0.668,2243.68,0.6682,7476.08,0.6683,1880.13,0.6687,7476.08,0.6688,3076.3,0.6689,299,0.6691,7476.08,0.6692,1880.13,0.6693,1198.05,0.6694,7476.08,0.6669,5914,0.6668,5438,0.6667,2398,0.6666,5288,0.6665,10092,0.6664,15111,0.6663,5546,0.6662,16580,0.6661,14468,0.666,11951,0.667,16,0.6671,12616,0.6672,14537,0.6673,6615,0.6674,19298,0.6675,7993,0.6676,13024,0.6677,20636,0.6678,7247,0.6679,13023,-0.0000126762773075,1774152000000
8,5,54,0.6736,0.6724,-0.1781,1774137191674,0.6675,3325.68,0.6672,3357.9,0.6671,1880.13,0.667,10791.28,0.6669,1194.92,0.6668,1880.13,0.6667,8717.22,0.6665,1880.13,0.6663,1196.17,0.6662,10597.35,0.6678,1880.13,0.6679,7476.08,0.668,2243.68,0.6682,7476.08,0.6683,1880.13,0.6687,7476.08,0.6688,3076.3,0.6689,299,0.6691,7476.08,0.6692,1880.13,0.6668,5438,0.6667,2398,0.6666,4244,0.6665,4116,0.6664,14129,0.6663,4569,0.6662,16580,0.6661,15067,0.666,10542,0.6659,21562,0.6669,1841,0.667,1515,0.6671,11010,0.6672,16554,0.6673,9553,0.6674,19298,0.6675,7993,0.6676,13024,0.6677,20636,0.6678,6648,-0.0000126762773075,1774152000000
8,5,54,0.6734,0.6725,-0.1337,1774137191975,0.6672,7243.6,0.6671,1880.13,0.667,3315.2,0.6669,1194.92,0.6668,1880.13,0.6667,8717.22,0.6665,1889.7,0.6663,1196.17,0.6662,10597.35,0.6659,373.1,0.6678,1880.13,0.6679,7476.08,0.668,1944.68,0.6682,7476.08,0.6683,1880.13,0.6687,7476.08,0.6688,3076.3,0.6689,299,0.6691,7476.08,0.6692,5238.33,0.6668,5440,0.6667,2398,0.6666,4244,0.6665,11309,0.6664,14123,0.6663,4569,0.6662,16580,0.6661,15067,0.666,12042,0.6659,22312,0.6669,1843,0.667,1769,0.6671,9679,0.6672,16554,0.6673,8391,0.6674,19298,0.6675,10808,0.6676,13025,0.6677,20636,0.6678,6648,-0.0000126762773075,1774152000000
8,5,54,0.6734,0.6723,-0.1634,1774137192276,0.6672,7243.6,0.6671,1880.13,0.667,3315.2,0.6669,1194.92,0.6668,1880.13,0.6667,8865.29,0.6665,1880.13,0.6663,1196.17,0.6662,10597.35,0.6659,373.1,0.6678,2179.13,0.6679,7476.08,0.668,1944.68,0.6682,7476.08,0.6683,1880.13,0.6687,7476.08,0.6688,3076.3,0.6689,299,0.6691,7476.08,0.6692,5238.33,0.6669,5593,0.6668,2668,0.6667,173,0.6666,11817,0.6665,12787,0.6664,13146,0.6663,4569,0.6662,16580,0.6661,15714,0.666,12042,0.667,1556,0.6671,9869,0.6672,15054,0.6673,8391,0.6674,19298,0.6675,10808,0.6676,13025,0.6677,20636,0.6678,6648,0.6679,13622,-0.0000126762773075,1774152000000
8,5,54,0.6734,0.6723,-0.1634,1774137192577,0.6669,9710.21,0.6668,3450.7,0.6666,5056.25,0.6665,9356.21,0.6663,4510.17,0.6662,10597.35,0.6658,1196.17,0.6657,9950.07,0.6655,1.45,0.6653,3082.06,0.6674,1198.05,0.6675,7476.08,0.6678,1880.13,0.6679,7476.08,0.668,1944.68,0.6682,7476.08,0.6683,1880.13,0.6687,7476.08,0.6688,8458.9,0.6689,299,0.6673,5646,0.6672,1516,0.6671,2904,0.667,9557,0.6669,7595,0.6668,23658,0.6667,4446,0.6666,10921,0.6665,15056,0.6664,12079,0.6674,16,0.6675,445,0.6676,1910,0.6677,16517,0.6678,6000,0.6679,13023,0.668,17134,0.6681,9188,0.6682,9913,0.6683,17462,-0.0000126762773075,1774152000000
