spot_source_id,fut_source_id,symbol_id,ask_spot,bid_futures,spread_pct,ts,s_b1,s_b2,s_b3,s_b4,s_b5,s_b6,s_b7,s_b8,s_b9,s_b10,s_bq1,s_bq2,s_bq3,s_bq4,s_bq5,s_bq6,s_bq7,s_bq8,s_bq9,s_bq10,s_a1,s_a2,s_a3,s_a4,s_a5,s_a6,s_a7,s_a8,s_a9,s_a10,s_aq1,s_aq2,s_aq3,s_aq4,s_aq5,s_aq6,s_aq7,s_aq8,s_aq9,s_aq10,f_b1,f_b2,f_b3,f_b4,f_b5,f_b6,f_b7,f_b8,f_b9,f_b10,f_bq1,f_bq2,f_bq3,f_bq4,f_bq5,f_bq6,f_bq7,f_bq8,f_bq9,f_bq10,f_a1,f_a2,f_a3,f_a4,f_a5,f_a6,f_a7,f_a8,f_a9,f_a10,f_aq1,f_aq2,f_aq3,f_aq4,f_aq5,f_aq6,f_aq7,f_aq8,f_aq9,f_aq10,fr_r,fr_ft
8,5,350,0.01312,0.01312,0.0,1774137104000,0.0131,95.85,0.01308,148546.22,0.01306,134462.67,0.01305,403214.37,0.01304,164672.18,0.01303,81970.08,0.01302,72037.2,0.01301,87779.04,0.013,71370.29,0.01298,249805.71,0.01312,65483.67,0.01313,88712.88,0.01314,61880.81,0.01315,87779.04,0.01317,148592.41,0.01319,60698.02,0.0132,87779.04,0.01321,67157.8,0.01322,97870.61,0.01324,130121.39,0.01312,1,0.01311,487,0.0131,1126,0.01309,759,0.01308,984,0.01307,487,0.01306,1068,0.01305,1077,0.01304,2469,0.01303,46,0.01313,8,0.01314,145,0.01315,445,0.01316,1136,0.01317,484,0.01318,1207,0.01319,1259,0.0132,988,0.01321,484,0.01322,1415,,
8,5,350,0.0131,0.01299,-0.8397,1774137105000,0.01306,90349.04,0.01305,403214.37,0.01304,164672.18,0.01303,85665.39,0.01302,72037.2,0.01301,87779.04,0.013,71370.29,0.01298,248099.46,0.01297,85905.57,0.01296,194414.46,0.01311,4483.11,0.01312,65483.67,0.01313,88712.88,0.01314,61880.81,0.01315,87779.04,0.01317,148592.41,0.01319,60698.02,0.0132,87779.04,0.01321,67157.8,0.01322,127511.02,0.0131,16,0.01309,137,0.01308,1060,0.01307,751,0.01306,1382,0.01305,1037,0.01304,1456,0.01303,136,0.01302,1318,0.01301,1216,0.01311,8,0.01312,95,0.01313,490,0.01314,1039,0.01315,602,0.01316,1903,0.01317,484,0.01318,1020,0.01319,501,0.0132,1338,,
8,5,350,0.01291,0.0129,-0.0775,1774137106000,0.01306,62706.95,0.01304,71144.68,0.01303,173444.43,0.01302,271733.24,0.01301,87779.04,0.013,259212.23,0.01298,318312.22,0.01297,84199.32,0.01296,194414.46,0.01295,87779.04,0.0131,87779.04,0.01312,62911.11,0.01313,87779.04,0.01314,60929.16,0.01315,87779.04,0.01317,148592.41,0.01319,60698.02,0.0132,87779.04,0.01321,67157.8,0.01322,127511.02,0.0129,247,0.01289,117,0.01288,399,0.01287,247,0.01286,108,0.01285,92,0.01284,984,0.01283,99,0.01282,984,0.01281,35,0.01292,394,0.01293,68,0.01294,450,0.01295,959,0.01296,1231,0.01297,959,0.01298,513,0.01299,1000,0.013,503,0.01301,924,,
8,5,350,0.01293,0.01293,0.0,1774137107000,0.01306,62706.95,0.01304,71186.04,0.01303,173444.43,0.01302,271733.24,0.01301,87779.04,0.013,259212.23,0.01298,318312.22,0.01297,84199.32,0.01296,194414.46,0.01295,87779.04,0.0131,87779.04,0.01312,62901.01,0.01313,87779.04,0.01314,60929.16,0.01315,87779.04,0.01317,148592.41,0.01319,60698.02,0.0132,87779.04,0.01321,67157.8,0.01322,127511.02,0.01294,46,0.01293,546,0.01292,983,0.01291,623,0.0129,1311,0.01289,528,0.01288,1003,0.01287,512,0.01286,1000,0.01285,477,0.01296,2,0.01297,900,0.01298,454,0.01299,1080,0.013,1272,0.01301,924,0.01302,502,0.01303,60,0.01304,2574,0.01305,32,,
8,5,350,0.01292,0.01293,0.0774,1774137108000,0.0129,3956.14,0.01289,2515.67,0.01288,3987.86,0.01287,4458.69,0.01286,4431.31,0.01285,4431.31,0.01284,326508.06,0.01283,247484.66,0.0128,47000.38,0.01279,82066.86,0.01294,3878.36,0.01295,1018.28,0.01296,4344.22,0.01297,2680.25,0.01298,5042.94,0.01299,1096.78,0.01302,3890.06,0.01303,4370.78,0.01307,63075,0.01308,28908.55,0.01293,59,0.01292,349,0.01291,647,0.0129,1025,0.01289,528,0.01288,1003,0.01287,512,0.01286,1000,0.01285,436,0.01284,934,0.01295,892,0.01296,10,0.01297,957,0.01298,1335,0.01299,1098,0.013,503,0.01301,924,0.01302,462,0.01303,60,0.01304,2574,,
8,5,350,0.01294,0.01295,0.0773,1774137109000,0.01285,3897.89,0.01283,2322.89,0.01282,61302.68,0.0128,183075.09,0.01279,157750.75,0.01278,332364.39,0.01277,163975.33,0.01276,126227.91,0.01275,154582.06,0.01274,181519.84,0.0129,87779.04,0.01291,61302.68,0.01292,87779.04,0.01293,61302.68,0.01294,87779.04,0.01296,61302.68,0.01297,87779.04,0.013,154062.93,0.01303,92149.82,0.01304,61302.68,0.01295,2,0.01294,94,0.01293,594,0.01292,1192,0.01291,698,0.0129,999,0.01289,546,0.01288,984,0.01287,503,0.01286,949,0.01297,950,0.01298,1382,0.01299,1094,0.013,505,0.01301,974,0.01302,512,0.01303,146,0.01304,2623,0.01305,100,0.01306,510,,
8,5,350,0.01294,0.01294,0.0,1774137110000,0.01287,4388.33,0.01286,12191.27,0.01285,97714.09,0.01284,62263.13,0.01283,94689.6,0.01282,61302.68,0.01281,93312.6,0.0128,183075.09,0.01279,251063.35,0.01278,244585.35,0.01291,62247.36,0.01292,88730.69,0.01293,61302.68,0.01294,87779.04,0.01296,61302.68,0.01297,95894.84,0.01298,8907.2,0.01299,6292.27,0.013,161436.74,0.01303,97683.38,0.01294,167,0.01293,538,0.01292,1268,0.01291,698,0.0129,999,0.01289,546,0.01288,984,0.01287,503,0.01286,999,0.01285,68,0.01296,10,0.01297,900,0.01298,617,0.01299,1131,0.013,1313,0.01301,974,0.01302,512,0.01303,110,0.01304,2659,0.01305,100,,
8,5,350,0.01293,0.01293,0.0,1774137111000,0.01291,3904.83,0.0129,4347.67,0.01289,97692.1,0.01288,62208.39,0.01287,93312.6,0.01286,62208.39,0.01285,165349.07,0.01284,164342.19,0.01283,164902.36,0.01282,354007.83,0.01294,157418.6,0.01296,61302.68,0.01297,87779.04,0.013,149081.72,0.01302,62208.39,0.01303,93312.6,0.01304,74405.23,0.01306,93312.6,0.01307,17156.35,0.01308,4370.78,0.01294,64,0.01293,178,0.01292,1306,0.01291,621,0.0129,999,0.01289,546,0.01288,984,0.01287,503,0.01286,999,0.01285,68,0.01296,435,0.01297,124,0.01298,607,0.01299,1135,0.013,1313,0.01301,974,0.01302,512,0.01303,110,0.01304,2623,0.01305,100,,
8,5,350,0.01292,0.01293,0.0774,1774137112000,0.01289,4322.48,0.01288,61895.55,0.01287,93312.6,0.01286,63152.03,0.01285,165349.07,0.01284,164342.19,0.01283,164902.36,0.01282,354007.83,0.01281,188145.42,0.0128,121772.41,0.01293,94314.18,0.01294,63160.04,0.01295,93312.6,0.01296,61302.68,0.01298,93312.6,0.013,149081.72,0.01302,62208.39,0.01303,102188.34,0.01304,13102.55,0.01305,70011.35,0.01293,91,0.01292,138,0.01291,637,0.0129,1309,0.01289,618,0.01288,984,0.01287,550,0.01286,999,0.01285,112,0.01284,1330,0.01295,975,0.01296,485,0.01297,1066,0.01298,607,0.01299,1904,0.013,544,0.01301,974,0.01302,512,0.01303,110,0.01304,2623,,
8,5,350,0.01297,0.01297,0.0,1774137113000,0.01291,3758.5,0.0129,4227.51,0.01289,4153.98,0.01288,93312.6,0.01286,61895.55,0.01285,93312.6,0.01284,61895.55,0.01283,242409.95,0.01282,354007.83,0.01281,94832.82,0.01293,933.85,0.01294,62208.39,0.01295,951.65,0.01296,154615.28,0.01298,93312.6,0.013,149081.72,0.01302,61895.55,0.01303,102188.34,0.01304,15128.36,0.01305,73727.17,0.01297,6,0.01296,140,0.01295,572,0.01294,1058,0.01293,610,0.01292,999,0.01291,637,0.0129,999,0.01289,524,0.01288,934,0.01298,75,0.01299,199,0.013,544,0.01301,1346,0.01302,1280,0.01303,118,0.01304,2623,0.01305,100,0.01306,497,0.01307,930,,
8,5,350,0.01297,0.01297,0.0,1774137114000,0.01291,3696.01,0.0129,93312.6,0.01289,61967.46,0.01288,93312.6,0.01286,62843.23,0.01285,98210.66,0.01284,134843.87,0.01283,242409.95,0.01282,354007.83,0.01281,94832.82,0.01294,33805.82,0.01296,154615.28,0.01298,93312.6,0.013,149081.72,0.01302,61895.55,0.01303,102188.34,0.01304,15128.36,0.01305,73727.17,0.01306,93312.6,0.01307,23429.16,0.01297,6,0.01296,141,0.01295,605,0.01294,981,0.01293,541,0.01292,974,0.01291,637,0.0129,999,0.01289,524,0.01288,934,0.01299,184,0.013,484,0.01301,1751,0.01302,850,0.01303,1258,0.01304,2617,0.01305,109,0.01306,497,0.01307,930,0.01308,436,,
8,5,350,0.01296,0.01296,0.0,1774137115000,0.01291,3684.2,0.0129,4115.97,0.01289,61967.46,0.01288,93312.6,0.01286,143998.24,0.01285,98210.66,0.01284,217822.59,0.01283,242409.95,0.01282,354007.83,0.0128,140312.98,0.01293,94244.22,0.01294,32801.49,0.01295,93312.6,0.01296,61302.68,0.01297,93312.6,0.013,149081.72,0.01302,61895.55,0.01303,102188.34,0.01304,15128.36,0.01305,11831.62,0.01296,137,0.01295,602,0.01294,1058,0.01293,765,0.01292,974,0.01291,637,0.0129,999,0.01289,524,0.01288,984,0.01287,500,0.01298,9,0.01299,976,0.013,484,0.01301,924,0.01302,1319,0.01303,118,0.01304,2617,0.01305,109,0.01306,497,0.01307,930,,
8,5,350,0.01295,0.01296,0.0772,1774137117000,0.01289,7858.29,0.01288,66195.93,0.01287,93312.6,0.01286,61895.55,0.01284,261895.08,0.01283,149097.35,0.01282,352336.69,0.01281,175987.83,0.0128,140312.98,0.01278,166409.66,0.01292,62882.84,0.01293,94264.25,0.01294,61895.55,0.01295,93312.6,0.01296,61302.68,0.01297,93312.6,0.013,149081.72,0.01302,5192.63,0.01303,96995.71,0.01304,15128.36,0.01296,7,0.01295,169,0.01294,981,0.01293,842,0.01292,974,0.01291,637,0.0129,999,0.01289,524,0.01288,984,0.01287,500,0.01298,542,0.01299,1005,0.013,484,0.01301,1692,0.01302,551,0.01303,118,0.01304,2617,0.01305,109,0.01306,497,0.01307,930,,
8,5,350,0.01278,0.01282,0.313,1774137118000,0.01293,4248.45,0.01292,65719.56,0.01291,93312.6,0.0129,63028.99,0.01289,93312.6,0.01288,62063.61,0.01287,93312.6,0.01286,61895.55,0.01284,199999.53,0.01283,149097.35,0.01297,94309.05,0.01298,61895.55,0.013,149081.72,0.01302,70179.41,0.01303,93312.6,0.01304,22934.81,0.01305,65611.37,0.01306,93312.6,0.01307,17156.35,0.01308,4370.78,0.01281,68,0.0128,82,0.01279,1064,0.01278,517,0.01277,995,0.01276,514,0.01275,994,0.01274,517,0.01273,995,0.01272,41,0.01283,433,0.01284,11,0.01285,1295,0.01286,99,0.01287,982,0.01288,100,0.01289,1626,0.0129,101,0.01291,1428,0.01292,103,,
8,5,350,0.01277,0.01279,0.1566,1774137119000,0.01293,4236.63,0.01292,155208.15,0.0129,63064.35,0.01289,93312.6,0.01288,112427.77,0.01287,215072.11,0.01286,61895.55,0.01285,128400.94,0.01284,199999.53,0.01283,1377,0.01297,94297.81,0.01298,61895.55,0.013,149081.72,0.01302,62063.61,0.01303,101428.4,0.01304,7334.02,0.01305,75193.9,0.01306,104748.56,0.01307,7705.01,0.01309,93312.6,0.01277,2,0.01276,261,0.01275,994,0.01274,84,0.01273,995,0.01272,91,0.01271,544,0.0127,1002,0.01269,545,0.01268,1733,0.0128,386,0.01281,549,0.01282,90,0.01283,1584,0.01284,907,0.01285,2090,0.01286,108,0.01287,982,0.01288,100,0.01289,1428,,
8,5,350,0.01277,0.01276,-0.0783,1774137120000,0.01293,3899.09,0.01292,61895.55,0.01291,93312.6,0.0129,63059.17,0.01289,93312.6,0.01288,112427.77,0.01287,215072.11,0.01286,61895.55,0.01285,128400.94,0.01284,199999.53,0.01296,61776.06,0.01297,93312.6,0.01298,61895.55,0.013,149081.72,0.01302,62063.61,0.01303,101428.4,0.01304,7334.02,0.01305,16981.46,0.01306,109119.34,0.01307,7705.01,0.01275,1130,0.01274,350,0.01273,989,0.01272,105,0.01271,606,0.0127,988,0.01269,541,0.01268,991,0.01267,894,0.01266,1378,0.01277,2,0.01278,146,0.01279,153,0.0128,103,0.01281,1573,0.01282,104,0.01283,2361,0.01284,106,0.01285,1690,0.01286,58,0.0000500000000000,1774152000000
8,5,350,0.01277,0.01278,0.0783,1774137121000,0.01292,3907.12,0.01291,97567.99,0.0129,62063.61,0.01289,94284.86,0.01288,62063.61,0.01287,260455.2,0.01286,61895.55,0.01285,128400.94,0.01284,199999.53,0.01283,1377,0.01295,93312.6,0.01296,62756.43,0.01297,93312.6,0.01298,61895.55,0.013,149081.72,0.01302,62063.61,0.01303,101428.4,0.01304,7334.02,0.01305,16981.46,0.01306,109119.34,0.01278,9,0.01277,165,0.01276,729,0.01275,1091,0.01274,742,0.01273,987,0.01272,637,0.01271,108,0.0127,938,0.01269,592,0.01281,545,0.01282,99,0.01283,1564,0.01284,883,0.01285,1505,0.01286,103,0.01287,1017,0.01288,100,0.01289,1370,0.0129,86,0.0000500000000000,1774152000000
8,5,350,0.01279,0.0128,0.0782,1774137122000,,,,,,,,,,,,,,,,,,,,,,,,,,,,,,,,,,,,,,,,,0.01275,971,0.01274,620,0.01273,944,0.01272,862,0.01271,104,0.0127,988,0.01269,1430,0.01268,986,0.01267,635,0.01266,945,0.01276,2,0.01277,11,0.01278,101,0.01279,152,0.0128,103,0.01281,678,0.01282,101,0.01283,1613,0.01284,881,0.01285,1488,,
8,5,350,0.01279,0.01274,-0.3909,1774137123000,0.01292,3907.12,0.01291,4255.39,0.0129,62063.61,0.01289,94284.86,0.01288,62063.61,0.01287,260455.2,0.01286,61895.55,0.01285,128400.94,0.01284,199999.53,0.01283,1377,0.01295,93312.6,0.01296,62756.43,0.01297,93312.6,0.01298,61895.55,0.013,149081.72,0.01302,62063.61,0.01303,101428.4,0.01304,7334.02,0.01305,16981.46,0.01306,109119.34,0.0128,109,0.01279,1034,0.01278,705,0.01277,1121,0.01276,634,0.01275,1054,0.01274,669,0.01273,981,0.01272,634,0.01271,54,0.01282,24,0.01283,48,0.01284,621,0.01285,1833,0.01286,632,0.01287,981,0.01288,145,0.01289,1420,0.0129,95,0.01291,1406,,
8,5,350,0.0128,0.01279,-0.0781,1774137124000,0.01275,7857.84,0.01272,4846.56,0.01271,4291.13,0.0127,3776.73,0.01269,4291.13,0.01268,4291.13,0.01267,4291.13,0.01266,3967.99,0.01264,20824.18,0.01259,109583.55,0.01278,4229.02,0.01279,4041.48,0.0128,4079.18,0.01281,4291.13,0.01282,4206.19,0.01283,2928.39,0.01284,4038.78,0.01285,3834.75,0.01286,3295.27,0.01287,3024.68,0.01275,1023,0.01274,423,0.01273,1478,0.01272,60,0.01271,624,0.0127,979,0.01269,1422,0.01268,983,0.01267,635,0.01266,945,0.01277,40,0.01278,84,0.01279,137,0.0128,82,0.01281,622,0.01282,97,0.01283,1117,0.01284,634,0.01285,1845,0.01286,582,,
8,5,350,0.01278,0.01281,0.2347,1774137125000,0.01275,61847.7,0.01273,62840.04,0.01272,93312.6,0.01271,61847.7,0.0127,93312.6,0.01268,65820.43,0.01267,196808.18,0.01266,153306.29,0.01264,164500.94,0.01263,45936.54,0.0128,4153.76,0.01281,93312.6,0.01283,61847.7,0.01284,93312.6,0.01285,61847.7,0.01287,93312.6,0.01288,22101.24,0.01289,80453.46,0.0129,93312.6,0.01293,155160.3,0.01279,56,0.01278,85,0.01277,1201,0.01276,907,0.01275,1066,0.01274,689,0.01273,982,0.01272,98,0.01271,624,0.0127,929,0.01281,10,0.01282,574,0.01283,1117,0.01284,634,0.01285,1845,0.01286,632,0.01287,981,0.01288,661,0.01289,1456,0.0129,95,,
8,5,350,0.0128,0.01279,-0.0781,1774137126000,0.01272,7875.86,0.01271,61847.7,0.0127,94266.29,0.01269,105816.1,0.01268,63093.56,0.01267,317567.49,0.01266,153306.29,0.01264,114136.78,0.01263,108583.36,0.01261,93312.6,0.01276,93312.6,0.01278,157086.44,0.0128,62646.82,0.01281,93312.6,0.01283,61847.7,0.01284,93312.6,0.01285,61847.7,0.01287,93312.6,0.01288,22101.24,0.01289,18605.76,0.0128,2,0.01279,87,0.01278,654,0.01277,1199,0.01276,903,0.01275,1065,0.01274,689,0.01273,982,0.01272,98,0.01271,574,0.01282,35,0.01283,1074,0.01284,584,0.01285,1845,0.01286,632,0.01287,981,0.01288,100,0.01289,1450,0.0129,95,0.01291,1406,,
8,5,350,0.0128,0.01278,-0.1563,1774137127000,0.01272,97431.96,0.01271,62794.34,0.0127,94335.18,0.01269,62646.82,0.01268,93312.6,0.01267,224254.89,0.01266,246618.89,0.01265,44276.18,0.01264,162067.86,0.01263,108730.88,0.01276,3758.05,0.01277,93312.6,0.01278,62794.34,0.01279,93312.6,0.0128,62646.82,0.01281,93312.6,0.01283,61847.7,0.01284,93312.6,0.01285,61847.7,0.01287,93312.6,0.0128,8,0.01279,79,0.01278,654,0.01277,1201,0.01276,827,0.01275,1065,0.01274,689,0.01273,982,0.01272,98,0.01271,574,0.01281,4,0.01282,35,0.01283,1037,0.01284,665,0.01285,1845,0.01286,632,0.01287,981,0.01288,100,0.01289,1450,0.0129,95,,
8,5,350,0.01281,0.01276,-0.3903,1774137128000,,,,,,,,,,,,,,,,,,,,,,,,,,,,,,,,,,,,,,,,,0.0128,660,0.01279,1028,0.01278,652,0.01277,1294,0.01276,654,0.01275,1065,0.01274,689,0.01273,982,0.01272,98,0.01271,1360,0.01281,52,0.01282,58,0.01283,137,0.01284,654,0.01285,1065,0.01286,630,0.01287,1758,0.01288,100,0.01289,1450,0.0129,95,,
8,5,350,0.01279,0.01274,-0.3909,1774137129000,,,,,,,,,,,,,,,,,,,,,,,,,,,,,,,,,,,,,,,,,0.01281,29,0.0128,82,0.01279,1146,0.01278,652,0.01277,1218,0.01276,662,0.01275,1065,0.01274,132,0.01273,1547,0.01272,48,0.01283,15,0.01284,676,0.01285,1015,0.01286,630,0.01287,1758,0.01288,100,0.01289,1450,0.0129,95,0.01291,1406,0.01292,103,,
8,5,350,0.01279,0.01278,-0.0782,1774137130000,,,,,,,,,,,,,,,,,,,,,,,,,,,,,,,,,,,,,,,,,0.01279,139,0.01278,124,0.01277,1271,0.01276,659,0.01275,1062,0.01274,128,0.01273,1537,0.01272,94,0.01271,624,0.0127,929,0.0128,50,0.01281,60,0.01282,665,0.01283,1093,0.01284,663,0.01285,1843,0.01286,630,0.01287,981,0.01288,100,0.01289,1450,,
8,5,350,0.01274,0.01278,0.314,1774137131000,,,,,,,,,,,,,,,,,,,,,,,,,,,,,,,,,,,,,,,,,0.01276,10,0.01275,60,0.01274,178,0.01273,653,0.01272,1150,0.01271,655,0.0127,1143,0.01269,668,0.01268,983,0.01267,42,0.01277,988,0.01278,615,0.01279,1680,0.0128,1473,0.01281,1213,0.01282,649,0.01283,1062,0.01284,651,0.01285,1062,0.01286,630,,
8,5,350,0.01278,0.01276,-0.1565,1774137132000,,,,,,,,,,,,,,,,,,,,,,,,,,,,,,,,,,,,,,,,,0.01274,98,0.01273,88,0.01272,1150,0.01271,729,0.0127,1143,0.01269,668,0.01268,983,0.01267,881,0.01266,1546,0.01265,1872,0.01276,10,0.01277,86,0.01278,748,0.01279,1076,0.0128,652,0.01281,1213,0.01282,1465,0.01283,1062,0.01284,651,0.01285,1062,,
8,5,350,0.01279,0.01274,-0.3909,1774137133000,0.01271,97491.95,0.0127,62646.82,0.01269,94277.44,0.01268,163928.59,0.01267,93312.6,0.01266,126342.94,0.01265,138363.07,0.01264,157945.03,0.01263,51471.06,0.01262,65273.41,0.01275,62695.92,0.01276,94314.89,0.01277,62695.92,0.01278,93312.6,0.01279,62548.86,0.01281,155885.92,0.01283,93312.6,0.01286,93312.6,0.01288,27082.45,0.01289,14536.99,0.01275,95,0.01274,1149,0.01273,758,0.01272,1150,0.01271,655,0.0127,1143,0.01269,668,0.01268,983,0.01267,92,0.01266,2286,0.01277,60,0.01278,719,0.01279,1032,0.0128,652,0.01281,1213,0.01282,1429,0.01283,1098,0.01284,651,0.01285,1062,0.01286,630,,
8,5,350,0.01277,0.01269,-0.6265,1774137134000,0.01271,4179.35,0.0127,62646.82,0.01269,94277.44,0.01268,163928.59,0.01267,93312.6,0.01266,126342.94,0.01265,138363.07,0.01264,157945.03,0.01263,51471.06,0.01262,65273.41,0.01275,62695.92,0.01276,94314.89,0.01277,62695.92,0.01278,93312.6,0.01279,62548.86,0.01281,155885.92,0.01283,93312.6,0.01286,93312.6,0.01288,27082.45,0.01289,14536.99,0.01278,8,0.01277,690,0.01276,1141,0.01275,764,0.01274,1149,0.01273,684,0.01272,1150,0.01271,655,0.0127,1143,0.01269,1406,0.01279,50,0.0128,10,0.01281,167,0.01282,639,0.01283,1062,0.01284,1465,0.01285,1062,0.01286,630,0.01287,981,0.01288,100,,
8,5,350,0.01275,0.01266,-0.7059,1774137135000,0.01267,4156.64,0.01266,62695.92,0.01265,197029.02,0.01264,219378.24,0.01263,51471.06,0.01262,62695.92,0.01261,184078.78,0.0126,62843.67,0.01259,109583.55,0.01258,93312.6,0.01272,3864.39,0.01273,66968.38,0.01274,93312.6,0.01275,62695.92,0.01276,93312.6,0.01277,62695.92,0.01278,93312.6,0.01279,62548.86,0.01281,93312.6,0.01284,93312.6,0.01278,136,0.01277,724,0.01276,1149,0.01275,766,0.01274,1149,0.01273,684,0.01272,1150,0.01271,655,0.0127,1930,0.01269,618,0.0128,52,0.01281,1103,0.01282,755,0.01283,1213,0.01284,687,0.01285,1840,0.01286,630,0.01287,981,0.01288,100,0.01289,1411,,
8,5,350,0.01273,0.01271,-0.1571,1774137136000,0.01267,4126.89,0.01266,97439.49,0.01264,83915.66,0.01263,93312.6,0.01262,62695.92,0.01261,93312.6,0.0126,62843.67,0.01259,280046.87,0.01258,93312.6,0.01256,112060.35,0.0127,968.22,0.01271,93312.6,0.01273,62843.67,0.01274,93312.6,0.01275,62695.92,0.01276,93312.6,0.01278,93312.6,0.01279,63091.48,0.01281,93312.6,0.01288,15695.13,0.01275,52,0.01274,1075,0.01273,689,0.01272,1226,0.01271,655,0.0127,1143,0.01269,668,0.01268,983,0.01267,881,0.01266,1496,0.01277,43,0.01278,33,0.01279,1370,0.0128,1369,0.01281,1340,0.01282,679,0.01283,1841,0.01284,687,0.01285,1062,0.01286,630,,
8,5,350,0.0127,0.01273,0.2362,1774137137000,0.01267,93312.6,0.01266,63091.48,0.01265,93312.6,0.01264,83915.66,0.01263,93312.6,0.01262,62695.92,0.01261,93312.6,0.0126,62843.67,0.01259,280046.87,0.01258,93312.6,0.01271,93312.6,0.01273,62843.67,0.01274,93312.6,0.01275,62695.92,0.01276,93312.6,0.01278,93312.6,0.01279,63091.48,0.01281,93312.6,0.01283,63091.48,0.01288,15695.13,0.01276,8,0.01275,157,0.01274,1158,0.01273,689,0.01272,1226,0.01271,655,0.0127,1143,0.01269,668,0.01268,983,0.01267,831,0.01277,52,0.01278,646,0.01279,1094,0.0128,689,0.01281,1186,0.01282,1459,0.01283,1062,0.01284,687,0.01285,1062,0.01286,630,,
8,5,350,0.01268,0.01272,0.3155,1774137138000,0.01266,63091.48,0.01265,93312.6,0.01264,83915.66,0.01263,94286.43,0.01262,62695.92,0.01261,161940.69,0.0126,62843.67,0.01259,328197.22,0.01258,142569.86,0.01256,112060.35,0.0127,63091.48,0.01271,93312.6,0.01273,62843.67,0.01274,93312.6,0.01275,62695.92,0.01276,93312.6,0.01278,93312.6,0.01279,63091.48,0.01281,93312.6,0.01288,15695.13,0.01271,625,0.0127,1115,0.01269,698,0.01268,1057,0.01267,92,0.01266,1546,0.01265,2712,0.01264,1147,0.01263,528,0.01262,921,0.01273,9,0.01274,140,0.01275,91,0.01276,741,0.01277,1184,0.01278,679,0.01279,1144,0.0128,1470,0.01281,1186,0.01282,679,,
8,5,350,0.01267,0.01273,0.4736,1774137139000,,,,,,,,,,,,,,,,,,,,,,,,,,,,,,,,,,,,,,,,,0.01269,31,0.01268,1116,0.01267,720,0.01266,1200,0.01265,2519,0.01264,1150,0.01263,525,0.01262,978,0.01261,95,0.0126,1338,0.0127,8,0.01271,24,0.01272,94,0.01273,1149,0.01274,720,0.01275,1147,0.01276,1474,0.01277,1134,0.01278,679,0.01279,1144,,
8,5,350,0.01268,0.01273,0.3943,1774137140000,,,,,,,,,,,,,,,,,,,,,,,,,,,,,,,,,,,,,,,,,0.01266,68,0.01265,1855,0.01264,1116,0.01263,522,0.01262,978,0.01261,95,0.0126,595,0.01259,83,0.01258,1849,0.01257,538,0.01268,50,0.01269,44,0.0127,714,0.01271,1213,0.01272,1510,0.01273,1149,0.01274,720,0.01275,1147,0.01276,691,0.01277,1134,,
8,5,350,0.0127,0.01271,0.0787,1774137141000,,,,,,,,,,,,,,,,,,,,,,,,,,,,,,,,,,,,,,,,,0.01268,60,0.01267,716,0.01266,1147,0.01265,2362,0.01264,1147,0.01263,689,0.01262,975,0.01261,93,0.0126,692,0.01259,827,0.01271,157,0.01272,690,0.01273,1099,0.01274,657,0.01275,1931,0.01276,687,0.01277,1134,0.01278,679,0.01279,1144,0.0128,689,,
8,5,350,0.01272,0.0127,-0.1572,1774137142000,,,,,,,,,,,,,,,,,,,,,,,,,,,,,,,,,,,,,,,,,0.01272,40,0.01271,689,0.0127,1145,0.01269,768,0.01268,1147,0.01267,716,0.01266,1147,0.01265,2289,0.01264,1147,0.01263,639,0.01274,35,0.01275,1850,0.01276,659,0.01277,1134,0.01278,679,0.01279,1144,0.0128,689,0.01281,1186,0.01282,679,0.01283,1057,,
8,5,350,0.01274,0.0127,-0.314,1774137143000,,,,,,,,,,,,,,,,,,,,,,,,,,,,,,,,,,,,,,,,,0.01274,8,0.01273,58,0.01272,87,0.01271,810,0.0127,1253,0.01269,690,0.01268,1147,0.01267,716,0.01266,1197,0.01265,2239,0.01275,2,0.01276,82,0.01277,1138,0.01278,1975,0.01279,1926,0.0128,689,0.01281,1186,0.01282,679,0.01283,1057,0.01284,1492,,
8,5,350,0.01273,0.01267,-0.4713,1774137144000,,,,,,,,,,,,,,,,,,,,,,,,,,,,,,,,,,,,,,,,,0.01273,651,0.01272,1200,0.01271,815,0.0127,1223,0.01269,690,0.01268,1147,0.01267,716,0.01266,1197,0.01265,2289,0.01264,1097,0.01274,8,0.01275,244,0.01276,125,0.01277,1200,0.01278,2821,0.01279,1144,0.0128,1470,0.01281,1186,0.01282,676,0.01283,1057,,
8,5,350,0.01273,0.01268,-0.3928,1774137145000,0.01264,550.53,0.01262,63216.12,0.01261,93312.6,0.01259,62843.67,0.01258,93312.6,0.01257,52791.18,0.01256,120528.01,0.01255,204678.49,0.01254,65613.13,0.01253,66254.72,0.01266,3773.66,0.01267,67277.4,0.01268,93312.6,0.0127,156404.08,0.01272,62917.81,0.01273,93312.6,0.01275,156304.72,0.01279,101059.18,0.01282,12935.6,0.01283,4981.21,0.01272,1223,0.01271,660,0.0127,1223,0.01269,815,0.01268,1147,0.01267,716,0.01266,1147,0.01265,2289,0.01264,1147,0.01263,1430,0.01274,151,0.01275,659,0.01276,966,0.01277,2499,0.01278,687,0.01279,1144,0.0128,1470,0.01281,1186,0.01282,676,0.01283,1057,,
8,5,350,0.01273,0.0127,-0.2357,1774137146000,0.01264,550.53,0.01262,4190.88,0.01261,4189.23,0.0126,97501.83,0.01259,62843.67,0.01258,93312.6,0.01257,52791.18,0.01256,120528.01,0.01255,204678.49,0.01254,65613.13,0.01266,93312.6,0.01267,63091.48,0.01268,93312.6,0.0127,156404.08,0.01272,62917.81,0.01273,93312.6,0.01275,156304.72,0.01279,7746.58,0.01282,12935.6,0.01283,4981.21,0.01273,50,0.01272,1273,0.01271,722,0.0127,1253,0.01269,845,0.01268,1147,0.01267,680,0.01266,1147,0.01265,2289,0.01264,1097,0.01275,10,0.01276,1565,0.01277,2449,0.01278,687,0.01279,1144,0.0128,1506,0.01281,1186,0.01282,676,0.01283,1057,0.01284,651,,
8,5,350,0.0127,0.01268,-0.1575,1774137147000,0.01264,550.53,0.01262,4190.88,0.01261,63241.1,0.0126,93312.6,0.01259,63850.08,0.01258,93312.6,0.01257,52791.18,0.01256,62917.81,0.01255,250160.22,0.01254,135983.48,0.01266,94260.83,0.01267,63091.48,0.01268,93312.6,0.0127,156404.08,0.01272,62917.81,0.01273,93312.6,0.01275,156304.72,0.01279,7746.58,0.01282,12935.6,0.01283,4981.21,0.01273,833,0.01272,1353,0.01271,722,0.0127,1253,0.01269,845,0.01268,1147,0.01267,680,0.01266,1147,0.01265,2289,0.01264,1888,0.01275,2,0.01276,52,0.01277,90,0.01278,748,0.01279,1144,0.0128,1470,0.01281,1186,0.01282,676,0.01283,1093,0.01284,651,,
8,5,350,0.01269,0.01266,-0.2364,1774137148000,0.01264,4299.32,0.01263,67415.68,0.01262,93312.6,0.01261,63241.1,0.0126,93312.6,0.01259,62843.67,0.01258,93312.6,0.01257,52791.18,0.01256,62917.81,0.01255,250160.22,0.01268,93312.6,0.0127,156404.08,0.01272,62917.81,0.01273,93312.6,0.01275,156304.72,0.01278,93312.6,0.01279,70987.68,0.01282,12935.6,0.01283,4981.21,0.01288,7164.1,0.01273,733,0.01272,1303,0.01271,722,0.0127,1253,0.01269,845,0.01268,1147,0.01267,680,0.01266,1147,0.01265,3079,0.01264,1097,0.01275,52,0.01276,102,0.01277,1230,0.01278,748,0.01279,1144,0.0128,1470,0.01281,1186,0.01282,676,0.01283,1093,0.01284,651,,
8,5,350,0.01266,0.01265,-0.079,1774137149000,0.01267,3830.78,0.01266,97470.74,0.01265,63241.1,0.01264,93863.13,0.01263,64221.1,0.01262,93312.6,0.01261,63241.1,0.0126,93312.6,0.01259,62843.67,0.01258,93312.6,0.01271,3749.69,0.01272,62917.81,0.01273,93312.6,0.01275,156304.72,0.01278,93312.6,0.01279,70987.68,0.01281,93312.6,0.01282,12935.6,0.01283,68222.31,0.01284,93312.6,0.01272,52,0.01271,161,0.0127,1228,0.01269,828,0.01268,1395,0.01267,680,0.01266,1147,0.01265,2289,0.01264,1147,0.01263,1430,0.01274,58,0.01275,127,0.01276,693,0.01277,1230,0.01278,1530,0.01279,1144,0.0128,689,0.01281,1186,0.01282,676,0.01283,1093,,
8,5,350,0.0127,0.0126,-0.7874,1774137150000,0.01267,4219.11,0.01266,4090.79,0.01265,63041.76,0.01264,93863.13,0.01263,63241.1,0.01262,93312.6,0.01261,63241.1,0.0126,93312.6,0.01259,172606.25,0.01258,241279.84,0.0127,1022.18,0.01271,100204.91,0.01272,62917.81,0.01273,93312.6,0.01275,156304.72,0.01277,63041.76,0.01278,93312.6,0.01279,7746.58,0.0128,63041.76,0.01281,93312.6,0.01272,2,0.01271,88,0.0127,1404,0.01269,828,0.01268,1147,0.01267,680,0.01266,1147,0.01265,2289,0.01264,1147,0.01263,639,0.01274,690,0.01275,1300,0.01276,826,0.01277,2697,0.01278,1052,0.01279,1144,0.0128,689,0.01281,1186,0.01282,676,0.01283,1093,,
8,5,350,0.01269,0.01262,-0.5516,1774137151000,0.01267,93312.6,0.01265,63041.76,0.01264,93863.13,0.01263,63241.1,0.01262,94260,0.01261,63241.1,0.0126,93312.6,0.01259,172606.25,0.01258,241279.84,0.01257,117072.03,0.0127,63041.76,0.01271,93312.6,0.01272,62917.81,0.01273,93312.6,0.01275,156304.72,0.01277,63041.76,0.01278,93312.6,0.01279,7746.58,0.01281,93312.6,0.01282,12935.6,0.0127,8,0.01269,720,0.01268,1225,0.01267,819,0.01266,1301,0.01265,2289,0.01264,1147,0.01263,689,0.01262,975,0.01261,43,0.01272,85,0.01273,1230,0.01274,740,0.01275,1798,0.01276,1533,0.01277,1230,0.01278,748,0.01279,1144,0.0128,689,0.01281,1186,,
8,5,350,0.01268,0.01265,-0.2366,1774137152000,0.01267,3915.58,0.01266,97443.08,0.01265,63041.76,0.01264,93863.13,0.01263,64258.39,0.01262,93312.6,0.01261,63241.1,0.0126,93312.6,0.01259,172606.25,0.01258,241279.84,0.01271,93312.6,0.01272,62917.81,0.01273,93312.6,0.01275,156304.72,0.01277,63041.76,0.01278,93312.6,0.01279,7746.58,0.0128,63041.76,0.01281,93312.6,0.01282,12935.6,0.0127,98,0.01269,744,0.01268,1343,0.01267,819,0.01266,1183,0.01265,2289,0.01264,1147,0.01263,689,0.01262,975,0.01261,836,0.01272,52,0.01273,1281,0.01274,735,0.01275,1300,0.01276,750,0.01277,2013,0.01278,748,0.01279,1144,0.0128,689,0.01281,1186,,
8,5,350,0.01269,0.01269,0.0,1774137153000,0.01267,3915.58,0.01266,97443.08,0.01265,63041.76,0.01264,93863.13,0.01263,64258.39,0.01262,93312.6,0.01261,120851.3,0.0126,93312.6,0.01259,172606.25,0.01258,292219.38,0.01271,98060.25,0.01272,62917.81,0.01273,93312.6,0.01275,156304.72,0.01277,63041.76,0.01278,93312.6,0.01279,7746.58,0.0128,63041.76,0.01281,93312.6,0.01282,12935.6,0.01269,104,0.01268,84,0.01267,819,0.01266,1359,0.01265,2289,0.01264,1147,0.01263,689,0.01262,975,0.01261,93,0.0126,1439,0.01271,56,0.01272,154,0.01273,1357,0.01274,1824,0.01275,1300,0.01276,750,0.01277,1230,0.01278,748,0.01279,1144,0.0128,689,,
8,5,350,0.01261,0.01272,0.8723,1774137154000,0.01265,5498.57,0.01264,93863.13,0.01263,63241.1,0.01262,93312.6,0.01261,64230.73,0.0126,93312.6,0.01259,172606.25,0.01258,292219.38,0.01257,180113.79,0.01255,138695.69,0.01269,93312.6,0.0127,63041.76,0.01271,93312.6,0.01272,62917.81,0.01273,93312.6,0.01275,156304.72,0.01277,63041.76,0.01278,93312.6,0.01279,7746.58,0.0128,2025.81,0.01265,2,0.01264,2,0.01263,127,0.01262,1714,0.01261,268,0.0126,732,0.01259,91,0.01258,1054,0.01257,588,0.01256,1857,0.01266,26,0.01267,72,0.01268,748,0.01269,1428,0.0127,2164,0.01271,1226,0.01272,154,0.01273,1891,0.01274,75,0.01275,1350,,
8,5,350,0.01259,0.01272,1.0326,1774137154395,0.01265,5498.57,0.01264,93863.13,0.01263,63241.1,0.01262,93312.6,0.01261,64230.73,0.0126,93312.6,0.01259,172606.25,0.01258,292219.38,0.01257,180113.79,0.01255,138695.69,0.01269,93312.6,0.0127,63041.76,0.01271,93312.6,0.01272,62917.81,0.01273,93312.6,0.01275,156304.72,0.01277,63041.76,0.01278,93312.6,0.01279,7746.58,0.0128,2025.81,0.01266,83,0.01265,92,0.01264,91,0.01263,301,0.01262,1636,0.01261,93,0.0126,732,0.01259,91,0.01258,1054,0.01257,538,0.01268,721,0.01269,1277,0.0127,1251,0.01271,2595,0.01272,130,0.01273,1891,0.01274,75,0.01275,1350,0.01276,750,0.01277,1230,0.0000500000000000,1774152000000
8,5,350,0.01259,0.01272,1.0326,1774137154695,0.01265,5498.57,0.01264,93863.13,0.01263,63241.1,0.01262,93312.6,0.01261,64230.73,0.0126,93312.6,0.01259,172606.25,0.01258,292219.38,0.01257,180113.79,0.01255,138695.69,0.01269,93312.6,0.0127,63041.76,0.01271,93312.6,0.01272,62917.81,0.01273,93312.6,0.01275,156304.72,0.01277,63041.76,0.01278,93312.6,0.01279,7746.58,0.0128,2025.81,0.01268,9,0.01267,40,0.01266,802,0.01265,1232,0.01264,751,0.01263,301,0.01262,1636,0.01261,93,0.0126,732,0.01259,91,0.01269,52,0.0127,9,0.01271,2213,0.01272,161,0.01273,1891,0.01274,84,0.01275,1350,0.01276,750,0.01277,1230,0.01278,1309,0.0000500000000000,1774152000000
8,5,350,0.01256,0.01272,1.2739,1774137154996,0.01265,68540.33,0.01264,93863.13,0.01263,63241.1,0.01262,93312.6,0.01261,64230.73,0.0126,93312.6,0.01259,172606.25,0.01258,292219.38,0.01257,180113.79,0.01255,138695.69,0.01269,94260.47,0.0127,63041.76,0.01271,93312.6,0.01272,62917.81,0.01273,93312.6,0.01275,156304.72,0.01277,63041.76,0.01278,93312.6,0.01279,7746.58,0.0128,2025.81,0.01269,59,0.01268,92,0.01267,90,0.01266,802,0.01265,1328,0.01264,751,0.01263,136,0.01262,1636,0.01261,93,0.0126,682,0.01271,1201,0.01272,790,0.01273,1966,0.01274,1121,0.01275,1300,0.01276,750,0.01277,1230,0.01278,1309,0.01279,1949,0.0128,689,0.0000500000000000,1774152000000
8,5,350,0.01258,0.01272,1.1129,1774137155297,0.01265,5498.57,0.01264,93863.13,0.01263,63241.1,0.01262,93312.6,0.01261,64218.6,0.0126,93312.6,0.01259,172606.25,0.01258,292219.38,0.01257,180113.79,0.01255,138695.69,0.01269,94260.47,0.0127,63041.76,0.01271,93312.6,0.01272,62917.81,0.01273,93312.6,0.01275,156304.72,0.01277,63041.76,0.01278,93312.6,0.01279,7746.58,0.0128,2025.81,0.0127,9,0.01269,137,0.01268,752,0.01267,1349,0.01266,802,0.01265,1232,0.01264,751,0.01263,136,0.01262,1636,0.01261,43,0.01272,130,0.01273,41,0.01274,84,0.01275,1602,0.01276,750,0.01277,2013,0.01278,748,0.01279,1144,0.0128,689,0.01281,1186,0.0000500000000000,1774152000000
8,5,350,0.01262,0.01273,0.8716,1774137155598,0.01265,68540.33,0.01264,93863.13,0.01263,63241.1,0.01262,93312.6,0.01261,64218.6,0.0126,93312.6,0.01259,172606.25,0.01258,292219.38,0.01257,180113.79,0.01255,138695.69,0.01269,94260.47,0.0127,63041.76,0.01271,93312.6,0.01272,62917.81,0.01273,93312.6,0.01275,156304.72,0.01277,63041.76,0.01278,93312.6,0.01279,7746.58,0.0128,2025.81,0.01267,1140,0.01266,721,0.01265,1406,0.01264,830,0.01263,90,0.01262,1635,0.01261,93,0.0126,732,0.01259,885,0.01258,1004,0.01269,2,0.0127,81,0.01271,92,0.01272,207,0.01273,1231,0.01274,744,0.01275,1300,0.01276,750,0.01277,2013,0.01278,748,0.0000500000000000,1774152000000
8,5,350,0.01262,0.01272,0.7924,1774137155898,0.01265,63041.76,0.01264,550.53,0.01263,63241.1,0.01262,93312.6,0.01261,64218.6,0.0126,93312.6,0.01259,172606.25,0.01258,292219.38,0.01257,180113.79,0.01255,138695.69,0.01268,93312.6,0.01269,947.87,0.0127,63041.76,0.01271,93312.6,0.01272,62917.81,0.01273,93312.6,0.01275,156304.72,0.01277,63041.76,0.01278,93312.6,0.01279,7746.58,0.01269,75,0.01268,743,0.01267,1221,0.01266,830,0.01265,1406,0.01264,752,0.01263,90,0.01262,1635,0.01261,93,0.0126,1475,0.01271,61,0.01272,102,0.01273,1150,0.01274,744,0.01275,1300,0.01276,750,0.01277,2013,0.01278,748,0.01279,1144,0.0128,689,0.0000500000000000,1774152000000
8,5,350,0.01264,0.01272,0.6329,1774137156199,0.01264,8779.87,0.01263,63241.1,0.01262,93312.6,0.01261,64218.6,0.0126,93312.6,0.01259,62843.67,0.01258,93312.6,0.01257,68789.49,0.01255,93312.6,0.01254,7398.3,0.01268,93312.6,0.0127,63041.76,0.01271,93312.6,0.01272,62917.81,0.01273,93312.6,0.01275,156304.72,0.01277,63041.76,0.01278,93312.6,0.01279,7746.58,0.0128,2025.81,0.01269,75,0.01268,743,0.01267,1221,0.01266,830,0.01265,1406,0.01264,752,0.01263,90,0.01262,1635,0.01261,93,0.0126,1475,0.01271,52,0.01272,102,0.01273,1150,0.01274,744,0.01275,1300,0.01276,750,0.01277,2013,0.01278,748,0.01279,1144,0.0128,689,0.0000500000000000,1774152000000
8,5,350,0.01264,0.01273,0.712,1774137156500,0.01264,8779.87,0.01263,63241.1,0.01262,93312.6,0.01261,64218.6,0.0126,93312.6,0.01259,62843.67,0.01258,93312.6,0.01257,68789.49,0.01255,93312.6,0.01254,7398.3,0.01268,93312.6,0.0127,63041.76,0.01271,93312.6,0.01272,62917.81,0.01273,93312.6,0.01275,156304.72,0.01277,63041.76,0.01278,93312.6,0.01279,7746.58,0.0128,2025.81,0.01269,1168,0.01268,743,0.01267,1221,0.01266,843,0.01265,1406,0.01264,752,0.01263,90,0.01262,1635,0.01261,93,0.0126,1475,0.01271,52,0.01272,102,0.01273,1231,0.01274,744,0.01275,1300,0.01276,750,0.01277,2013,0.01278,748,0.01279,1144,0.0128,689,0.0000500000000000,1774152000000
8,5,350,0.01266,0.01272,0.4739,1774137156800,0.01264,550.53,0.01262,4146.8,0.01261,63241.1,0.0126,93312.6,0.01259,62843.67,0.01258,93312.6,0.01257,68789.49,0.01255,93312.6,0.01254,7398.3,0.01253,67031.29,0.01266,93312.6,0.01268,93312.6,0.0127,63041.76,0.01271,93312.6,0.01272,62917.81,0.01273,93312.6,0.01275,156304.72,0.01277,63041.76,0.01279,7746.58,0.0128,2025.81,0.01269,1170,0.01268,743,0.01267,1396,0.01266,830,0.01265,1232,0.01264,752,0.01263,90,0.01262,1635,0.01261,93,0.0126,1475,0.01271,30,0.01272,102,0.01273,138,0.01274,744,0.01275,1300,0.01276,750,0.01277,2013,0.01278,748,0.01279,1144,0.0128,689,0.0000500000000000,1774152000000
8,5,350,0.01266,0.01272,0.4739,1774137157100,0.01264,550.53,0.01263,3948.16,0.01262,97459.4,0.01261,63241.1,0.0126,93312.6,0.01259,63802.23,0.01258,93312.6,0.01257,68789.49,0.01255,93312.6,0.01254,7398.3,0.01267,63191.15,0.01268,93312.6,0.0127,63041.76,0.01271,93312.6,0.01272,62917.81,0.01273,93312.6,0.01275,156304.72,0.01279,7746.58,0.0128,2025.81,0.01282,16224.69,0.01267,1190,0.01266,721,0.01265,1407,0.01264,843,0.01263,90,0.01262,1635,0.01261,93,0.0126,732,0.01259,91,0.01258,1799,0.01269,11,0.0127,90,0.01271,113,0.01272,1021,0.01273,1734,0.01274,744,0.01275,2084,0.01276,750,0.01277,1230,0.01278,748,0.0000500000000000,1774152000000
8,5,350,0.01268,0.01272,0.3155,1774137157401,0.01264,550.53,0.01263,3948.16,0.01262,97459.4,0.01261,63241.1,0.0126,93312.6,0.01259,63802.23,0.01258,93312.6,0.01257,68789.49,0.01255,93312.6,0.01254,7398.3,0.01267,63191.15,0.01268,93312.6,0.0127,63041.76,0.01271,93312.6,0.01272,62917.81,0.01273,93312.6,0.01275,156304.72,0.01279,7746.58,0.0128,2025.81,0.01282,16224.69,0.01267,1190,0.01266,749,0.01265,1407,0.01264,843,0.01263,90,0.01262,1635,0.01261,93,0.0126,732,0.01259,91,0.01258,1799,0.01269,11,0.0127,59,0.01271,113,0.01272,870,0.01273,1278,0.01274,1529,0.01275,1300,0.01276,750,0.01277,1230,0.01278,748,0.0000500000000000,1774152000000
8,5,350,0.01268,0.01272,0.3155,1774137157702,0.01264,550.53,0.01263,70885.11,0.01262,93312.6,0.01261,63241.1,0.0126,93312.6,0.01259,62843.67,0.01258,93312.6,0.01257,68789.49,0.01255,93312.6,0.01254,7398.3,0.01268,93312.6,0.0127,63041.76,0.01271,93312.6,0.01272,62917.81,0.01273,93312.6,0.01275,156304.72,0.01278,93312.6,0.01279,70937.73,0.0128,2025.81,0.01282,16224.69,0.01268,9,0.01267,1190,0.01266,749,0.01265,1407,0.01264,843,0.01263,90,0.01262,1635,0.01261,93,0.0126,732,0.01259,41,0.01269,2,0.0127,59,0.01271,113,0.01272,792,0.01273,1278,0.01274,1529,0.01275,1300,0.01276,750,0.01277,1230,0.01278,748,0.0000500000000000,1774152000000
8,5,350,0.01269,0.01272,0.2364,1774137158003,0.01264,550.53,0.01263,70885.11,0.01262,93312.6,0.01261,63241.1,0.0126,93312.6,0.01259,62843.67,0.01258,93312.6,0.01257,68789.49,0.01255,93312.6,0.01254,7398.3,0.01268,93312.6,0.0127,63041.76,0.01271,93312.6,0.01272,62917.81,0.01273,93312.6,0.01275,156304.72,0.01278,93312.6,0.01279,70937.73,0.0128,2025.81,0.01282,16224.69,0.01268,50,0.01267,1220,0.01266,749,0.01265,1407,0.01264,830,0.01263,90,0.01262,1635,0.01261,93,0.0126,732,0.01259,41,0.01269,11,0.0127,59,0.01271,113,0.01272,792,0.01273,1278,0.01274,1529,0.01275,1300,0.01276,750,0.01277,1230,0.01278,748,0.0000500000000000,1774152000000
8,5,350,0.01272,0.01272,0.0,1774137158304,0.01264,550.53,0.01263,63191.15,0.01262,93312.6,0.01261,64235.63,0.0126,93312.6,0.01259,62843.67,0.01258,93312.6,0.01257,68789.49,0.01255,93312.6,0.01254,7398.3,0.01268,94275.09,0.0127,63041.76,0.01271,93312.6,0.01272,62917.81,0.01273,93312.6,0.01275,156304.72,0.01278,93312.6,0.01279,70937.73,0.0128,2025.81,0.01282,16224.69,0.01268,2,0.01267,1190,0.01266,827,0.01265,1407,0.01264,752,0.01263,90,0.01262,1635,0.01261,93,0.0126,732,0.01259,41,0.01269,9,0.0127,59,0.01271,113,0.01272,1876,0.01273,1303,0.01274,744,0.01275,2084,0.01276,750,0.01277,1230,0.01278,748,0.0000500000000000,1774152000000
8,5,350,0.01272,0.01271,-0.0786,1774137158605,0.01264,8647.21,0.01263,63191.15,0.01262,93312.6,0.01261,64235.63,0.0126,93312.6,0.01259,62843.67,0.01258,93312.6,0.01257,68789.49,0.01255,93312.6,0.01254,7398.3,0.01268,94275.09,0.0127,63041.76,0.01271,93312.6,0.01272,62917.81,0.01273,93312.6,0.01275,156304.72,0.01278,93312.6,0.01279,70937.73,0.0128,2025.81,0.01282,16224.69,0.01266,11,0.01265,1279,0.01264,170,0.01263,187,0.01262,1635,0.01261,93,0.0126,732,0.01259,91,0.01258,1054,0.01257,538,0.01268,65,0.01269,87,0.0127,848,0.01271,1742,0.01272,1417,0.01273,1228,0.01274,744,0.01275,1300,0.01276,750,0.01277,1230,0.0000500000000000,1774152000000
8,5,350,0.01274,0.0127,-0.314,1774137158905,0.01264,550.53,0.01263,63191.15,0.01262,93312.6,0.01261,63241.1,0.0126,93312.6,0.01259,62843.67,0.01258,93312.6,0.01257,68789.49,0.01255,93312.6,0.01254,7398.3,0.01268,94275.09,0.0127,63041.76,0.01271,93312.6,0.01272,62917.81,0.01273,93312.6,0.01275,156304.72,0.01278,93312.6,0.01279,70937.73,0.0128,2025.81,0.01282,16224.69,0.01267,9,0.01266,748,0.01265,1308,0.01264,830,0.01263,187,0.01262,1635,0.01261,93,0.0126,732,0.01259,91,0.01258,1004,0.01268,65,0.01269,61,0.0127,697,0.01271,1308,0.01272,1044,0.01273,1228,0.01274,744,0.01275,1300,0.01276,750,0.01277,1230,0.0000500000000000,1774152000000
8,5,350,0.01274,0.01271,-0.2355,1774137159206,0.01264,550.53,0.01263,63191.15,0.01262,93312.6,0.01261,63241.1,0.0126,93312.6,0.01259,62843.67,0.01258,93312.6,0.01257,68789.49,0.01255,93312.6,0.01254,7398.3,0.01268,94275.09,0.0127,63041.76,0.01271,93312.6,0.01272,62917.81,0.01273,93312.6,0.01275,156304.72,0.01278,93312.6,0.01279,70937.73,0.0128,2025.81,0.01282,16224.69,0.01266,88,0.01265,1308,0.01264,830,0.01263,187,0.01262,1635,0.01261,93,0.0126,732,0.01259,91,0.01258,1054,0.01257,1333,0.01269,61,0.0127,747,0.01271,1232,0.01272,817,0.01273,1228,0.01274,1529,0.01275,1300,0.01276,750,0.01277,1230,0.01278,748,0.0000500000000000,1774152000000
8,5,350,0.01274,0.01271,-0.2355,1774137159506,0.01265,3865.25,0.01264,8075.94,0.01263,63191.15,0.01262,93312.6,0.01261,63241.1,0.0126,94337.26,0.01259,62843.67,0.01258,93312.6,0.01257,68789.49,0.01255,93312.6,0.01268,962.49,0.01269,97871.36,0.0127,63041.76,0.01271,93312.6,0.01272,62917.81,0.01273,93312.6,0.01275,156304.72,0.01278,93312.6,0.01279,70937.73,0.0128,2025.81,0.01267,9,0.01266,113,0.01265,1232,0.01264,908,0.01263,187,0.01262,1635,0.01261,93,0.0126,732,0.01259,91,0.01258,1004,0.01268,2,0.01269,111,0.0127,854,0.01271,1535,0.01272,817,0.01273,2013,0.01274,744,0.01275,1300,0.01276,750,0.01277,1230,0.0000500000000000,1774152000000
8,5,350,0.01273,0.01271,-0.1571,1774137159807,0.01264,97621.16,0.01263,63191.15,0.01262,93312.6,0.01261,64209.93,0.0126,93312.6,0.01259,62843.67,0.01258,93312.6,0.01257,68789.49,0.01255,93312.6,0.01254,7398.3,0.01269,93312.6,0.0127,63041.76,0.01271,93312.6,0.01272,62917.81,0.01273,93312.6,0.01275,156304.72,0.01277,63166.2,0.01278,93312.6,0.01279,7746.58,0.0128,2025.81,0.01268,63,0.01267,1190,0.01266,750,0.01265,1456,0.01264,826,0.01263,90,0.01262,1635,0.01261,93,0.0126,732,0.01259,41,0.01269,52,0.0127,137,0.01271,35,0.01272,817,0.01273,1228,0.01274,1529,0.01275,1300,0.01276,750,0.01277,1230,0.01278,748,0.0000500000000000,1774152000000
8,5,350,0.01271,0.01272,0.0787,1774137160108,0.01265,3736.06,0.01264,97621.16,0.01263,63191.15,0.01262,93312.6,0.01261,64234.3,0.0126,93312.6,0.01259,62843.67,0.01258,93312.6,0.01257,68789.49,0.01255,93312.6,0.01269,4728.13,0.0127,63041.76,0.01271,93312.6,0.01272,62917.81,0.01273,93312.6,0.01275,156304.72,0.01277,63166.2,0.01278,93312.6,0.01279,7746.58,0.01281,93312.6,0.01268,711,0.01267,1190,0.01266,750,0.01265,1378,0.01264,826,0.01263,90,0.01262,1635,0.01261,93,0.0126,732,0.01259,41,0.0127,137,0.01271,35,0.01272,742,0.01273,1228,0.01274,1529,0.01275,1300,0.01276,750,0.01277,1230,0.01278,748,0.01279,1949,0.0000500000000000,1774152000000
8,5,350,0.01273,0.01272,-0.0786,1774137160408,0.01265,8192.17,0.01264,93863.13,0.01263,63191.15,0.01262,93312.6,0.01261,64228.28,0.0126,93312.6,0.01259,62843.67,0.01258,93312.6,0.01257,68789.49,0.01255,93312.6,0.01269,4840.8,0.0127,63041.76,0.01271,93312.6,0.01272,62917.81,0.01273,93312.6,0.01275,156304.72,0.01277,63166.2,0.01278,93312.6,0.01279,7746.58,0.01281,93312.6,0.01268,51,0.01267,1190,0.01266,750,0.01265,1378,0.01264,826,0.01263,90,0.01262,1635,0.01261,93,0.0126,732,0.01259,41,0.01269,9,0.0127,137,0.01271,35,0.01272,742,0.01273,1228,0.01274,1529,0.01275,1300,0.01276,750,0.01277,1230,0.01278,748,0.0000500000000000,1774152000000
8,5,350,0.01272,0.0127,-0.1572,1774137160709,0.01266,3820.96,0.01265,71358.37,0.01264,93863.13,0.01263,63191.15,0.01262,93312.6,0.01261,64228.28,0.0126,93312.6,0.01259,62843.67,0.01258,93312.6,0.01257,68789.49,0.01269,1007.46,0.0127,63041.76,0.01271,93312.6,0.01272,62917.81,0.01273,93312.6,0.01275,156304.72,0.01277,63166.2,0.01278,93312.6,0.01279,9772.39,0.01281,93312.6,0.01267,1140,0.01266,752,0.01265,1378,0.01264,826,0.01263,90,0.01262,1635,0.01261,93,0.0126,732,0.01259,91,0.01258,1799,0.01269,61,0.0127,137,0.01271,1225,0.01272,742,0.01273,1228,0.01274,1529,0.01275,1300,0.01276,750,0.01277,1230,0.01278,748,0.0000500000000000,1774152000000
8,5,350,0.01269,0.0127,0.0788,1774137161010,0.01265,8192.17,0.01264,93863.13,0.01263,63191.15,0.01262,93312.6,0.01261,64228.28,0.0126,93312.6,0.01259,62843.67,0.01258,93312.6,0.01257,68789.49,0.01255,93312.6,0.01269,97906.88,0.0127,63041.76,0.01271,93312.6,0.01272,62917.81,0.01273,93312.6,0.01275,156304.72,0.01277,63166.2,0.01278,93312.6,0.01279,9772.39,0.01282,16224.69,0.01264,48,0.01263,168,0.01262,1713,0.01261,170,0.0126,732,0.01259,91,0.01258,1054,0.01257,588,0.01256,1857,0.01255,35,0.01266,11,0.01267,27,0.01268,976,0.01269,1427,0.0127,1941,0.01271,2011,0.01272,792,0.01273,1228,0.01274,744,0.01275,1300,0.0000500000000000,1774152000000
8,5,350,0.01269,0.01269,0.0,1774137161310,0.01265,66902.26,0.01264,93863.13,0.01263,63191.15,0.01262,93312.6,0.01261,64228.28,0.0126,93312.6,0.01259,62843.67,0.01258,93312.6,0.01257,68789.49,0.01255,93312.6,0.01269,94270.3,0.0127,63041.76,0.01271,93312.6,0.01272,62917.81,0.01273,93312.6,0.01275,156304.72,0.01277,63166.2,0.01278,93312.6,0.01279,9772.39,0.01282,16224.69,0.01264,48,0.01263,168,0.01262,1713,0.01261,170,0.0126,732,0.01259,91,0.01258,1054,0.01257,588,0.01256,1857,0.01255,35,0.01266,11,0.01267,113,0.01268,900,0.01269,1427,0.0127,1352,0.01271,1225,0.01272,792,0.01273,2013,0.01274,744,0.01275,1300,0.0000500000000000,1774152000000
8,5,350,0.01267,0.01266,-0.0789,1774137161611,0.01265,66902.26,0.01264,93863.13,0.01263,63191.15,0.01262,93312.6,0.01261,64228.28,0.0126,93312.6,0.01259,62843.67,0.01258,93312.6,0.01257,68789.49,0.01255,93312.6,0.01269,94270.3,0.0127,63041.76,0.01271,93312.6,0.01272,62917.81,0.01273,93312.6,0.01275,156304.72,0.01277,63166.2,0.01278,93312.6,0.01279,9772.39,0.01282,16224.69,0.0126,91,0.01259,669,0.01258,1028,0.01257,591,0.01256,1061,0.01255,881,0.01254,1620,0.01253,92,0.01252,1065,0.01251,630,0.01261,11,0.01262,35,0.01263,36,0.01264,92,0.01265,130,0.01266,978,0.01267,1946,0.01268,1255,0.01269,1226,0.0127,898,0.0000500000000000,1774152000000
8,5,350,0.01267,0.01268,0.0789,1774137161912,0.01265,7771.61,0.01264,550.53,0.01263,63191.15,0.01262,93312.6,0.01261,64228.28,0.0126,93312.6,0.01259,62843.67,0.01258,93312.6,0.01257,68789.49,0.01255,93312.6,0.01269,94270.3,0.0127,63041.76,0.01271,93312.6,0.01272,62917.81,0.01273,93312.6,0.01275,156304.72,0.01277,63166.2,0.01278,93312.6,0.01279,9772.39,0.01282,16224.69,0.0126,2,0.01259,79,0.01258,140,0.01257,140,0.01256,1057,0.01255,747,0.01254,1055,0.01253,752,0.01252,1065,0.01251,630,0.01262,61,0.01263,160,0.01264,1053,0.01265,1491,0.01266,752,0.01267,1253,0.01268,1588,0.01269,1226,0.0127,826,0.01271,1225,0.0000500000000000,1774152000000
8,5,350,0.01267,0.01268,0.0789,1774137162212,0.01262,7730.42,0.01261,63241.1,0.0126,93312.6,0.01259,62843.67,0.01258,93312.6,0.01257,68789.49,0.01255,93312.6,0.01254,7398.3,0.01253,67155.73,0.01252,93312.6,0.01266,67030.09,0.01267,93312.6,0.01268,63166.2,0.01269,94270.3,0.0127,63041.76,0.01271,93312.6,0.01272,62917.81,0.01273,93312.6,0.01275,93312.6,0.01279,9772.39,0.01256,922,0.01255,8,0.01254,1052,0.01253,995,0.01252,1070,0.01251,684,0.0125,1866,0.01249,84,0.01248,695,0.01247,35,0.01257,11,0.01258,11,0.01259,86,0.0126,238,0.01261,135,0.01262,1053,0.01263,88,0.01264,750,0.01265,1265,0.01266,752,0.0000500000000000,1774152000000
8,5,350,0.01268,0.01268,0.0,1774137162513,0.01262,5880.04,0.01261,63241.1,0.0126,93312.6,0.01259,62843.67,0.01258,93312.6,0.01257,68789.49,0.01255,93312.6,0.01254,7398.3,0.01253,67155.73,0.01252,93312.6,0.01266,63166.2,0.01267,93312.6,0.01268,63166.2,0.01269,93312.6,0.0127,63041.76,0.01271,93312.6,0.01272,62917.81,0.01273,93312.6,0.01279,9772.39,0.01282,16224.69,0.01255,30,0.01254,41,0.01253,1020,0.01252,1504,0.01251,888,0.0125,1812,0.01249,90,0.01248,746,0.01247,85,0.01246,1082,0.01257,11,0.01258,733,0.01259,38,0.0126,830,0.01261,1652,0.01262,750,0.01263,1228,0.01264,750,0.01265,1265,0.01266,1542,0.0000500000000000,1774152000000
8,5,350,0.01269,0.01269,0.0,1774137162813,0.01261,3972.96,0.0126,93312.6,0.01259,62843.67,0.01258,94338.59,0.01257,68789.49,0.01255,93312.6,0.01254,7398.3,0.01253,67155.73,0.01252,93312.6,0.01249,156478.8,0.01265,99100.17,0.01266,64188.87,0.01267,93312.6,0.01268,63166.2,0.01269,93312.6,0.0127,63041.76,0.01271,93312.6,0.01272,62917.81,0.01273,93312.6,0.01279,9772.39,0.01257,9,0.01256,65,0.01255,127,0.01254,1971,0.01253,1254,0.01252,1504,0.01251,125,0.0125,1733,0.01249,890,0.01248,746,0.01259,59,0.0126,703,0.01261,1558,0.01262,830,0.01263,1228,0.01264,1541,0.01265,1265,0.01266,752,0.01267,1253,0.01268,750,0.0000500000000000,1774152000000
8,5,350,0.01271,0.01271,0.0,1774137163114,0.0126,93312.6,0.01259,62843.67,0.01258,94338.59,0.01257,63041.76,0.01255,93312.6,0.01254,7398.3,0.01253,67155.73,0.01252,93312.6,0.01249,156478.8,0.01246,63316.18,0.01265,99100.17,0.01266,64188.87,0.01267,93312.6,0.01268,63166.2,0.01269,93312.6,0.0127,63041.76,0.01271,93312.6,0.01272,62917.81,0.01273,93312.6,0.01279,9772.39,0.01259,9,0.01258,684,0.01257,1244,0.01256,828,0.01255,313,0.01254,2036,0.01253,940,0.01252,1502,0.01251,924,0.0125,1683,0.01262,140,0.01263,1576,0.01264,751,0.01265,1272,0.01266,746,0.01267,1253,0.01268,1538,0.01269,1226,0.0127,826,0.01271,1175,0.0000500000000000,1774152000000
8,5,350,0.01274,0.01271,-0.2355,1774137163415,0.0126,3975.97,0.01258,4011.03,0.01257,156354.36,0.01255,93312.6,0.01253,67155.73,0.01252,93312.6,0.01249,156478.8,0.01247,93312.6,0.01246,63316.18,0.01244,93312.6,0.01263,93312.6,0.01264,63316.18,0.01265,93312.6,0.01266,64188.87,0.01267,93312.6,0.01268,63166.2,0.01269,93312.6,0.0127,63041.76,0.01271,93312.6,0.01279,9772.39,0.01262,9,0.01261,139,0.0126,749,0.01259,1355,0.01258,1075,0.01257,1523,0.01256,740,0.01255,87,0.01254,1880,0.01253,39,0.01264,30,0.01265,1192,0.01266,749,0.01267,1253,0.01268,750,0.01269,2014,0.0127,826,0.01271,1225,0.01272,792,0.01273,1178,0.0000500000000000,1774152000000
8,5,350,0.01275,0.01273,-0.1569,1774137163716,0.01255,2521.65,0.01254,8273.72,0.01253,107059.73,0.01252,93312.6,0.01249,156478.8,0.01247,93312.6,0.01246,63316.18,0.01244,93312.6,0.01243,47907.43,0.01242,63316.18,0.0126,93312.6,0.01262,63316.18,0.01263,93312.6,0.01264,63316.18,0.01265,93312.6,0.01266,63166.2,0.01267,93312.6,0.01268,63166.2,0.01269,93312.6,0.01279,9772.39,0.01262,604,0.01261,111,0.0126,1241,0.01259,1640,0.01258,684,0.01257,1131,0.01256,740,0.01255,87,0.01254,1880,0.01253,837,0.01264,135,0.01265,130,0.01266,699,0.01267,1253,0.01268,749,0.01269,2014,0.0127,826,0.01271,1225,0.01272,742,0.01273,1228,0.0000500000000000,1774152000000
8,5,350,0.01276,0.01276,0.0,1774137164016,0.01255,2521.65,0.01254,8273.72,0.01253,107059.73,0.01252,93312.6,0.01249,156478.8,0.01247,93312.6,0.01246,63316.18,0.01244,93312.6,0.01243,47907.43,0.01242,63316.18,0.0126,93312.6,0.01262,63316.18,0.01263,93312.6,0.01264,63316.18,0.01265,93312.6,0.01266,63166.2,0.01267,93312.6,0.01268,63166.2,0.01269,93312.6,0.01279,9772.39,0.01263,85,0.01262,684,0.01261,1513,0.0126,1298,0.01259,1273,0.01258,684,0.01257,1131,0.01256,740,0.01255,883,0.01254,1830,0.01265,52,0.01266,11,0.01267,1226,0.01268,749,0.01269,1226,0.0127,826,0.01271,2011,0.01272,742,0.01273,1228,0.01274,744,0.0000500000000000,1774152000000
8,5,350,0.01276,0.01276,0.0,1774137164316,0.01255,4118.96,0.01254,101357.75,0.01253,107059.73,0.01252,93312.6,0.01249,156478.8,0.01247,93312.6,0.01246,63316.18,0.01244,93312.6,0.01242,63316.18,0.01241,163657.68,0.01261,4158.75,0.01262,63316.18,0.01263,93312.6,0.01264,63316.18,0.01265,93312.6,0.01266,63166.2,0.01267,93312.6,0.01268,63166.2,0.0127,96760.88,0.01272,2793.32,0.01265,9,0.01264,825,0.01263,1277,0.01262,1126,0.01261,1357,0.0126,749,0.01259,1273,0.01258,684,0.01257,1133,0.01256,690,0.01267,50,0.01268,850,0.01269,1757,0.0127,826,0.01271,1225,0.01272,742,0.01273,2013,0.01274,744,0.01275,1300,0.01276,695,0.0000500000000000,1774152000000
8,5,350,0.01276,0.01274,-0.1567,1774137164617,0.01255,67435.14,0.01254,93312.6,0.01253,107059.73,0.01252,93312.6,0.01249,156478.8,0.01247,93312.6,0.01246,63316.18,0.01244,93312.6,0.01242,63316.18,0.01241,163657.68,0.01259,93312.6,0.01261,93312.6,0.01262,63316.18,0.01263,93312.6,0.01264,63316.18,0.01265,93312.6,0.01266,63166.2,0.01267,93312.6,0.01268,71601.5,0.0127,3448.28,0.01264,712,0.01263,1199,0.01262,791,0.01261,1436,0.0126,749,0.01259,1277,0.01258,684,0.01257,1928,0.01256,740,0.01255,37,0.01266,9,0.01267,33,0.01268,799,0.01269,1528,0.0127,826,0.01271,1225,0.01272,742,0.01273,1228,0.01274,1529,0.01275,1300,0.0000500000000000,1774152000000
8,5,350,0.01276,0.01274,-0.1567,1774137164918,0.01254,11330.96,0.01253,107059.73,0.01252,93312.6,0.01249,156478.8,0.01247,93312.6,0.01246,63316.18,0.01244,93312.6,0.01242,63316.18,0.01241,163657.68,0.01239,93312.6,0.01259,90872.6,0.0126,63316.18,0.01261,93312.6,0.01262,63316.18,0.01263,93312.6,0.01264,63316.18,0.01265,93312.6,0.01266,63166.2,0.01268,8435.3,0.0127,3448.28,0.01265,100,0.01264,762,0.01263,1106,0.01262,819,0.01261,1229,0.0126,749,0.01259,1227,0.01258,684,0.01257,1928,0.01256,690,0.01267,59,0.01268,979,0.01269,1556,0.0127,1966,0.01271,1229,0.01272,742,0.01273,1228,0.01274,1529,0.01275,1300,0.01276,745,0.0000500000000000,1774152000000
8,5,350,0.01276,0.01274,-0.1567,1774137165219,0.01253,43893.53,0.01249,156478.8,0.01247,93312.6,0.01246,63316.18,0.01244,93312.6,0.01242,63316.18,0.01241,93312.6,0.0124,63316.18,0.01239,93312.6,0.01237,65022.43,0.01258,63316.18,0.01259,88432.6,0.0126,63316.18,0.01261,93312.6,0.01262,63316.18,0.01263,93312.6,0.01264,63316.18,0.01265,93312.6,0.01268,8435.3,0.0127,3448.28,0.01265,100,0.01264,762,0.01263,1106,0.01262,819,0.01261,1229,0.0126,749,0.01259,1227,0.01258,684,0.01257,1928,0.01256,690,0.01267,59,0.01268,979,0.01269,1556,0.0127,1966,0.01271,1229,0.01272,742,0.01273,1228,0.01274,1529,0.01275,1300,0.01276,745,0.0000500000000000,1774152000000
8,5,350,0.01275,0.01275,0.0,1774137165519,0.01253,43893.53,0.01249,156478.8,0.01247,93312.6,0.01246,63316.18,0.01244,93312.6,0.01242,63316.18,0.01241,93312.6,0.0124,63316.18,0.01239,93312.6,0.01237,65022.43,0.01258,63316.18,0.01259,88432.6,0.0126,63316.18,0.01261,93312.6,0.01262,63316.18,0.01263,93312.6,0.01264,63316.18,0.01265,93312.6,0.01268,8435.3,0.0127,3448.28,0.01266,669,0.01265,1223,0.01264,790,0.01263,1134,0.01262,1366,0.01261,1464,0.0126,749,0.01259,1227,0.01258,684,0.01257,1083,0.01267,79,0.01268,277,0.01269,229,0.0127,1324,0.01271,1229,0.01272,742,0.01273,2013,0.01274,744,0.01275,1300,0.01276,745,0.0000500000000000,1774152000000
8,5,350,0.01275,0.01275,0.0,1774137165819,0.01253,3993.72,0.01249,157484.49,0.01247,93312.6,0.01246,63316.18,0.01244,93312.6,0.01242,63316.18,0.01241,93312.6,0.0124,63316.18,0.01239,93312.6,0.01237,65022.43,0.01256,8317.68,0.01257,5686.74,0.01258,63316.18,0.01259,88432.6,0.0126,63316.18,0.01261,93312.6,0.01262,63316.18,0.01263,93312.6,0.01264,63316.18,0.01268,8435.3,0.01267,9,0.01266,721,0.01265,1275,0.01264,1258,0.01263,1134,0.01262,740,0.01261,1229,0.0126,749,0.01259,1227,0.01258,634,0.01268,4,0.01269,61,0.0127,1507,0.01271,1470,0.01272,740,0.01273,1228,0.01274,1529,0.01275,1300,0.01276,745,0.01277,1230,0.0000500000000000,1774152000000
8,5,350,0.01275,0.01274,-0.0784,1774137166120,0.01252,4316.5,0.01251,93312.6,0.01249,157484.49,0.01247,93312.6,0.01246,63316.18,0.01244,93312.6,0.01242,63316.18,0.01241,93312.6,0.0124,63316.18,0.01239,93312.6,0.01257,93312.6,0.01258,63316.18,0.01259,88432.6,0.0126,63316.18,0.01261,93312.6,0.01262,63316.18,0.01263,93312.6,0.01264,63316.18,0.01268,8435.3,0.0127,3448.28,0.01268,27,0.01267,205,0.01266,1129,0.01265,1459,0.01264,868,0.01263,1134,0.01262,740,0.01261,1229,0.0126,749,0.01259,1177,0.01271,1192,0.01272,662,0.01273,1773,0.01274,1529,0.01275,1270,0.01276,745,0.01277,1230,0.01278,88,0.01279,1808,0.0128,891,0.0000500000000000,1774152000000
8,5,350,0.01275,0.01273,-0.1569,1774137166420,0.01253,93312.6,0.01251,97316.58,0.01249,156478.8,0.01247,93312.6,0.01246,63316.18,0.01244,93312.6,0.01242,63316.18,0.01241,93312.6,0.0124,63316.18,0.01239,93312.6,0.01258,63316.18,0.01259,88432.6,0.0126,63316.18,0.01261,93312.6,0.01262,63316.18,0.01263,93312.6,0.01264,63316.18,0.01266,93312.6,0.01268,13416.51,0.0127,3448.28,0.01269,28,0.01268,84,0.01267,123,0.01266,1130,0.01265,1225,0.01264,740,0.01263,1134,0.01262,740,0.01261,1229,0.0126,749,0.01271,24,0.01272,10,0.01273,2462,0.01274,719,0.01275,1270,0.01276,1528,0.01277,1230,0.01278,88,0.01279,1808,0.0128,841,0.0000500000000000,1774152000000
8,5,350,0.01275,0.01274,-0.0784,1774137166720,0.01256,4102.74,0.01253,93312.6,0.01251,133280.6,0.01249,156478.8,0.01247,93312.6,0.01246,63316.18,0.01244,93312.6,0.01242,63316.18,0.01241,93312.6,0.0124,63316.18,0.01258,63316.18,0.0126,63316.18,0.01261,93312.6,0.01262,63316.18,0.01263,93312.6,0.01264,63316.18,0.01266,93312.6,0.01268,13416.51,0.0127,3448.28,0.01272,2793.32,0.01271,8,0.0127,742,0.01269,1178,0.01268,1060,0.01267,1291,0.01266,740,0.01265,1225,0.01264,740,0.01263,1134,0.01262,740,0.01272,2,0.01273,324,0.01274,9,0.01275,577,0.01276,88,0.01277,2011,0.01278,88,0.01279,1808,0.0128,36,0.01281,1089,0.0000500000000000,1774152000000
8,5,350,0.01275,0.01274,-0.0784,1774137167020,0.01255,93312.6,0.01254,63770.42,0.01253,93312.6,0.01252,63770.42,0.01251,93312.6,0.01249,156478.8,0.01247,93312.6,0.01246,63316.18,0.01244,93312.6,0.01242,63316.18,0.0126,63316.18,0.01261,975.04,0.01262,63316.18,0.01263,93312.6,0.01264,63316.18,0.01266,93312.6,0.01268,77186.93,0.01269,93312.6,0.0127,3448.28,0.01272,96105.92,0.01271,10,0.0127,746,0.01269,1178,0.01268,1269,0.01267,1213,0.01266,740,0.01265,1225,0.01264,740,0.01263,1134,0.01262,1532,0.01273,169,0.01274,110,0.01275,2059,0.01276,1017,0.01277,1888,0.01278,870,0.01279,1808,0.0128,36,0.01281,1089,0.01282,696,0.0000500000000000,1774152000000
8,5,350,0.01275,0.01274,-0.0784,1774137167322,0.01255,93312.6,0.01254,63770.42,0.01253,93312.6,0.01252,63770.42,0.01251,93312.6,0.01249,156478.8,0.01247,93312.6,0.01246,63316.18,0.01244,93312.6,0.01242,63316.18,0.0126,63316.18,0.01261,975.04,0.01262,63316.18,0.01263,93312.6,0.01264,63316.18,0.01266,93312.6,0.01268,77186.93,0.01269,93312.6,0.0127,3448.28,0.01272,96105.92,0.01271,10,0.0127,641,0.01269,1178,0.01268,1269,0.01267,1163,0.01266,740,0.01265,1225,0.01264,740,0.01263,1134,0.01262,1532,0.01273,169,0.01274,161,0.01275,88,0.01276,940,0.01277,1888,0.01278,870,0.01279,1808,0.0128,36,0.01281,1089,0.01282,696,0.0000500000000000,1774152000000
8,5,350,0.01275,0.01274,-0.0784,1774137167623,0.01257,97795.65,0.01256,63770.42,0.01255,93312.6,0.01254,64780.71,0.01253,93312.6,0.01252,63770.42,0.01251,93312.6,0.01249,156478.8,0.01247,93312.6,0.01246,63316.18,0.0126,63316.18,0.01262,63316.18,0.01263,93312.6,0.01264,63316.18,0.01266,93312.6,0.01268,72205.72,0.01269,101164.85,0.0127,3448.28,0.01272,96105.92,0.01302,1706.25,0.01271,10,0.0127,641,0.01269,1178,0.01268,1269,0.01267,1163,0.01266,740,0.01265,1225,0.01264,740,0.01263,1134,0.01262,1532,0.01273,169,0.01274,87,0.01275,113,0.01276,410,0.01277,1888,0.01278,870,0.01279,1832,0.0128,36,0.01281,1089,0.01282,696,0.0000500000000000,1774152000000
8,5,350,0.01275,0.01274,-0.0784,1774137167923,0.01257,4483.05,0.01256,63770.42,0.01255,93312.6,0.01254,63770.42,0.01253,93312.6,0.01252,63770.42,0.01251,93312.6,0.01249,156478.8,0.01247,93312.6,0.01246,63316.18,0.01262,63316.18,0.01263,93312.6,0.01264,63316.18,0.01266,93312.6,0.01268,72205.72,0.01269,107835.79,0.0127,3448.28,0.01272,159876.34,0.01302,1706.25,0.01304,1706.25,0.01272,52,0.01271,1278,0.0127,641,0.01269,1256,0.01268,698,0.01267,1163,0.01266,740,0.01265,1225,0.01264,740,0.01263,1134,0.01274,128,0.01275,169,0.01276,360,0.01277,2195,0.01278,870,0.01279,1808,0.0128,36,0.01281,1089,0.01282,696,0.01283,1006,0.0000500000000000,1774152000000
8,5,350,0.01275,0.01274,-0.0784,1774137168224,0.01258,93312.6,0.01256,63770.42,0.01255,93312.6,0.01254,64731.57,0.01253,93312.6,0.01252,63770.42,0.01251,93312.6,0.01249,156478.8,0.01247,93312.6,0.01246,63316.18,0.01262,63316.18,0.01263,93312.6,0.01264,63316.18,0.01266,93312.6,0.01268,72205.72,0.01269,107835.79,0.0127,3448.28,0.01272,159876.34,0.01302,1706.25,0.01304,1706.25,0.01272,52,0.01271,1200,0.0127,641,0.01269,1256,0.01268,698,0.01267,1163,0.01266,740,0.01265,1225,0.01264,740,0.01263,1134,0.01273,29,0.01274,128,0.01275,857,0.01276,1026,0.01277,1888,0.01278,1194,0.01279,1808,0.0128,36,0.01281,1089,0.01282,696,0.0000500000000000,1774152000000
8,5,350,0.01275,0.01275,0.0,1774137168525,0.01259,7084.43,0.01258,93312.6,0.01256,63770.42,0.01255,93312.6,0.01254,63770.42,0.01253,93312.6,0.01252,63770.42,0.01251,93312.6,0.01249,156478.8,0.01247,93312.6,0.01264,63316.18,0.01266,93312.6,0.01268,63770.42,0.01269,99983.54,0.0127,3448.28,0.01272,159876.34,0.01275,93312.6,0.01276,63770.42,0.01302,1706.25,0.01304,1706.25,0.01272,52,0.01271,1200,0.0127,641,0.01269,1334,0.01268,698,0.01267,1163,0.01266,740,0.01265,1225,0.01264,740,0.01263,1134,0.01273,21,0.01274,128,0.01275,865,0.01276,493,0.01277,1888,0.01278,1194,0.01279,1808,0.0128,36,0.01281,1089,0.01282,696,0.0000500000000000,1774152000000
8,5,350,0.01275,0.01275,0.0,1774137168825,0.01259,7084.43,0.01258,93312.6,0.01256,63770.42,0.01255,93312.6,0.01254,63770.42,0.01253,93312.6,0.01252,63770.42,0.01251,93312.6,0.01249,156478.8,0.01247,93312.6,0.01264,63316.18,0.01266,93312.6,0.01268,63770.42,0.01269,99983.54,0.0127,3448.28,0.01272,159876.34,0.01275,93312.6,0.01276,63770.42,0.01302,1706.25,0.01304,1706.25,0.01272,712,0.01271,1220,0.0127,641,0.01269,1178,0.01268,698,0.01267,1163,0.01266,740,0.01265,1225,0.01264,740,0.01263,1134,0.01274,128,0.01275,205,0.01276,920,0.01277,1228,0.01278,1194,0.01279,1808,0.0128,36,0.01281,1089,0.01282,696,0.01283,1006,0.0000500000000000,1774152000000
8,5,350,0.01275,0.01275,0.0,1774137169126,0.01259,8149.74,0.01258,93312.6,0.01256,63770.42,0.01255,93312.6,0.01254,63770.42,0.01253,93312.6,0.01252,63770.42,0.01251,93312.6,0.01249,156478.8,0.01247,93312.6,0.01264,63316.18,0.01266,93312.6,0.01268,63770.42,0.01269,93312.6,0.01272,157083.02,0.01273,4981.21,0.01275,93312.6,0.01276,63770.42,0.01304,1706.25,0.01305,1706.25,0.01272,662,0.01271,1220,0.0127,641,0.01269,1256,0.01268,698,0.01267,1163,0.01266,740,0.01265,1225,0.01264,740,0.01263,1134,0.01274,128,0.01275,255,0.01276,263,0.01277,1964,0.01278,1194,0.01279,1808,0.0128,36,0.01281,1089,0.01282,696,0.01283,1006,0.0000500000000000,1774152000000
8,5,350,0.01275,0.01275,0.0,1774137169427,0.0126,4056.81,0.01259,63770.42,0.01258,93312.6,0.01256,63770.42,0.01255,93312.6,0.01254,63770.42,0.01253,93312.6,0.01252,63770.42,0.01251,93312.6,0.01249,156478.8,0.01264,63316.18,0.01266,93312.6,0.01268,63770.42,0.01269,93312.6,0.01272,157083.02,0.01273,18989.82,0.01275,93312.6,0.01276,63770.42,0.01304,1706.25,0.01305,1706.25,0.01272,662,0.01271,1220,0.0127,641,0.01269,1490,0.01268,698,0.01267,1163,0.01266,740,0.01265,1225,0.01264,740,0.01263,1134,0.01274,128,0.01275,255,0.01276,38,0.01277,1888,0.01278,1194,0.01279,1808,0.0128,36,0.01281,1089,0.01282,696,0.01283,1006,0.0000500000000000,1774152000000
8,5,350,0.01275,0.01275,0.0,1774137169727,0.01261,4300.39,0.01259,63770.42,0.01258,93312.6,0.01256,63770.42,0.01255,93312.6,0.01254,63770.42,0.01253,93312.6,0.01252,63770.42,0.01251,93312.6,0.01249,156478.8,0.01264,63316.18,0.01266,93312.6,0.01268,63770.42,0.01269,93312.6,0.01272,157083.02,0.01273,18989.82,0.01275,93312.6,0.01276,63770.42,0.01278,7450.82,0.01304,1706.25,0.01273,1140,0.01272,662,0.01271,1298,0.0127,641,0.01269,1724,0.01268,698,0.01267,1163,0.01266,740,0.01265,1225,0.01264,740,0.01274,128,0.01275,255,0.01276,10,0.01277,1964,0.01278,1194,0.01279,1808,0.0128,36,0.01281,1089,0.01282,696,0.01283,1006,0.0000500000000000,1774152000000
8,5,350,0.01275,0.01275,0.0,1774137170027,0.01262,4137.22,0.01261,93312.6,0.01259,63770.42,0.01258,93312.6,0.01256,63770.42,0.01255,93312.6,0.01254,63770.42,0.01253,93312.6,0.01252,63770.42,0.01251,93312.6,0.01266,93312.6,0.01268,63770.42,0.01269,93312.6,0.01272,157083.02,0.01273,14008.61,0.01275,93312.6,0.01276,63770.42,0.01278,7450.82,0.01304,1706.25,0.01305,1706.25,0.01272,662,0.01271,1270,0.0127,641,0.01269,1568,0.01268,698,0.01267,1163,0.01266,740,0.01265,1225,0.01264,740,0.01263,1134,0.01274,128,0.01275,255,0.01276,38,0.01277,2191,0.01278,1194,0.01279,1808,0.0128,36,0.01281,1089,0.01282,696,0.01283,1006,0.0000500000000000,1774152000000
8,5,350,0.01275,0.01275,0.0,1774137170328,0.01263,3933.12,0.01262,8122.59,0.01261,93312.6,0.01259,63770.42,0.01258,93312.6,0.01256,63770.42,0.01255,93312.6,0.01254,63770.42,0.01253,93312.6,0.01252,63770.42,0.01266,63366.33,0.01267,93312.6,0.01268,63770.42,0.01269,93312.6,0.01272,157083.02,0.01274,63366.33,0.01275,93312.6,0.01278,7450.82,0.01304,1706.25,0.01305,1706.25,0.01272,662,0.01271,1270,0.0127,641,0.01269,2036,0.01268,698,0.01267,1163,0.01266,740,0.01265,1225,0.01264,740,0.01263,1134,0.01274,128,0.01275,255,0.01276,38,0.01277,1888,0.01278,1194,0.01279,1808,0.0128,36,0.01281,1089,0.01282,696,0.01283,1006,0.0000500000000000,1774152000000
8,5,350,0.01275,0.01275,0.0,1774137170629,0.01262,98262.21,0.0126,93312.6,0.01259,63770.42,0.01258,93312.6,0.01256,63770.42,0.01255,93312.6,0.01254,63770.42,0.01253,93312.6,0.01252,63770.42,0.01251,93312.6,0.01267,99179.14,0.01268,63770.42,0.01269,93312.6,0.01272,157083.02,0.01274,63366.33,0.01275,107310.71,0.01278,70817.15,0.01304,1706.25,0.01305,1706.25,0.01306,1706.25,0.01272,662,0.01271,1270,0.0127,641,0.01269,1594,0.01268,698,0.01267,1163,0.01266,740,0.01265,1225,0.01264,740,0.01263,1134,0.01274,128,0.01275,255,0.01276,88,0.01277,1888,0.01278,1194,0.01279,1808,0.0128,36,0.01281,1089,0.01282,696,0.01283,1006,0.0000500000000000,1774152000000
8,5,350,0.01275,0.01275,0.0,1774137170929,0.01262,93312.6,0.0126,93312.6,0.01259,63770.42,0.01258,93312.6,0.01256,63770.42,0.01255,93312.6,0.01254,63770.42,0.01253,93312.6,0.01252,63770.42,0.01251,93312.6,0.01266,93312.6,0.01268,63770.42,0.01269,93312.6,0.01272,157083.02,0.01274,63366.33,0.01275,99951.93,0.01278,70817.15,0.01304,1706.25,0.01305,1706.25,0.01306,1706.25,0.01273,8,0.01272,662,0.01271,1294,0.0127,641,0.01269,1750,0.01268,698,0.01267,1163,0.01266,740,0.01265,1225,0.01264,740,0.01274,128,0.01275,255,0.01276,88,0.01277,1888,0.01278,1194,0.01279,1808,0.0128,36,0.01281,1089,0.01282,696,0.01283,1006,0.0000500000000000,1774152000000
8,5,350,0.01275,0.01275,0.0,1774137171229,0.01262,93312.6,0.01261,4012.67,0.0126,93312.6,0.01259,63770.42,0.01258,94326.17,0.01256,63770.42,0.01255,93312.6,0.01254,63770.42,0.01253,93312.6,0.01252,63770.42,0.01266,93312.6,0.01268,63770.42,0.01269,93312.6,0.0127,7815.03,0.01272,157083.02,0.01274,63366.33,0.01275,99951.93,0.01278,70817.15,0.01304,1706.25,0.01305,1706.25,0.01273,3,0.01272,656,0.01271,1298,0.0127,797,0.01269,1875,0.01268,698,0.01267,1163,0.01266,740,0.01265,1225,0.01264,740,0.01274,128,0.01275,255,0.01276,88,0.01277,1964,0.01278,1194,0.01279,1808,0.0128,36,0.01281,1089,0.01282,696,0.01283,1006,0.0000500000000000,1774152000000
8,5,350,0.01275,0.01276,0.0784,1774137171530,0.01262,93312.6,0.01261,4012.67,0.0126,93312.6,0.01259,63770.42,0.01258,94326.17,0.01256,63770.42,0.01255,93312.6,0.01254,63770.42,0.01253,93312.6,0.01252,63770.42,0.01266,93312.6,0.01268,63770.42,0.01269,93312.6,0.0127,7815.03,0.01272,157083.02,0.01274,63366.33,0.01275,99951.93,0.01278,70817.15,0.01304,1706.25,0.01305,1706.25,0.01272,656,0.01271,1298,0.0127,875,0.01269,1827,0.01268,698,0.01267,1163,0.01266,740,0.01265,1225,0.01264,740,0.01263,1134,0.01274,128,0.01275,255,0.01276,88,0.01277,1888,0.01278,1194,0.01279,1808,0.0128,36,0.01281,1089,0.01282,696,0.01283,1006,0.0000500000000000,1774152000000
8,5,350,0.01275,0.01276,0.0784,1774137171831,0.01261,78447.07,0.0126,93312.6,0.01259,63770.42,0.01258,93312.6,0.01256,63770.42,0.01255,93312.6,0.01254,63770.42,0.01253,93312.6,0.01252,63770.42,0.01251,93312.6,0.01266,91822.13,0.01268,63770.42,0.01269,103768.4,0.0127,7815.03,0.01272,157083.02,0.01274,63366.33,0.01275,99951.93,0.01278,70817.15,0.01304,1706.25,0.01305,1706.25,0.01272,8,0.01271,1270,0.0127,875,0.01269,1827,0.01268,1010,0.01267,1163,0.01266,740,0.01265,1225,0.01264,740,0.01263,1134,0.01273,2,0.01274,128,0.01275,282,0.01276,88,0.01277,1888,0.01278,1194,0.01279,1842,0.0128,36,0.01281,1089,0.01282,696,0.0000500000000000,1774152000000
8,5,350,0.01275,0.01276,0.0784,1774137172132,0.01261,78447.07,0.0126,93312.6,0.01259,63770.42,0.01258,93312.6,0.01256,63770.42,0.01255,93312.6,0.01254,63770.42,0.01253,93312.6,0.01252,63770.42,0.01251,93312.6,0.01266,91822.13,0.01268,63770.42,0.01269,103768.4,0.0127,7815.03,0.01272,157083.02,0.01274,63366.33,0.01275,99951.93,0.01278,70817.15,0.01304,1706.25,0.01305,1706.25,0.01271,1270,0.0127,719,0.01269,1827,0.01268,1088,0.01267,1163,0.01266,740,0.01265,1225,0.01264,740,0.01263,1134,0.01262,1532,0.01273,52,0.01274,128,0.01275,282,0.01276,88,0.01277,1888,0.01278,1194,0.01279,1842,0.0128,36,0.01281,1089,0.01282,696,0.0000500000000000,1774152000000
8,5,350,0.01275,0.01276,0.0784,1774137172433,0.01262,93312.6,0.01261,67379,0.0126,93312.6,0.01259,63770.42,0.01258,93312.6,0.01256,63770.42,0.01255,93312.6,0.01254,63770.42,0.01253,93312.6,0.01252,63770.42,0.01266,91822.13,0.01268,63770.42,0.01269,103768.4,0.0127,7815.03,0.01272,157083.02,0.01274,63366.33,0.01275,99951.93,0.01278,70817.15,0.01304,1706.25,0.01305,1706.25,0.01272,10,0.01271,1270,0.0127,1031,0.01269,1646,0.01268,698,0.01267,1163,0.01266,740,0.01265,1225,0.01264,740,0.01263,1134,0.01274,78,0.01275,232,0.01276,88,0.01277,2342,0.01278,1194,0.01279,1808,0.0128,36,0.01281,1089,0.01282,696,0.01283,1006,0.0000500000000000,1774152000000
8,5,350,0.01275,0.01276,0.0784,1774137172734,0.01262,93312.6,0.01261,67379,0.0126,93312.6,0.01259,63770.42,0.01258,93312.6,0.01256,63770.42,0.01255,93312.6,0.01254,63770.42,0.01253,93312.6,0.01252,63770.42,0.01266,91822.13,0.01268,63770.42,0.01269,103768.4,0.0127,7815.03,0.01271,7358.78,0.01272,157083.02,0.01274,63366.33,0.01275,99951.93,0.01278,72473.38,0.01304,1706.25,0.01272,733,0.01271,1270,0.0127,797,0.01269,1672,0.01268,698,0.01267,1163,0.01266,740,0.01265,1225,0.01264,1531,0.01263,1134,0.01274,78,0.01275,169,0.01276,124,0.01277,1888,0.01278,1194,0.01279,1808,0.0128,36,0.01281,1089,0.01282,696,0.01283,1006,0.0000500000000000,1774152000000
8,5,350,0.01275,0.01276,0.0784,1774137173034,0.01265,4217.3,0.01264,4164.14,0.01263,67264.33,0.01262,93312.6,0.01261,67379,0.0126,93312.6,0.01259,63770.42,0.01258,93312.6,0.01256,63770.42,0.01255,93312.6,0.01268,157083.02,0.01269,10455.8,0.0127,7815.03,0.01271,7358.78,0.01272,157083.02,0.01274,63366.33,0.01275,99951.93,0.01278,165785.98,0.01304,1706.25,0.01305,1706.25,0.01272,733,0.01271,1376,0.0127,641,0.01269,1880,0.01268,698,0.01267,1163,0.01266,740,0.01265,1225,0.01264,1531,0.01263,1134,0.01274,8,0.01275,169,0.01276,124,0.01277,1888,0.01278,2102,0.01279,1808,0.0128,36,0.01281,1089,0.01282,696,0.01283,1006,0.0000500000000000,1774152000000
8,5,350,0.01275,0.01276,0.0784,1774137173335,0.01265,8313.74,0.01264,4164.14,0.01263,67264.33,0.01262,93312.6,0.01261,67379,0.0126,93312.6,0.01259,63770.42,0.01258,93312.6,0.01256,63770.42,0.01255,93312.6,0.01268,157083.02,0.01269,10455.8,0.0127,7815.03,0.01271,7358.78,0.01272,157083.02,0.01274,63366.33,0.01275,99951.93,0.01278,165785.98,0.01304,1706.25,0.01305,1706.25,0.01272,725,0.01271,1270,0.0127,641,0.01269,1256,0.01268,698,0.01267,1163,0.01266,740,0.01265,1225,0.01264,740,0.01263,1925,0.01274,8,0.01275,169,0.01276,124,0.01277,2487,0.01278,1194,0.01279,1808,0.0128,36,0.01281,1089,0.01282,696,0.01283,1006,0.0000500000000000,1774152000000
8,5,350,0.01275,0.01276,0.0784,1774137173635,0.01265,4217.3,0.01264,4164.14,0.01263,67264.33,0.01262,93312.6,0.01261,67379,0.0126,93312.6,0.01259,63770.42,0.01258,93312.6,0.01256,63770.42,0.01255,93312.6,0.01268,157083.02,0.01269,10455.8,0.0127,7815.03,0.01271,7358.78,0.01272,157083.02,0.01274,63366.33,0.01275,99951.93,0.01278,165785.98,0.01304,1706.25,0.01305,1706.25,0.01272,725,0.01271,1270,0.0127,641,0.01269,1568,0.01268,698,0.01267,1163,0.01266,740,0.01265,1225,0.01264,740,0.01263,1925,0.01274,8,0.01275,169,0.01276,124,0.01277,2260,0.01278,1194,0.01279,1808,0.0128,36,0.01281,1089,0.01282,696,0.01283,1006,0.0000500000000000,1774152000000
8,5,350,0.01276,0.01276,0.0,1774137173935,0.01268,4160.16,0.01267,3804.14,0.01265,8320.33,0.01264,97476.74,0.01263,63291.13,0.01262,93312.6,0.01261,67379,0.0126,93312.6,0.01259,63770.42,0.01258,93312.6,0.01269,10455.8,0.0127,101127.63,0.01271,7358.78,0.01272,157083.02,0.01274,63366.33,0.01275,93312.6,0.01278,165785.98,0.01282,63291.13,0.01304,1706.25,0.01305,1706.25,0.01271,100,0.0127,723,0.01269,1150,0.01268,748,0.01267,1140,0.01266,776,0.01265,1225,0.01264,740,0.01263,1134,0.01262,740,0.01272,41,0.01273,83,0.01274,834,0.01275,986,0.01276,164,0.01277,3300,0.01278,412,0.01279,1808,0.0128,36,0.01281,1089,0.0000500000000000,1774152000000
8,5,350,0.01277,0.01276,-0.0783,1774137174236,0.01268,4160.16,0.01267,3804.14,0.01265,8320.33,0.01264,97476.74,0.01263,63291.13,0.01262,93312.6,0.01261,67379,0.0126,93312.6,0.01259,63770.42,0.01258,93312.6,0.01269,10455.8,0.0127,101127.63,0.01271,7358.78,0.01272,157083.02,0.01274,63366.33,0.01275,93312.6,0.01278,165785.98,0.01282,63291.13,0.01304,1706.25,0.01305,1706.25,0.01269,1150,0.01268,889,0.01267,1167,0.01266,1088,0.01265,1225,0.01264,740,0.01263,1134,0.01262,740,0.01261,1229,0.0126,749,0.01271,8,0.01272,10,0.01273,83,0.01274,755,0.01275,985,0.01276,38,0.01277,2712,0.01278,88,0.01279,1808,0.0128,36,0.0000500000000000,1774152000000
8,5,350,0.01278,0.01276,-0.1565,1774137174537,0.01264,93312.6,0.01263,63291.13,0.01262,93312.6,0.01261,67379,0.0126,93312.6,0.01259,63770.42,0.01258,93312.6,0.01256,63770.42,0.01255,93312.6,0.01254,63770.42,0.01268,93312.6,0.01269,73746.93,0.0127,107756.48,0.01271,7358.78,0.01272,157083.02,0.01274,63366.33,0.01275,93312.6,0.01278,72473.38,0.01304,1706.25,0.01305,1706.25,0.01271,1140,0.0127,809,0.01269,1150,0.01268,852,0.01267,1479,0.01266,854,0.01265,1225,0.01264,740,0.01263,1134,0.01262,740,0.01272,2,0.01273,60,0.01274,755,0.01275,683,0.01276,360,0.01277,2671,0.01278,88,0.01279,1848,0.0128,36,0.01281,1089,0.0000500000000000,1774152000000
8,5,350,0.01278,0.01278,0.0,1774137174837,0.01265,8319.45,0.01264,93312.6,0.01263,63291.13,0.01262,93312.6,0.01261,67379,0.0126,93312.6,0.01259,63770.42,0.01258,93312.6,0.01256,63770.42,0.01255,93312.6,0.01268,93312.6,0.01269,73746.93,0.0127,107756.48,0.01271,7358.78,0.01272,157083.02,0.01274,63366.33,0.01275,93312.6,0.01278,72473.38,0.01304,1706.25,0.01305,22862.96,0.01271,1140,0.0127,801,0.01269,1150,0.01268,852,0.01267,1167,0.01266,776,0.01265,1225,0.01264,740,0.01263,1134,0.01262,740,0.01272,10,0.01273,60,0.01274,755,0.01275,759,0.01276,360,0.01277,2671,0.01278,88,0.01279,1848,0.0128,36,0.01281,1089,0.0000500000000000,1774152000000
8,5,350,0.01278,0.01277,-0.0782,1774137175138,0.01265,4196.9,0.01264,93312.6,0.01263,63291.13,0.01262,93312.6,0.01261,67379,0.0126,93312.6,0.01259,63770.42,0.01258,93312.6,0.01256,63770.42,0.01255,93312.6,0.01268,93312.6,0.01269,73746.93,0.0127,107756.48,0.01271,7358.78,0.01272,157083.02,0.01274,63366.33,0.01275,93312.6,0.01278,72473.38,0.01304,1706.25,0.01305,22862.96,0.01271,1140,0.0127,801,0.01269,1150,0.01268,1086,0.01267,1167,0.01266,776,0.01265,1225,0.01264,740,0.01263,1134,0.01262,740,0.01272,10,0.01273,60,0.01274,755,0.01275,2129,0.01276,1143,0.01277,1888,0.01278,88,0.01279,1808,0.0128,36,0.01281,1089,0.0000500000000000,1774152000000
8,5,350,0.01279,0.01278,-0.0782,1774137175438,0.01266,4171.17,0.01265,3793.56,0.01264,93312.6,0.01263,63291.13,0.01262,94323.27,0.01261,67379,0.0126,93312.6,0.01259,63770.42,0.01258,93312.6,0.01256,63770.42,0.01268,964.14,0.01269,73746.93,0.0127,14443.88,0.01271,7358.78,0.01272,157083.02,0.01274,63366.33,0.01275,93312.6,0.01278,72473.38,0.01304,1706.25,0.01305,22862.96,0.01271,1228,0.0127,801,0.01269,1175,0.01268,1072,0.01267,1167,0.01266,776,0.01265,1225,0.01264,740,0.01263,1134,0.01262,740,0.01272,8,0.01273,60,0.01274,731,0.01275,2306,0.01276,1585,0.01277,1860,0.01278,88,0.01279,1808,0.0128,36,0.01281,1089,0.0000500000000000,1774152000000
8,5,350,0.01279,0.01276,-0.2346,1774137175739,0.01264,97480.48,0.01262,93312.6,0.01261,67379,0.01259,63770.42,0.01258,93312.6,0.01256,63770.42,0.01255,93312.6,0.01253,93312.6,0.01251,93312.6,0.01249,93312.6,0.01269,14372.27,0.0127,107756.48,0.01271,11483.15,0.01272,157083.02,0.01274,63366.33,0.01275,93312.6,0.01278,72473.38,0.01304,1706.25,0.01305,22862.96,0.01306,1706.25,0.01271,1228,0.0127,801,0.01269,1175,0.01268,1161,0.01267,1167,0.01266,776,0.01265,1225,0.01264,740,0.01263,1134,0.01262,740,0.01272,8,0.01273,60,0.01274,731,0.01275,1345,0.01276,359,0.01277,2670,0.01278,88,0.01279,1808,0.0128,36,0.01281,1089,0.0000500000000000,1774152000000
8,5,350,0.01279,0.01276,-0.2346,1774137176040,0.01264,97480.48,0.01262,93312.6,0.01261,67379,0.01259,63770.42,0.01258,93312.6,0.01256,63770.42,0.01255,93312.6,0.01253,93312.6,0.01251,93312.6,0.01249,93312.6,0.01269,14372.27,0.0127,107756.48,0.01271,11483.15,0.01272,157083.02,0.01274,63366.33,0.01275,93312.6,0.01278,72473.38,0.01304,1706.25,0.01305,22862.96,0.01306,1706.25,0.01272,58,0.01271,1228,0.0127,750,0.01269,1409,0.01268,1150,0.01267,1167,0.01266,776,0.01265,1225,0.01264,740,0.01263,1134,0.01273,2,0.01274,86,0.01275,2142,0.01276,679,0.01277,2643,0.01278,88,0.01279,1808,0.0128,36,0.01281,1089,0.01282,696,0.0000500000000000,1774152000000
8,5,350,0.01279,0.01276,-0.2346,1774137176340,0.01267,4354.5,0.01266,8292.25,0.01265,93312.6,0.01263,63291.13,0.01262,93312.6,0.01261,67379,0.0126,93312.6,0.01259,63770.42,0.01258,93312.6,0.01256,63770.42,0.01272,157083.02,0.01274,63366.33,0.01275,93312.6,0.01278,165785.98,0.01281,93312.6,0.01282,63291.13,0.01304,1706.25,0.01305,22862.96,0.01306,1706.25,0.01307,9411.26,0.01272,58,0.01271,1228,0.0127,750,0.01269,1409,0.01268,838,0.01267,1167,0.01266,776,0.01265,1225,0.01264,740,0.01263,1134,0.01273,2,0.01274,86,0.01275,2142,0.01276,604,0.01277,2643,0.01278,88,0.01279,1808,0.0128,36,0.01281,1089,0.01282,696,0.0000500000000000,1774152000000
8,5,350,0.01279,0.01276,-0.2346,1774137176641,0.01267,4354.5,0.01266,8292.25,0.01265,93312.6,0.01263,63291.13,0.01262,93312.6,0.01261,67379,0.0126,93312.6,0.01259,63770.42,0.01258,93312.6,0.01256,63770.42,0.01272,157083.02,0.01274,63366.33,0.01275,93312.6,0.01278,165785.98,0.01281,93312.6,0.01282,63291.13,0.01304,1706.25,0.01305,22862.96,0.01306,1706.25,0.01307,9411.26,0.01272,50,0.01271,1253,0.0127,758,0.01269,1175,0.01268,760,0.01267,1167,0.01266,776,0.01265,1225,0.01264,740,0.01263,1134,0.01274,58,0.01275,205,0.01276,1130,0.01277,2578,0.01278,1022,0.01279,1808,0.0128,36,0.01281,1089,0.01282,696,0.01283,1006,0.0000500000000000,1774152000000
8,5,350,0.01279,0.01276,-0.2346,1774137176942,0.01269,4098.84,0.01267,101595.55,0.01266,8282.95,0.01265,156603.73,0.01263,63291.13,0.01262,93312.6,0.01261,67379,0.0126,93312.6,0.01259,63770.42,0.01258,93312.6,0.01274,69789.11,0.01275,93312.6,0.01278,164129.75,0.01281,94955.86,0.01282,63291.13,0.01284,93312.6,0.01304,1706.25,0.01305,22862.96,0.01306,1706.25,0.01307,9411.26,0.0127,721,0.01269,1150,0.01268,757,0.01267,1479,0.01266,726,0.01265,1175,0.01264,690,0.01263,1084,0.01262,690,0.01261,1972,0.01272,10,0.01273,87,0.01274,803,0.01275,2200,0.01276,1082,0.01277,1960,0.01278,40,0.01279,1758,0.0128,36,0.01281,1089,0.0000500000000000,1774152000000
8,5,350,0.01279,0.01276,-0.2346,1774137177243,0.01269,4098.84,0.01267,101595.55,0.01266,8282.95,0.01265,156603.73,0.01263,63291.13,0.01262,93312.6,0.01261,67379,0.0126,93312.6,0.01259,63770.42,0.01258,93312.6,0.01274,69789.11,0.01275,93312.6,0.01278,164129.75,0.01281,94955.86,0.01282,63291.13,0.01284,93312.6,0.01304,1706.25,0.01305,22862.96,0.01306,1706.25,0.01307,9411.26,0.0127,719,0.01269,1142,0.01268,757,0.01267,1243,0.01266,726,0.01265,1175,0.01264,690,0.01263,1084,0.01262,690,0.01261,1972,0.01272,10,0.01273,87,0.01274,803,0.01275,2280,0.01276,1865,0.01277,1177,0.01278,40,0.01279,1758,0.0128,36,0.01281,1089,0.0000500000000000,1774152000000
8,5,350,0.01279,0.01277,-0.1564,1774137177543,0.01269,4098.84,0.01267,101595.55,0.01266,8282.95,0.01265,156603.73,0.01263,63291.13,0.01262,93312.6,0.01261,67379,0.0126,93312.6,0.01259,63770.42,0.01258,93312.6,0.01274,69789.11,0.01275,93312.6,0.01278,164129.75,0.01281,94955.86,0.01282,63291.13,0.01284,93312.6,0.01304,1706.25,0.01305,22862.96,0.01306,1706.25,0.01307,9411.26,0.01269,80,0.01268,29,0.01267,1243,0.01266,726,0.01265,1175,0.01264,690,0.01263,1084,0.01262,690,0.01261,1179,0.0126,699,0.01272,733,0.01273,1301,0.01274,1199,0.01275,2351,0.01276,1865,0.01277,1177,0.01278,40,0.01279,1758,0.0128,36,0.01281,1089,0.0000500000000000,1774152000000
8,5,350,0.01279,0.01277,-0.1564,1774137177844,0.01268,5011.37,0.01267,8273.17,0.01266,93312.6,0.01265,63291.13,0.01263,156603.73,0.01261,67379,0.0126,93312.6,0.01259,63770.42,0.01258,93312.6,0.01256,63770.42,0.01271,93312.6,0.01273,93312.6,0.01274,70769.37,0.01275,93312.6,0.01278,164129.75,0.0128,62967.33,0.01281,1643.26,0.01304,1706.25,0.01305,22862.96,0.01306,1706.25,0.01269,79,0.01268,2,0.01267,1216,0.01266,726,0.01265,1175,0.01264,690,0.01263,1084,0.01262,690,0.01261,1179,0.0126,699,0.01271,24,0.01272,760,0.01273,1301,0.01274,1177,0.01275,3135,0.01276,1082,0.01277,1177,0.01278,40,0.01279,1758,0.0128,36,0.0000500000000000,1774152000000
8,5,350,0.01279,0.01277,-0.1564,1774137178145,0.01269,93312.6,0.01267,160561.54,0.01265,156603.73,0.01263,157615.18,0.01261,67379,0.0126,93312.6,0.01259,63770.42,0.01258,93312.6,0.01255,93312.6,0.01253,93312.6,0.01273,93312.6,0.01274,69789.11,0.01275,93312.6,0.01278,164129.75,0.0128,62967.33,0.01281,94955.86,0.01284,62967.33,0.01304,1706.25,0.01305,22862.96,0.01306,1706.25,0.01268,2,0.01266,38,0.01265,1175,0.01264,690,0.01263,1084,0.01262,690,0.01261,1179,0.0126,699,0.01259,1177,0.01258,1429,0.01269,8,0.0127,750,0.01271,1301,0.01272,2218,0.01273,1499,0.01274,753,0.01275,2075,0.01276,760,0.01277,1177,0.01278,40,0.0000500000000000,1774152000000
8,5,350,0.01279,0.01277,-0.1564,1774137178445,0.01269,93312.6,0.01267,160561.54,0.01265,156603.73,0.01263,157615.18,0.01261,67379,0.0126,93312.6,0.01259,63770.42,0.01258,93312.6,0.01255,93312.6,0.01253,93312.6,0.01273,93312.6,0.01274,69789.11,0.01275,93312.6,0.01278,164129.75,0.0128,62967.33,0.01281,94955.86,0.01284,62967.33,0.01304,1706.25,0.01305,22862.96,0.01306,1706.25,0.01268,10,0.01267,83,0.01266,53,0.01265,1568,0.01264,1001,0.01263,1473,0.01262,690,0.01261,1179,0.0126,699,0.01259,1177,0.0127,485,0.01271,1227,0.01272,760,0.01273,2284,0.01274,753,0.01275,1291,0.01276,760,0.01277,1177,0.01278,40,0.01279,1758,0.0000500000000000,1774152000000
8,5,350,0.01276,0.01277,0.0784,1774137178746,0.01269,93312.6,0.01267,156279.93,0.01265,156603.73,0.01263,157615.18,0.01261,67379,0.0126,93312.6,0.01259,63770.42,0.01258,93312.6,0.01255,93312.6,0.01253,93312.6,0.01273,93312.6,0.01274,69789.11,0.01275,93312.6,0.01278,164129.75,0.0128,62967.33,0.01281,102727.92,0.01284,62967.33,0.01304,1706.25,0.01305,22862.96,0.01306,1706.25,0.01268,59,0.01267,85,0.01266,53,0.01265,1819,0.01264,830,0.01263,1083,0.01262,690,0.01261,1179,0.0126,699,0.01259,1177,0.0127,485,0.01271,1224,0.01272,733,0.01273,2438,0.01274,753,0.01275,1291,0.01276,760,0.01277,1177,0.01278,40,0.01279,1758,0.0000500000000000,1774152000000
8,5,350,0.01276,0.01276,0.0,1774137179046,0.01269,52307.66,0.01267,156279.93,0.01265,156603.73,0.01263,156603.73,0.01261,67379,0.0126,93312.6,0.01259,63770.42,0.01258,93312.6,0.01255,93312.6,0.01253,93312.6,0.01273,93312.6,0.01274,69789.11,0.01275,93312.6,0.01278,164129.75,0.0128,62967.33,0.01281,102727.92,0.01284,62967.33,0.01304,1706.25,0.01305,22862.96,0.01306,1706.25,0.01268,51,0.01267,85,0.01266,854,0.01265,1507,0.01264,752,0.01263,1083,0.01262,690,0.01261,1179,0.0126,699,0.01259,1177,0.0127,485,0.01271,1150,0.01272,808,0.01273,2510,0.01274,753,0.01275,1291,0.01276,760,0.01277,1177,0.01278,40,0.01279,1758,0.0000500000000000,1774152000000
8,5,350,0.01277,0.01276,-0.0783,1774137179347,0.01269,52307.66,0.01267,156279.93,0.01265,156603.73,0.01263,156603.73,0.01261,67379,0.0126,93312.6,0.01259,63770.42,0.01258,93312.6,0.01255,93312.6,0.01253,93312.6,0.01273,93312.6,0.01274,69789.11,0.01275,93312.6,0.01278,164129.75,0.0128,62967.33,0.01281,102727.92,0.01284,62967.33,0.01304,1706.25,0.01305,22862.96,0.01306,1706.25,0.01268,51,0.01267,85,0.01266,757,0.01265,1821,0.01264,752,0.01263,1083,0.01262,726,0.01261,1179,0.0126,699,0.01259,1177,0.01269,78,0.0127,8,0.01271,1150,0.01272,911,0.01273,2284,0.01274,753,0.01275,1291,0.01276,760,0.01277,1177,0.01278,40,0.0000500000000000,1774152000000
8,5,350,0.01277,0.01276,-0.0783,1774137179648,0.01267,156279.93,0.01265,157575.28,0.01263,156603.73,0.01261,67379,0.0126,93312.6,0.01259,63770.42,0.01258,93312.6,0.01255,93312.6,0.01253,93312.6,0.0125,3294.22,0.01273,94303.68,0.01274,69789.11,0.01275,93312.6,0.01278,164129.75,0.0128,62967.33,0.01281,102727.92,0.01282,6602.82,0.01284,156279.93,0.01304,1706.25,0.01305,22862.96,0.01269,8,0.01268,77,0.01267,1225,0.01266,852,0.01265,1256,0.01264,752,0.01263,1083,0.01262,726,0.01261,1179,0.0126,699,0.01271,1150,0.01272,733,0.01273,2257,0.01274,1566,0.01275,1291,0.01276,760,0.01277,1177,0.01278,40,0.01279,1758,0.0128,36,0.0000500000000000,1774152000000
8,5,350,0.01277,0.01276,-0.0783,1774137179949,0.0127,4813.97,0.01269,93312.6,0.01267,156279.93,0.01265,157575.28,0.01263,156603.73,0.01261,67379,0.0126,93312.6,0.01259,63770.42,0.01258,93312.6,0.01255,93312.6,0.01273,991.08,0.01274,69789.11,0.01275,93312.6,0.01278,164129.75,0.0128,62967.33,0.01281,94955.86,0.01282,6602.82,0.01284,156279.93,0.01287,93312.6,0.01304,1706.25,0.01271,8,0.0127,8,0.01269,84,0.01268,1206,0.01267,1303,0.01266,1197,0.01265,1178,0.01264,752,0.01263,1083,0.01262,726,0.01272,2,0.01273,1472,0.01274,1516,0.01275,1264,0.01276,760,0.01277,1177,0.01278,40,0.01279,1758,0.0128,36,0.01281,1894,0.0000500000000000,1774152000000
8,5,350,0.01277,0.01276,-0.0783,1774137180250,0.01267,156279.93,0.01265,157575.28,0.01263,156603.73,0.01261,67379,0.0126,93312.6,0.01259,63770.42,0.01258,93312.6,0.01255,93312.6,0.01253,93312.6,0.0125,50595.22,0.01274,63366.33,0.01275,93312.6,0.01278,164129.75,0.0128,62967.33,0.01281,93312.6,0.01284,156279.93,0.01287,93312.6,0.01304,1706.25,0.01305,22862.96,0.01306,1706.25,0.01271,83,0.0127,36,0.01269,162,0.01268,1346,0.01267,1303,0.01266,807,0.01265,1178,0.01264,752,0.01263,1083,0.01262,726,0.01273,1223,0.01274,731,0.01275,1264,0.01276,1516,0.01277,1150,0.01278,40,0.01279,1758,0.0128,36,0.01281,1894,0.01282,696,0.0000500000000000,1774152000000
8,5,350,0.01282,0.0128,-0.156,1774137180550,0.01267,156279.93,0.01265,157575.28,0.01263,156603.73,0.01261,67379,0.0126,93312.6,0.01259,63770.42,0.01258,93312.6,0.01255,93312.6,0.01253,93312.6,0.0125,50595.22,0.01273,93312.6,0.01274,63366.33,0.01275,93312.6,0.01278,164129.75,0.0128,62967.33,0.01281,93312.6,0.01284,158305.74,0.01286,6422.78,0.01304,1706.25,0.01305,22862.96,0.01273,44,0.01272,38,0.01271,83,0.0127,837,0.01269,1302,0.01268,800,0.01267,1225,0.01266,807,0.01265,1178,0.01264,752,0.01274,81,0.01275,124,0.01276,1648,0.01277,2095,0.01278,1171,0.01279,1756,0.0128,36,0.01281,1089,0.01282,696,0.01283,1811,0.0000500000000000,1774152000000
8,5,350,0.01283,0.0128,-0.2338,1774137180851,0.01267,156279.93,0.01265,157575.28,0.01263,156603.73,0.01261,67379,0.0126,93312.6,0.01259,63770.42,0.01258,93312.6,0.01255,93312.6,0.01253,93312.6,0.0125,50595.22,0.01273,93312.6,0.01274,63366.33,0.01275,93312.6,0.01278,164129.75,0.0128,62967.33,0.01281,93312.6,0.01284,158305.74,0.01286,6422.78,0.01304,1706.25,0.01305,22862.96,0.01273,46,0.01272,761,0.01271,1379,0.0127,837,0.01269,1224,0.01268,800,0.01267,1225,0.01266,807,0.01265,1178,0.01264,752,0.01275,88,0.01276,90,0.01277,2578,0.01278,1870,0.01279,1728,0.0128,38,0.01281,1089,0.01282,696,0.01283,1006,0.01284,39,0.0000500000000000,1774152000000
8,5,350,0.01283,0.01281,-0.1559,1774137181151,0.01269,93312.6,0.01267,156279.93,0.01265,157575.28,0.01263,156603.73,0.01261,67379,0.0126,93312.6,0.01259,63770.42,0.01258,93312.6,0.01255,93312.6,0.01253,93312.6,0.01272,3749.57,0.01273,94284.55,0.01274,63366.33,0.01275,93312.6,0.01278,164129.75,0.0128,62967.33,0.01281,93312.6,0.01282,14790.26,0.01283,1638.1,0.01284,158305.74,0.01273,70,0.01272,761,0.01271,1379,0.0127,837,0.01269,1224,0.01268,800,0.01267,1225,0.01266,807,0.01265,1178,0.01264,1543,0.01275,36,0.01276,90,0.01277,2024,0.01278,1195,0.01279,2819,0.0128,38,0.01281,1089,0.01282,696,0.01283,1006,0.01284,39,0.0000500000000000,1774152000000
8,5,350,0.01283,0.01281,-0.1559,1774137181452,0.01269,93312.6,0.01267,156279.93,0.01265,157575.28,0.01263,156603.73,0.01261,67379,0.0126,93312.6,0.01259,63770.42,0.01258,93312.6,0.01255,93312.6,0.01253,93312.6,0.01272,3749.57,0.01273,94284.55,0.01274,63366.33,0.01275,93312.6,0.01278,164129.75,0.0128,62967.33,0.01281,93312.6,0.01282,14790.26,0.01283,1638.1,0.01284,158305.74,0.01276,2,0.01275,2,0.01274,801,0.01273,1210,0.01272,761,0.01271,1223,0.0127,759,0.01269,1224,0.01268,800,0.01267,1225,0.01277,907,0.01278,389,0.01279,2112,0.0128,3344,0.01281,1066,0.01282,696,0.01283,1006,0.01284,39,0.01285,1663,0.01286,842,0.0000500000000000,1774152000000
8,5,350,0.01284,0.01281,-0.2336,1774137181753,0.01269,93312.6,0.01267,156279.93,0.01265,157575.28,0.01263,156603.73,0.01261,67379,0.0126,93312.6,0.01259,63770.42,0.01258,93312.6,0.01255,93312.6,0.01253,93312.6,0.01274,64312.5,0.01278,164129.75,0.0128,62967.33,0.01281,93312.6,0.01282,14790.26,0.01283,1638.1,0.01284,158305.74,0.01286,6422.78,0.01287,93312.6,0.0129,93312.6,0.01276,2,0.01275,2,0.01274,801,0.01273,1210,0.01272,761,0.01271,1223,0.0127,759,0.01269,1224,0.01268,800,0.01267,1225,0.01277,263,0.01278,13,0.01279,2112,0.0128,3091,0.01281,1066,0.01282,696,0.01283,1006,0.01284,39,0.01285,1663,0.01286,37,0.0000500000000000,1774152000000
8,5,350,0.01286,0.01283,-0.2333,1774137182054,0.0127,4796.75,0.01269,93312.6,0.01267,156279.93,0.01265,157575.28,0.01263,156603.73,0.01261,67379,0.0126,93312.6,0.01259,63770.42,0.01258,93312.6,0.01255,93312.6,0.01274,64312.5,0.01276,93312.6,0.01277,6343.14,0.01278,164129.75,0.0128,62967.33,0.01281,93312.6,0.01282,14790.26,0.01283,1638.1,0.01284,158305.74,0.01286,6422.78,0.01274,768,0.01273,1166,0.01272,839,0.01271,1719,0.0127,759,0.01269,1174,0.01268,750,0.01267,1175,0.01266,757,0.01265,1968,0.01276,10,0.01277,118,0.01278,41,0.01279,2537,0.0128,970,0.01281,1094,0.01282,696,0.01283,1006,0.01284,39,0.01285,1663,0.0000500000000000,1774152000000
8,5,350,0.01286,0.01284,-0.1555,1774137182354,0.0127,4796.75,0.01269,93312.6,0.01267,156279.93,0.01265,157575.28,0.01263,156603.73,0.01261,67379,0.0126,93312.6,0.01259,63770.42,0.01258,93312.6,0.01255,93312.6,0.01274,64312.5,0.01276,93312.6,0.01277,6343.14,0.01278,164129.75,0.0128,62967.33,0.01281,93312.6,0.01282,14790.26,0.01283,1638.1,0.01284,158305.74,0.01286,6422.78,0.01274,768,0.01273,1166,0.01272,839,0.01271,1563,0.0127,759,0.01269,1174,0.01268,750,0.01267,1175,0.01266,757,0.01265,1968,0.01276,10,0.01277,118,0.01278,41,0.01279,3138,0.0128,970,0.01281,1094,0.01282,696,0.01283,1006,0.01284,39,0.01285,1663,0.0000500000000000,1774152000000
8,5,350,0.01286,0.01284,-0.1555,1774137182654,0.0127,4796.75,0.01269,93312.6,0.01267,156279.93,0.01265,157575.28,0.01263,156603.73,0.01261,67379,0.0126,93312.6,0.01259,63770.42,0.01258,93312.6,0.01255,93312.6,0.01274,64312.5,0.01276,93312.6,0.01277,6343.14,0.01278,164129.75,0.0128,62967.33,0.01281,93312.6,0.01282,14790.26,0.01283,1638.1,0.01284,158305.74,0.01286,6422.78,0.01274,768,0.01273,1246,0.01272,839,0.01271,1719,0.0127,759,0.01269,1174,0.01268,750,0.01267,1175,0.01266,757,0.01265,1968,0.01276,10,0.01277,196,0.01278,41,0.01279,2594,0.0128,894,0.01281,1094,0.01282,696,0.01283,1006,0.01284,39,0.01285,1663,0.0000500000000000,1774152000000
8,5,350,0.01288,0.01286,-0.1553,1774137182955,0.0127,4796.75,0.01269,93312.6,0.01267,156279.93,0.01265,157575.28,0.01263,156603.73,0.01261,67379,0.0126,93312.6,0.01259,63770.42,0.01258,93312.6,0.01255,93312.6,0.01274,64312.5,0.01276,93312.6,0.01277,6343.14,0.01278,164129.75,0.0128,62967.33,0.01281,93312.6,0.01282,14790.26,0.01283,1638.1,0.01284,158305.74,0.01286,6422.78,0.01274,768,0.01273,1246,0.01272,839,0.01271,1953,0.0127,759,0.01269,1174,0.01268,750,0.01267,1175,0.01266,757,0.01265,1968,0.01276,10,0.01277,271,0.01278,91,0.01279,2462,0.0128,894,0.01281,1094,0.01282,696,0.01283,1006,0.01284,39,0.01285,1663,0.0000500000000000,1774152000000
8,5,350,0.01289,0.01287,-0.1552,1774137183255,0.0127,4796.75,0.01269,93312.6,0.01267,156279.93,0.01265,157575.28,0.01263,156603.73,0.01261,67379,0.0126,93312.6,0.01259,63770.42,0.01258,93312.6,0.01255,93312.6,0.01274,64312.5,0.01275,9519.8,0.01276,93312.6,0.01277,6343.14,0.01278,164129.75,0.0128,62967.33,0.01281,93312.6,0.01282,14790.26,0.01283,1638.1,0.01284,158305.74,0.01274,768,0.01273,1246,0.01272,839,0.01271,1703,0.0127,759,0.01269,1174,0.01268,750,0.01267,1175,0.01266,757,0.01265,1968,0.01276,10,0.01277,197,0.01278,91,0.01279,2364,0.0128,819,0.01281,1094,0.01282,696,0.01283,1006,0.01284,39,0.01285,1663,0.0000500000000000,1774152000000
8,5,350,0.01289,0.01287,-0.1552,1774137183556,0.0127,4796.75,0.01269,93312.6,0.01267,156279.93,0.01265,157575.28,0.01263,156603.73,0.01261,67379,0.0126,93312.6,0.01259,63770.42,0.01258,93312.6,0.01255,93312.6,0.01274,64312.5,0.01275,9519.8,0.01277,10417.2,0.01278,164129.75,0.0128,62967.33,0.01281,93312.6,0.01282,14790.26,0.01283,1638.1,0.01284,158305.74,0.01286,6422.78,0.01275,2,0.01274,68,0.01273,1248,0.01272,763,0.01271,1173,0.0127,759,0.01269,1174,0.01268,750,0.01267,1175,0.01266,757,0.01277,333,0.01278,164,0.01279,2935,0.0128,2512,0.01281,1094,0.01282,696,0.01283,1006,0.01284,39,0.01285,1663,0.01286,37,0.0000500000000000,1774152000000
8,5,350,0.01289,0.01288,-0.0776,1774137183856,0.0127,4796.75,0.01269,72327.05,0.01267,62967.33,0.01266,72327.05,0.01265,64262.68,0.01264,72327.05,0.01263,63291.13,0.01261,139706.05,0.01259,63770.42,0.01258,72327.05,0.01274,64312.5,0.01275,81846.85,0.01277,82744.25,0.01278,70817.15,0.01279,72327.05,0.0128,62967.33,0.01282,87117.31,0.01283,1638.1,0.01284,2025.81,0.01285,72327.05,0.01275,2,0.01274,790,0.01273,1298,0.01272,811,0.01271,1173,0.0127,759,0.01269,1174,0.01268,750,0.01267,1175,0.01266,757,0.01277,275,0.01278,164,0.01279,2859,0.0128,2057,0.01281,1066,0.01282,696,0.01283,1056,0.01284,89,0.01285,1663,0.01286,37,0.0000500000000000,1774152000000
8,5,350,0.01289,0.01287,-0.1552,1774137184157,0.01269,135220.13,0.01267,62967.33,0.01266,72327.05,0.01265,63291.13,0.01264,72327.05,0.01263,63291.13,0.01261,139706.05,0.01258,72327.05,0.0125,50595.22,0.01249,67312.97,0.01273,3932.47,0.01274,64312.5,0.01275,81846.85,0.01276,62893.08,0.01277,82744.25,0.01278,70817.15,0.01279,72327.05,0.0128,62967.33,0.01282,87117.31,0.01283,1638.1,0.01274,45,0.01273,180,0.01272,811,0.01271,1173,0.0127,759,0.01269,1174,0.01268,750,0.01267,1812,0.01266,757,0.01265,1178,0.01276,110,0.01277,2084,0.01278,870,0.01279,5098,0.0128,10,0.01281,1094,0.01282,696,0.01283,1056,0.01284,89,0.01285,1713,0.0000500000000000,1774152000000
8,5,350,0.01288,0.01287,-0.0776,1774137184458,0.0127,8022.42,0.01269,135220.13,0.01267,62967.33,0.01266,72327.05,0.01265,63291.13,0.01264,72327.05,0.01263,63291.13,0.01261,139706.05,0.01258,72327.05,0.0125,50595.22,0.01274,64312.5,0.01275,81846.85,0.01276,62893.08,0.01277,82744.25,0.01278,70817.15,0.01279,72327.05,0.0128,62967.33,0.01282,87117.31,0.01283,1638.1,0.01284,2025.81,0.01273,180,0.01272,811,0.01271,1173,0.0127,759,0.01269,1174,0.01268,750,0.01267,1812,0.01266,757,0.01265,1178,0.01264,752,0.01276,88,0.01277,2084,0.01278,794,0.01279,4793,0.0128,38,0.01281,1094,0.01282,696,0.01283,1056,0.01284,89,0.01285,1713,0.0000500000000000,1774152000000
8,5,350,0.01288,0.01289,0.0776,1774137184759,0.01269,135220.13,0.01267,62967.33,0.01266,73347.8,0.01265,63291.13,0.01264,72327.05,0.01263,63291.13,0.01261,139706.05,0.01258,72327.05,0.0125,50595.22,0.01249,67312.97,0.01273,4241.78,0.01274,64326.32,0.01275,72327.05,0.01276,62893.08,0.01277,78670.19,0.01278,63366.33,0.01279,72327.05,0.0128,62967.33,0.01282,87117.31,0.01284,8540.63,0.01274,8,0.01273,130,0.01272,811,0.01271,1251,0.0127,759,0.01269,1174,0.01268,750,0.01267,1812,0.01266,757,0.01265,1178,0.01276,196,0.01277,2084,0.01278,565,0.01279,5176,0.0128,10,0.01281,1094,0.01282,696,0.01283,1056,0.01284,89,0.01285,1713,0.0000500000000000,1774152000000
8,5,350,0.01288,0.01289,0.0776,1774137185060,0.01269,135220.13,0.01267,62967.33,0.01266,73347.8,0.01265,63291.13,0.01264,72327.05,0.01263,63291.13,0.01261,139706.05,0.01258,72327.05,0.0125,50595.22,0.01249,67312.97,0.01273,4241.78,0.01274,64326.32,0.01275,72327.05,0.01276,62893.08,0.01277,78670.19,0.01278,63366.33,0.01279,72327.05,0.0128,62967.33,0.01282,87117.31,0.01284,8540.63,0.01274,8,0.01273,152,0.01272,811,0.01271,1719,0.0127,759,0.01269,1174,0.01268,750,0.01267,1812,0.01266,757,0.01265,1178,0.01276,60,0.01277,2084,0.01278,487,0.01279,3260,0.0128,817,0.01281,1094,0.01282,696,0.01283,1056,0.01284,89,0.01285,1713,0.0000500000000000,1774152000000
8,5,350,0.01289,0.01289,0.0,1774137185360,0.0127,9869.07,0.01269,135220.13,0.01267,62967.33,0.01266,73347.8,0.01265,63291.13,0.01264,72327.05,0.01263,63291.13,0.01261,139706.05,0.01258,72327.05,0.0125,50595.22,0.01274,64321.57,0.01275,72327.05,0.01276,62893.08,0.01277,81846.85,0.01278,63366.33,0.01279,72327.05,0.0128,62967.33,0.01281,6514.82,0.01282,87117.31,0.01284,2025.81,0.01274,8,0.01273,1292,0.01272,889,0.01271,1875,0.0127,759,0.01269,1174,0.01268,750,0.01267,1812,0.01266,757,0.01265,1178,0.01276,52,0.01277,2084,0.01278,335,0.01279,4263,0.0128,10,0.01281,1094,0.01282,696,0.01283,1056,0.01284,89,0.01285,1713,0.0000500000000000,1774152000000
8,5,350,0.0129,0.01289,-0.0775,1774137185661,0.0127,9869.07,0.01269,135220.13,0.01267,62967.33,0.01266,73347.8,0.01265,63291.13,0.01264,72327.05,0.01263,63291.13,0.01261,139706.05,0.01258,72327.05,0.0125,50595.22,0.01274,64321.57,0.01275,72327.05,0.01276,62893.08,0.01277,81846.85,0.01278,63366.33,0.01279,77308.26,0.0128,62967.33,0.01281,6514.82,0.01282,87117.31,0.01284,2025.81,0.01274,86,0.01273,1214,0.01272,889,0.01271,1953,0.0127,759,0.01269,1174,0.01268,750,0.01267,1812,0.01266,757,0.01265,1178,0.01276,80,0.01277,1410,0.01278,13,0.01279,2656,0.0128,819,0.01281,2216,0.01282,696,0.01283,1056,0.01284,89,0.01285,1713,0.0000500000000000,1774152000000
8,5,350,0.0129,0.0129,0.0,1774137185962,0.0127,6133.29,0.01269,135220.13,0.01267,62967.33,0.01266,73347.8,0.01265,63291.13,0.01264,72327.05,0.01263,63291.13,0.01261,139706.05,0.01258,72327.05,0.0125,50595.22,0.01274,64321.57,0.01275,72327.05,0.01276,62893.08,0.01277,81846.85,0.01278,63366.33,0.01279,77308.26,0.0128,62967.33,0.01281,6514.82,0.01282,87117.31,0.01284,2025.81,0.01275,8,0.01274,82,0.01273,1214,0.01272,1123,0.01271,1837,0.0127,809,0.01269,1224,0.01268,800,0.01267,1862,0.01266,757,0.01276,80,0.01277,1336,0.01278,137,0.01279,2482,0.0128,869,0.01281,1141,0.01282,746,0.01283,1056,0.01284,89,0.01285,1713,0.0000500000000000,1774152000000
8,5,350,0.0129,0.0129,0.0,1774137186263,0.0127,6133.29,0.01269,135220.13,0.01267,62967.33,0.01266,73347.8,0.01265,63291.13,0.01264,72327.05,0.01263,63291.13,0.01261,139706.05,0.01258,72327.05,0.0125,50595.22,0.01274,64321.57,0.01275,72327.05,0.01276,62893.08,0.01277,81846.85,0.01278,63366.33,0.01279,77308.26,0.0128,62967.33,0.01281,6514.82,0.01282,87117.31,0.01285,72327.05,0.01274,58,0.01273,1214,0.01272,889,0.01271,2071,0.0127,809,0.01269,1224,0.01268,800,0.01267,1862,0.01266,757,0.01265,1178,0.01276,80,0.01277,196,0.01278,91,0.01279,3062,0.0128,869,0.01281,1141,0.01282,746,0.01283,1056,0.01284,89,0.01285,1713,0.0000500000000000,1774152000000
8,5,350,0.01291,0.01289,-0.1549,1774137186563,0.01269,135220.13,0.01267,62967.33,0.01266,73347.8,0.01265,63291.13,0.01264,72327.05,0.01263,63291.13,0.01261,139706.05,0.01258,72327.05,0.0125,50595.22,0.01249,67312.97,0.01274,64321.57,0.01275,72327.05,0.01276,62893.08,0.01277,81846.85,0.01278,63366.33,0.01279,77308.26,0.0128,62967.33,0.01281,6514.82,0.01282,87117.31,0.01285,72327.05,0.01274,58,0.01273,1214,0.01272,889,0.01271,2149,0.0127,809,0.01269,1224,0.01268,800,0.01267,1862,0.01266,807,0.01265,1178,0.01276,80,0.01277,196,0.01278,91,0.01279,2110,0.0128,869,0.01281,1141,0.01282,746,0.01283,1056,0.01284,89,0.01285,1713,0.0000500000000000,1774152000000
8,5,350,0.01291,0.0129,-0.0775,1774137186864,0.01269,135220.13,0.01267,62967.33,0.01266,73347.8,0.01265,63291.13,0.01264,72327.05,0.01263,63291.13,0.01261,139706.05,0.01258,72327.05,0.0125,50595.22,0.01249,67312.97,0.01274,64321.57,0.01275,72327.05,0.01276,62893.08,0.01277,81846.85,0.01278,63366.33,0.01279,77308.26,0.0128,62967.33,0.01281,6514.82,0.01282,87117.31,0.01285,72327.05,0.01274,100,0.01273,1448,0.01272,889,0.01271,2174,0.0127,809,0.01269,1224,0.01268,800,0.01267,1862,0.01266,807,0.01265,1178,0.01276,80,0.01277,196,0.01278,141,0.01279,2110,0.0128,869,0.01281,1141,0.01282,746,0.01283,1056,0.01284,89,0.01285,1713,0.0000500000000000,1774152000000
8,5,350,0.01291,0.0129,-0.0775,1774137187165,0.0127,9944.85,0.01269,135220.13,0.01267,62967.33,0.01266,73347.8,0.01265,63291.13,0.01264,72327.05,0.01263,63291.13,0.01261,139706.05,0.01258,72327.05,0.0125,50595.22,0.01274,64321.57,0.01275,72327.05,0.01276,62893.08,0.01277,81846.85,0.01278,63366.33,0.01279,77308.26,0.0128,62967.33,0.01281,6514.82,0.01282,87117.31,0.01285,72327.05,0.01274,50,0.01273,1214,0.01272,889,0.01271,2071,0.0127,809,0.01269,1224,0.01268,800,0.01267,1862,0.01266,807,0.01265,1178,0.01276,80,0.01277,196,0.01278,141,0.01279,2110,0.0128,869,0.01281,1141,0.01282,746,0.01283,1056,0.01284,89,0.01285,1713,0.0000500000000000,1774152000000
