spot_source_id,fut_source_id,symbol_id,ask_spot,bid_futures,spread_pct,ts,s_b1,s_b2,s_b3,s_b4,s_b5,s_b6,s_b7,s_b8,s_b9,s_b10,s_bq1,s_bq2,s_bq3,s_bq4,s_bq5,s_bq6,s_bq7,s_bq8,s_bq9,s_bq10,s_a1,s_a2,s_a3,s_a4,s_a5,s_a6,s_a7,s_a8,s_a9,s_a10,s_aq1,s_aq2,s_aq3,s_aq4,s_aq5,s_aq6,s_aq7,s_aq8,s_aq9,s_aq10,f_b1,f_b2,f_b3,f_b4,f_b5,f_b6,f_b7,f_b8,f_b9,f_b10,f_bq1,f_bq2,f_bq3,f_bq4,f_bq5,f_bq6,f_bq7,f_bq8,f_bq9,f_bq10,f_a1,f_a2,f_a3,f_a4,f_a5,f_a6,f_a7,f_a8,f_a9,f_a10,f_aq1,f_aq2,f_aq3,f_aq4,f_aq5,f_aq6,f_aq7,f_aq8,f_aq9,f_aq10,fr_r,fr_ft
8,7,54,0.6799,0.6793,-0.0882,1774137104000,0.6798,257.38,0.6796,1.66,0.6795,1676.21,0.6794,10483.45,0.6793,31.29,0.6791,1533.19,0.679,4476.78,0.6789,7008.84,0.6788,1533.19,0.6787,2.48,0.6799,21.05,0.68,8542.03,0.6802,1226.96,0.6803,7008.84,0.6804,6650.19,0.6806,7008.84,0.6808,6010.93,0.6809,7008.84,0.681,3291.7,0.6812,2708.53,,,,,,,,,,,,,,,,,,,,,,,,,,,,,,,,,,,,,,,,,0.000022,
8,7,54,0.6794,0.6788,-0.0883,1774137105000,0.6794,6904.35,0.6793,1208.02,0.6791,1533.19,0.679,4568.48,0.6789,7008.84,0.6788,1533.19,0.6787,2.48,0.6786,3292.9,0.6785,6011.8,0.6784,7011.16,0.6798,336.82,0.6799,338.15,0.68,8542.03,0.6801,486.07,0.6802,1176.55,0.6803,7008.84,0.6804,6650.19,0.6806,7066.41,0.6808,6010.93,0.6809,7008.84,,,,,,,,,,,,,,,,,,,,,,,,,,,,,,,,,,,,,,,,,0.000022,
8,7,54,0.6791,0.6783,-0.1178,1774137106000,0.6791,1177.16,0.6789,500,0.6788,9719.19,0.6787,3393.88,0.6786,1,0.6785,6011.8,0.6784,7011.16,0.6782,1533.19,0.6781,3299.06,0.678,1691.5,0.6794,7008.84,0.6795,1533.19,0.6797,7008.84,0.6798,5172.9,0.68,8542.03,0.6802,4480.45,0.6803,7008.84,0.6804,1533.19,0.6806,7137.54,0.6808,2708.53,,,,,,,,,,,,,,,,,,,,,,,,,,,,,,,,,,,,,,,,,,
8,7,54,0.6796,0.6788,-0.1177,1774137107000,0.6792,7366.35,0.6791,1177.16,0.679,3393.2,0.6789,500,0.6788,9719.19,0.6787,2.48,0.6786,1,0.6785,6011.8,0.6784,7011.16,0.6782,1533.19,0.6795,50.41,0.6796,1533.19,0.6797,7008.84,0.6798,5172.9,0.68,8542.03,0.6802,4480.45,0.6803,7008.84,0.6804,1533.19,0.6806,7137.54,0.6808,2708.53,,,,,,,,,,,,,,,,,,,,,,,,,,,,,,,,,,,,,,,,,0.000022,
8,7,54,0.6795,0.6789,-0.0883,1774137108000,0.6787,2.48,0.6786,333.5,0.6785,3268.49,0.6784,7432.76,0.6782,4927.09,0.6781,6.36,0.678,1691.5,0.6779,7008.84,0.6777,737.78,0.6776,1540.01,0.6791,7008.84,0.6792,1533.19,0.6794,7008.84,0.6796,5939.69,0.6797,7008.84,0.6798,5172.9,0.68,8542.03,0.6802,1176.55,0.6803,7008.84,0.6804,1533.19,,,,,,,,,,,,,,,,,,,,,,,,,,,,,,,,,,,,,,,,,0.000022,
8,7,54,0.6795,0.679,-0.0736,1774137109000,0.6787,2.48,0.6786,1,0.6785,6101.8,0.6784,7493.07,0.6782,1533.19,0.6781,6.36,0.678,1691.5,0.6779,7008.84,0.6777,737.78,0.6776,1540.01,0.6791,7008.84,0.6792,1533.19,0.6793,5215.4,0.6794,7008.84,0.6796,5939.69,0.6797,7008.84,0.6799,3292.7,0.68,8542.03,0.6802,1176.55,0.6803,7008.84,,,,,,,,,,,,,,,,,,,,,,,,,,,,,,,,,,,,,,,,,0.000022,
8,7,54,0.6795,0.6788,-0.103,1774137110000,0.679,429.04,0.6788,8187.3,0.6787,2.48,0.6786,1,0.6785,6101.8,0.6784,7011.16,0.6782,1533.19,0.6781,3310.86,0.678,1691.5,0.6779,7008.84,0.6793,1533.19,0.6794,7008.84,0.6795,5248.2,0.6796,5940.47,0.6797,7008.84,0.6799,3292.7,0.68,8542.03,0.6802,1176.55,0.6803,7008.84,0.6804,1533.19,,,,,,,,,,,,,,,,,,,,,,,,,,,,,,,,,,,,,,,,,,
8,7,54,0.6795,0.6788,-0.103,1774137111000,0.6792,7348.72,0.6791,1178.46,0.679,1533.19,0.6789,10472.21,0.6788,1678.46,0.6787,2.48,0.6786,1,0.6785,2708.1,0.6784,7011.16,0.6782,4826.59,0.6796,1457.71,0.6797,7008.84,0.6798,5263.6,0.68,8542.03,0.6801,3304.8,0.6802,1176.55,0.6803,7008.84,0.6804,4826.09,0.6806,7137.54,0.6808,2708.53,,,,,,,,,,,,,,,,,,,,,,,,,,,,,,,,,,,,,,,,,,
8,7,54,0.6795,0.6788,-0.103,1774137112000,0.6792,332.84,0.6791,1176.64,0.679,8606.59,0.6789,3401.4,0.6788,1678.46,0.6787,7011.32,0.6786,1,0.6785,6013.3,0.6784,7011.16,0.6782,4826.59,0.6795,7008.84,0.6798,8542.03,0.6799,5286.2,0.68,735.38,0.6801,4838.79,0.6802,1176.64,0.6803,7008.84,0.6804,1533.19,0.6806,7137.54,0.6808,2708.53,,,,,,,,,,,,,,,,,,,,,,,,,,,,,,,,,,,,,,,,,,
8,7,54,0.6795,0.6789,-0.0883,1774137113000,0.6793,7388.89,0.6791,1176.64,0.679,12012.89,0.6788,1678.46,0.6787,7011.32,0.6786,1,0.6785,6013.3,0.6784,7011.16,0.6782,4826.59,0.6781,6.36,0.6795,261.27,0.6798,8685.03,0.6799,5286.2,0.68,735.38,0.6801,4838.79,0.6802,1176.64,0.6803,7008.84,0.6804,1533.19,0.6806,7137.54,0.6808,2708.53,,,,,,,,,,,,,,,,,,,,,,,,,,,,,,,,,,,,,,,,,,
8,7,54,0.6795,0.6788,-0.103,1774137114000,0.6793,7008.84,0.6792,332.55,0.6791,1676.64,0.679,12012.89,0.6788,1678.46,0.6787,7011.32,0.6786,1,0.6785,6013.3,0.6784,7011.16,0.6782,4826.59,0.6795,118.27,0.6798,8542.03,0.6799,5286.2,0.68,735.38,0.6801,4838.79,0.6802,1176.64,0.6803,7008.84,0.6804,1533.19,0.6806,7137.54,0.6808,2708.53,,,,,,,,,,,,,,,,,,,,,,,,,,,,,,,,,,,,,,,,,,
8,7,54,0.6795,0.6789,-0.0883,1774137115000,0.6792,428.81,0.6791,1241.19,0.679,11948.33,0.6788,1678.46,0.6787,7011.32,0.6786,1,0.6785,6013.3,0.6784,7011.16,0.6782,4826.59,0.6781,6.36,0.6797,635.16,0.6798,10012.03,0.68,735.38,0.6801,10686.51,0.6802,1176.64,0.6803,7008.84,0.6804,1533.19,0.6806,7137.54,0.6808,2708.53,0.6809,7008.84,,,,,,,,,,,,,,,,,,,,,,,,,,,,,,,,,,,,,,,,,0.000022,
8,7,54,0.6795,0.6787,-0.1177,1774137117000,0.6791,1515.93,0.679,11948.33,0.6789,64.57,0.6788,1178.46,0.6787,7011.32,0.6786,1,0.6785,6013.3,0.6784,7011.16,0.6782,4826.59,0.6781,6.36,0.6795,8184.84,0.6797,452.69,0.6798,8542.03,0.68,735.38,0.6801,10187.69,0.6802,1176.64,0.6803,7008.84,0.6804,1533.19,0.6806,7137.54,0.6808,2708.53,,,,,,,,,,,,,,,,,,,,,,,,,,,,,,,,,,,,,,,,,,
8,7,54,0.6795,0.6788,-0.103,1774137119000,0.6792,289.9,0.6791,2709.83,0.679,7496.23,0.6788,6140.05,0.6787,7011.32,0.6786,1,0.6785,6013.3,0.6784,7011.16,0.6782,4826.59,0.6781,6.36,0.6798,9718.03,0.68,1085.61,0.6801,10187.69,0.6802,1176.64,0.6803,7008.84,0.6804,1533.19,0.6806,7137.54,0.6808,2708.53,0.6809,7008.84,0.681,3293.3,,,,,,,,,,,,,,,,,,,,,,,,,,,,,,,,,,,,,,,,,0.000022,
8,7,54,0.6792,0.6786,-0.0883,1774137120000,0.6791,1523.04,0.679,10440.44,0.6789,89.81,0.6788,2711.65,0.6787,7011.32,0.6786,1,0.6785,6013.3,0.6784,7011.16,0.6782,4826.59,0.6781,6.36,0.6795,7008.84,0.6797,1568.09,0.6798,10012.03,0.68,735.38,0.6801,10187.69,0.6802,1176.64,0.6803,7008.84,0.6804,1533.19,0.6806,7137.54,0.6808,2708.53,,,,,,,,,,,,,,,,,,,,,,,,,,,,,,,,,,,,,,,,,0.000022,
8,7,54,0.6789,0.6785,-0.0589,1774137121000,0.6791,1176.64,0.679,10440.44,0.6789,446.96,0.6788,2776.23,0.6787,7011.32,0.6786,1,0.6785,6013.3,0.6784,7011.16,0.6782,4826.59,0.6781,6.36,0.6795,7008.84,0.6797,1568.09,0.6798,10012.03,0.68,735.38,0.6801,10187.69,0.6802,1176.64,0.6803,7008.84,0.6804,1533.19,0.6806,7137.54,0.6808,2708.53,,,,,,,,,,,,,,,,,,,,,,,,,,,,,,,,,,,,,,,,,0.000023,
8,7,54,0.6785,0.6776,-0.1326,1774137122000,,,,,,,,,,,,,,,,,,,,,,,,,,,,,,,,,,,,,,,,,,,,,,,,,,,,,,,,,,,,,,,,,,,,,,,,,,,,,,,,,0.000023,
8,7,54,0.6783,0.6776,-0.1032,1774137123000,0.6791,1176.64,0.679,10440.44,0.6789,446.96,0.6788,2776.23,0.6787,7011.32,0.6786,1,0.6785,6013.3,0.6784,7011.16,0.6782,4826.59,0.6781,6.36,0.6795,8184.84,0.6797,6725.99,0.6798,8836.03,0.68,735.38,0.6801,4838.79,0.6802,1176.64,0.6803,7008.84,0.6804,1533.19,0.6806,7137.54,0.6808,2708.53,,,,,,,,,,,,,,,,,,,,,,,,,,,,,,,,,,,,,,,,,0.000023,
8,7,54,0.6783,0.6773,-0.1474,1774137124000,0.6791,1176.64,0.679,10440.44,0.6789,511.53,0.6788,2711.65,0.6787,7011.32,0.6786,1,0.6785,6013.3,0.6784,7011.16,0.6782,4826.59,0.6781,6.36,0.6795,7008.84,0.6797,1177.59,0.6798,9334.85,0.6799,5573.7,0.68,735.38,0.6801,4838.79,0.6802,1176.64,0.6803,7008.84,0.6804,1533.19,0.6806,7137.54,,,,,,,,,,,,,,,,,,,,,,,,,,,,,,,,,,,,,,,,,0.000023,
8,7,54,0.6782,0.677,-0.1769,1774137125000,0.679,10440.44,0.6789,511.53,0.6788,2711.65,0.6787,7011.32,0.6786,1,0.6785,6013.3,0.6784,7011.16,0.6782,4826.59,0.6781,6.36,0.678,1691.5,0.6795,7008.84,0.6797,1177.59,0.6798,9334.85,0.6799,5573.7,0.68,735.38,0.6801,4838.79,0.6802,1176.64,0.6803,7008.84,0.6804,1533.19,0.6806,7137.54,,,,,,,,,,,,,,,,,,,,,,,,,,,,,,,,,,,,,,,,,0.000023,
8,7,54,0.6776,0.6772,-0.059,1774137126000,0.679,3431.6,0.6788,2801.47,0.6787,7449.86,0.6786,1,0.6785,6013.3,0.6784,7011.16,0.6782,4826.59,0.6781,6.36,0.678,1691.5,0.6779,7008.84,0.6794,1533.19,0.6795,7008.84,0.6797,1177.59,0.6798,9334.85,0.6799,5573.7,0.68,735.38,0.6801,4838.79,0.6802,1176.64,0.6803,7008.84,0.6804,1533.19,,,,,,,,,,,,,,,,,,,,,,,,,,,,,,,,,,,,,,,,,0.000023,
8,7,54,0.678,0.677,-0.1475,1774137127000,0.6788,4621.46,0.6787,7011.32,0.6786,503.8,0.6785,6013.3,0.6784,7011.16,0.6782,4826.59,0.6781,6.36,0.678,1691.5,0.6779,7008.84,0.6777,737.78,0.6791,1533.19,0.6792,7008.84,0.6794,1987.31,0.6795,7008.84,0.6797,1177.59,0.6798,8542.03,0.6799,5573.7,0.6801,4838.79,0.6802,1176.64,0.6803,7008.84,,,,,,,,,,,,,,,,,,,,,,,,,,,,,,,,,,,,,,,,,0.000023,
8,7,54,0.6779,0.6773,-0.0885,1774137128000,,,,,,,,,,,,,,,,,,,,,,,,,,,,,,,,,,,,,,,,,,,,,,,,,,,,,,,,,,,,,,,,,,,,,,,,,,,,,,,,,,
8,7,54,0.6777,0.6769,-0.118,1774137129000,,,,,,,,,,,,,,,,,,,,,,,,,,,,,,,,,,,,,,,,,,,,,,,,,,,,,,,,,,,,,,,,,,,,,,,,,,,,,,,,,0.000023,
8,7,54,0.678,0.6772,-0.118,1774137130000,,,,,,,,,,,,,,,,,,,,,,,,,,,,,,,,,,,,,,,,,,,,,,,,,,,,,,,,,,,,,,,,,,,,,,,,,,,,,,,,,0.000023,
8,7,54,0.6775,0.6771,-0.059,1774137131000,,,,,,,,,,,,,,,,,,,,,,,,,,,,,,,,,,,,,,,,,,,,,,,,,,,,,,,,,,,,,,,,,,,,,,,,,,,,,,,,,,
8,7,54,0.6779,0.677,-0.1328,1774137132000,,,,,,,,,,,,,,,,,,,,,,,,,,,,,,,,,,,,,,,,,,,,,,,,,,,,,,,,,,,,,,,,,,,,,,,,,,,,,,,,,0.000023,
8,7,54,0.6776,0.6767,-0.1328,1774137133000,0.677,7008.84,0.6769,335.02,0.6768,565.05,0.6767,7008.84,0.6766,1.15,0.6765,1180.89,0.6764,11932.53,0.6762,520.79,0.6761,4933.25,0.676,4476.48,0.6774,7078.84,0.6776,2713.56,0.6777,7008.84,0.6779,2713.56,0.678,12686.04,0.6781,3297,0.6782,2714.08,0.6783,7008.84,0.6784,3311.6,0.6785,2712.87,,,,,,,,,,,,,,,,,,,,,,,,,,,,,,,,,,,,,,,,,0.000023,
8,7,54,0.6776,0.6761,-0.2214,1774137134000,0.677,7008.84,0.6769,365.77,0.6768,1558.55,0.6767,7008.84,0.6766,66.21,0.6765,1180.89,0.6764,11932.53,0.6762,520.79,0.6761,4933.25,0.676,4476.48,0.6774,7078.84,0.6776,8408.56,0.6777,7008.84,0.6779,2713.56,0.678,7008.84,0.6781,3297,0.6782,2714.08,0.6783,7008.84,0.6784,3311.6,0.6785,2712.87,,,,,,,,,,,,,,,,,,,,,,,,,,,,,,,,,,,,,,,,,0.000023,
8,7,54,0.6774,0.6744,-0.4429,1774137135000,0.6766,1.15,0.6762,585.89,0.6761,1617.65,0.676,1179.68,0.6759,10411.83,0.6758,1535.19,0.6757,2.32,0.6755,6029.86,0.6754,7008.84,0.6753,146.87,0.6768,7008.84,0.677,1828.19,0.6771,7715.84,0.6773,2714.78,0.6774,7747.04,0.6776,8408.56,0.6777,10325.14,0.6779,2713.56,0.678,7008.84,0.6781,3297,,,,,,,,,,,,,,,,,,,,,,,,,,,,,,,,,,,,,,,,,0.000023,
8,7,54,0.6768,0.6747,-0.3103,1774137136000,0.6762,390.79,0.6761,84.46,0.6759,61.74,0.6758,2,0.6757,7011.16,0.6755,2713.56,0.6754,7008.84,0.6753,3334.47,0.6752,1533.19,0.675,4500.69,0.6765,7303.84,0.6767,2977.39,0.6768,7008.84,0.677,8540.24,0.6771,7008.84,0.6773,2714.78,0.6774,7008.84,0.6776,2713.56,0.6777,10325.14,0.6779,2715.39,,,,,,,,,,,,,,,,,,,,,,,,,,,,,,,,,,,,,,,,,0.000023,
8,7,54,0.676,0.6749,-0.1627,1774137137000,0.6759,2.69,0.6758,2,0.6757,2.32,0.6753,0.87,0.6752,1533.19,0.675,1184.39,0.6749,7012.69,0.6748,3316.6,0.6747,1.59,0.6746,1533.19,0.6761,1533.19,0.6762,7008.84,0.6763,1151.31,0.6764,1533.19,0.6765,7008.84,0.6767,2715.39,0.6768,7008.84,0.677,9587.37,0.6771,7008.84,0.6773,2714.78,,,,,,,,,,,,,,,,,,,,,,,,,,,,,,,,,,,,,,,,,0.000023,
8,7,54,0.6752,0.6749,-0.0444,1774137138000,0.6749,7012.69,0.6747,1.59,0.6746,1533.19,0.6745,1191.82,0.6744,10853.67,0.6741,3297.6,0.674,1543.42,0.6739,7011.51,0.6738,1209.1,0.6735,2724.59,0.6752,296,0.6754,1533.19,0.6755,7056.97,0.6757,2715.39,0.6758,7008.84,0.6761,2272.81,0.6762,7008.84,0.6763,4855.23,0.6764,1533.19,0.6765,7008.84,,,,,,,,,,,,,,,,,,,,,,,,,,,,,,,,,,,,,,,,,0.000023,
8,7,54,0.6753,0.6753,0.0,1774137139000,,,,,,,,,,,,,,,,,,,,,,,,,,,,,,,,,,,,,,,,,,,,,,,,,,,,,,,,,,,,,,,,,,,,,,,,,,,,,,,,,0.000023,
8,7,54,0.6753,0.6758,0.074,1774137140000,,,,,,,,,,,,,,,,,,,,,,,,,,,,,,,,,,,,,,,,,,,,,,,,,,,,,,,,,,,,,,,,,,,,,,,,,,,,,,,,,0.000023,
8,7,54,0.6752,0.6759,0.1037,1774137141000,,,,,,,,,,,,,,,,,,,,,,,,,,,,,,,,,,,,,,,,,,,,,,,,,,,,,,,,,,,,,,,,,,,,,,,,,,,,,,,,,0.000023,
8,7,54,0.6759,0.6755,-0.0592,1774137142000,,,,,,,,,,,,,,,,,,,,,,,,,,,,,,,,,,,,,,,,,,,,,,,,,,,,,,,,,,,,,,,,,,,,,,,,,,,,,,,,,0.000023,
8,7,54,0.677,0.6747,-0.3397,1774137143000,,,,,,,,,,,,,,,,,,,,,,,,,,,,,,,,,,,,,,,,,,,,,,,,,,,,,,,,,,,,,,,,,,,,,,,,,,,,,,,,,0.000023,
8,7,54,0.6765,0.671,-0.813,1774137144000,0.67,1223.96,0.6699,23.3,0.6698,143.69,0.6697,1189.76,0.6694,2728.71,0.6693,1.45,0.6692,152.2,0.6691,1539.27,0.669,1974.4,0.6688,74.76,0.6704,18.67,0.6706,309.24,0.6708,1533.19,0.6711,2278.3,0.6715,1533.19,0.6716,10723.54,0.6717,1189.76,0.6718,1533.19,0.6719,7008.84,0.672,6711.99,,,,,,,,,,,,,,,,,,,,,,,,,,,,,,,,,,,,,,,,,0.000023,
8,7,54,0.6764,0.6724,-0.5914,1774137145000,0.6683,93.86,0.6682,227.86,0.668,1533.19,0.6679,1189.76,0.6678,455.73,0.6677,1533.19,0.6675,309.26,0.6673,888.74,0.6672,1.15,0.6671,462.09,0.6692,339.7,0.6693,747.06,0.6694,455.73,0.6696,455.73,0.6698,848.08,0.6699,955.73,0.6704,652.63,0.6705,310.96,0.6708,1533.19,0.671,1189.76,,,,,,,,,,,,,,,,,,,,,,,,,,,,,,,,,,,,,,,,,0.000023,
8,7,54,0.6762,0.6726,-0.5324,1774137146000,0.6694,1644.13,0.6691,1195.72,0.669,7575.28,0.6689,1644.13,0.6688,1195.72,0.6687,7473.29,0.6686,1644.13,0.6683,2839.85,0.6682,7473.29,0.668,1533.19,0.67,431.78,0.6702,1644.13,0.6703,2.32,0.6704,18.67,0.6706,1644.13,0.6708,1490.97,0.6709,1644.13,0.6711,7473.29,0.6712,1644.13,0.6713,1565.02,,,,,,,,,,,,,,,,,,,,,,,,,,,,,,,,,,,,,,,,,0.000023,
8,7,54,0.6749,0.667,-1.1705,1774137147000,0.6703,1195.72,0.6702,7473.29,0.67,2839.85,0.6699,7473.29,0.6697,2839.85,0.6696,7473.29,0.6694,2839.85,0.6693,7473.29,0.6691,1195.72,0.669,7865.61,0.6704,18.67,0.6709,1644.13,0.6712,1644.13,0.6713,1565.02,0.6715,1533.19,0.6716,391.3,0.6718,2728.91,0.6719,7473.29,0.672,6711.99,0.6723,2728.91,,,,,,,,,,,,,,,,,,,,,,,,,,,,,,,,,,,,,,,,,,
8,7,54,0.6716,0.67,-0.2382,1774137148000,0.6712,1195.72,0.6711,1644.13,0.671,7889.76,0.6709,1195.72,0.6708,1644.13,0.6706,1195.72,0.6705,7473.29,0.6704,1644.13,0.6703,1195.72,0.6702,7473.29,0.6716,391.3,0.6719,1644.13,0.672,6711.99,0.6723,10202.2,0.6726,1533.19,0.6727,7473.29,0.6728,3325.4,0.6729,1533.19,0.673,2.32,0.6731,1195.72,,,,,,,,,,,,,,,,,,,,,,,,,,,,,,,,,,,,,,,,,0.000023,
8,7,54,0.6703,0.6693,-0.1492,1774137149000,0.6721,8663.94,0.672,148.75,0.6719,397.06,0.6718,2870.49,0.6717,7473.29,0.6715,2839.85,0.6714,7473.29,0.6713,3326.8,0.6712,1195.72,0.6711,1644.13,0.6724,267.41,0.6726,1533.19,0.6727,223.58,0.6728,7473.29,0.6729,1533.19,0.673,2.32,0.6731,1195.72,0.6732,9118.87,0.6733,3326.8,0.6734,259.69,,,,,,,,,,,,,,,,,,,,,,,,,,,,,,,,,,,,,,,,,0.000023,
8,7,54,0.673,0.6703,-0.4012,1774137150000,0.6724,7473.29,0.6722,1644.13,0.6721,1190.65,0.672,7473.29,0.6718,2834.78,0.6717,7473.29,0.6715,2839.85,0.6714,7473.29,0.6712,1195.72,0.6711,1644.13,0.6728,267.41,0.6729,1533.19,0.673,225.9,0.6731,1195.72,0.6732,9118.87,0.6733,3326.8,0.6734,259.69,0.6735,1649.89,0.6736,7008.84,0.6737,38.04,,,,,,,,,,,,,,,,,,,,,,,,,,,,,,,,,,,,,,,,,0.000023,
8,7,54,0.6716,0.6683,-0.4914,1774137151000,0.6721,2834.78,0.672,7473.29,0.6719,148.77,0.6718,2834.78,0.6717,7473.29,0.6715,2839.85,0.6714,10844.49,0.6712,4495.72,0.6711,1644.13,0.671,7473.29,0.6726,7473.29,0.6727,267.41,0.6728,500,0.6729,223.58,0.673,7699.19,0.6731,1190.65,0.6732,1869.16,0.6733,7473.29,0.6734,259.69,0.6735,2840.54,,,,,,,,,,,,,,,,,,,,,,,,,,,,,,,,,,,,,,,,,0.000023,
8,7,54,0.671,0.6639,-1.0581,1774137152000,0.6712,1195.72,0.6711,1644.13,0.671,7473.29,0.6709,1195.72,0.6708,2035.4,0.6706,1190.65,0.6705,7473.29,0.6704,1644.13,0.6702,7473.29,0.67,1644.13,0.6717,7473.29,0.6718,267.41,0.6719,7740.7,0.672,1911.54,0.6723,8196.87,0.6724,223.58,0.6725,1644.13,0.6726,7473.29,0.6727,1190.65,0.6728,500,,,,,,,,,,,,,,,,,,,,,,,,,,,,,,,,,,,,,,,,,0.000023,
8,7,54,0.6716,0.6613,-1.5337,1774137153000,0.6713,7504.08,0.6712,1195.72,0.6711,1644.13,0.671,7473.29,0.6709,1195.72,0.6708,2035.4,0.6706,4580.75,0.6705,7473.29,0.6704,1644.13,0.6703,4519.15,0.6718,305.24,0.6719,7473.29,0.672,1867.74,0.6721,223.61,0.6722,1190.65,0.6723,7973.29,0.6725,6925.83,0.6726,7473.29,0.6727,1190.65,0.6729,4946.73,,,,,,,,,,,,,,,,,,,,,,,,,,,,,,,,,,,,,,,,,0.000023,
8,7,54,0.6706,0.6616,-1.3421,1774137154000,0.6705,500,0.6704,500,0.6696,7473.29,0.6694,405.79,0.6693,7473.29,0.6692,500,0.6691,297.79,0.669,7865.61,0.6689,3415.6,0.6688,29.9,0.6711,305.24,0.6712,405.79,0.6713,500,0.6714,2835.49,0.6715,7696.9,0.6716,391.3,0.6717,2476.43,0.6718,1191.36,0.6719,7473.29,0.672,4973.73,,,,,,,,,,,,,,,,,,,,,,,,,,,,,,,,,,,,,,,,,0.000023,
8,7,54,0.6683,0.6645,-0.5686,1774137155000,0.6706,348.21,0.6705,7473.29,0.6704,1191.36,0.6703,1644.13,0.6702,7473.29,0.67,1644.13,0.6699,7473.29,0.6697,2835.49,0.6696,7473.29,0.6693,10308.78,0.6711,1447.13,0.6713,223.61,0.6714,1191.36,0.6715,9117.42,0.6716,391.3,0.6718,2835.49,0.672,10802.89,0.6722,1644.13,0.6723,8664.65,0.6725,1644.13,,,,,,,,,,,,,,,,,,,,,,,,,,,,,,,,,,,,,,,,,0.000023,
8,7,54,0.6654,0.668,0.3907,1774137156000,0.6704,1191.36,0.6702,7473.29,0.6701,3411.3,0.67,1644.13,0.6699,7473.29,0.6697,6165.99,0.6696,10777.19,0.6693,10308.78,0.669,7865.61,0.6687,1644.13,0.6708,305.24,0.6711,7473.29,0.6712,1644.13,0.6713,224,0.6714,1191.36,0.6715,9117.42,0.6716,391.3,0.6718,2835.49,0.6719,5327.1,0.672,10802.89,,,,,,,,,,,,,,,,,,,,,,,,,,,,,,,,,,,,,,,,,0.000023,
8,7,54,0.6592,0.6678,1.3046,1774137156800,0.6704,1191.36,0.6703,1644.13,0.6702,7473.29,0.67,1644.13,0.6699,7473.29,0.6698,3427.7,0.6697,6165.99,0.6696,10777.19,0.6693,10308.78,0.669,7865.61,0.6707,305.24,0.6709,1644.13,0.671,1498.2,0.6711,7473.29,0.6712,1644.13,0.6714,1191.36,0.6715,9117.42,0.6716,391.3,0.6718,2835.49,0.6719,5327.1,,,,,,,,,,,,,,,,,,,,,,,,,,,,,,,,,,,,,,,,,0.000023,
8,7,54,0.66,0.6678,1.1818,1774137157100,0.6699,7473.29,0.6697,2835.49,0.6696,7473.29,0.6695,3438.4,0.6693,10308.78,0.6692,3331.2,0.669,7865.61,0.6689,3303.5,0.6687,1644.13,0.6686,1191.36,0.6706,1644.13,0.6707,7473.29,0.6708,305.24,0.6709,1644.13,0.671,1192.96,0.6711,7473.29,0.6712,1644.13,0.6714,1191.36,0.6715,9117.42,0.6716,391.3,,,,,,,,,,,,,,,,,,,,,,,,,,,,,,,,,,,,,,,,,0.000023,
8,7,54,0.6612,0.6678,0.9982,1774137157401,0.6699,7473.29,0.6697,2835.49,0.6696,7473.29,0.6695,3438.4,0.6693,10308.78,0.6692,3331.2,0.669,7865.61,0.6689,3303.5,0.6687,1644.13,0.6686,1191.36,0.6706,1644.13,0.6707,7473.29,0.6708,305.24,0.6709,1644.13,0.671,1192.96,0.6711,7473.29,0.6712,1644.13,0.6714,1191.36,0.6715,9117.42,0.6716,391.3,,,,,,,,,,,,,,,,,,,,,,,,,,,,,,,,,,,,,,,,,0.000023,
8,7,54,0.6638,0.6678,0.6026,1774137157702,0.6703,2837.09,0.6702,7473.29,0.67,2741.58,0.6699,7473.29,0.6697,2835.49,0.6696,7473.29,0.6695,3438.4,0.6693,10308.78,0.6692,3331.2,0.669,7865.61,0.6709,7778.53,0.6712,9341.42,0.6714,1191.36,0.6715,9117.42,0.6716,391.3,0.6718,2835.49,0.6719,5327.1,0.672,10802.89,0.6722,1644.13,0.6723,8664.65,,,,,,,,,,,,,,,,,,,,,,,,,,,,,,,,,,,,,,,,,0.000023,
8,7,54,0.6644,0.667,0.3913,1774137158003,0.6704,354.98,0.6703,1192.96,0.6702,7473.29,0.67,1644.13,0.6699,7473.29,0.6697,2835.49,0.6696,7473.29,0.6695,3438.4,0.6693,10308.78,0.6692,3331.2,0.6709,305.24,0.6711,224,0.6712,9341.42,0.6714,1191.36,0.6715,9117.42,0.6716,391.3,0.6718,2835.49,0.6719,5327.1,0.672,10802.89,0.6722,1644.13,,,,,,,,,,,,,,,,,,,,,,,,,,,,,,,,,,,,,,,,,0.000023,
8,7,54,0.6653,0.6664,0.1653,1774137158304,0.6705,7473.29,0.6704,354.98,0.6703,1192.96,0.6702,7473.29,0.67,1644.13,0.6699,7473.29,0.6697,2835.49,0.6696,7473.29,0.6695,3438.4,0.6693,10308.78,0.6709,305.24,0.6711,224,0.6712,9117.42,0.6714,1191.36,0.6715,9117.42,0.6716,391.3,0.6718,2835.49,0.6719,5327.1,0.672,10802.89,0.6722,1644.13,,,,,,,,,,,,,,,,,,,,,,,,,,,,,,,,,,,,,,,,,0.000023,
8,7,54,0.6641,0.6661,0.3012,1774137158605,0.6705,7473.29,0.6704,354.98,0.6703,2837.09,0.6702,7473.29,0.6701,3461,0.67,1644.13,0.6699,7473.29,0.6697,2835.49,0.6696,7473.29,0.6693,10308.78,0.6708,1644.13,0.6709,7473.29,0.6711,1416.96,0.6712,9117.42,0.6713,224,0.6714,1191.36,0.6715,9117.42,0.6716,391.3,0.6718,2835.49,0.6719,5327.1,,,,,,,,,,,,,,,,,,,,,,,,,,,,,,,,,,,,,,,,,0.000023,
8,7,54,0.6641,0.6664,0.3463,1774137158905,0.6705,7473.29,0.6704,354.98,0.6703,2837.09,0.6702,7473.29,0.6701,3461,0.67,1644.13,0.6699,7473.29,0.6697,2835.49,0.6696,7473.29,0.6693,10308.78,0.6709,7473.29,0.6711,224,0.6712,9117.42,0.6714,1191.36,0.6715,9117.42,0.6716,391.3,0.6718,2835.49,0.6719,5327.1,0.672,10802.89,0.6722,1644.13,,,,,,,,,,,,,,,,,,,,,,,,,,,,,,,,,,,,,,,,,0.000023,
8,7,54,0.6691,0.6661,-0.4484,1774137159206,0.6706,500,0.6705,7473.29,0.6703,2837.09,0.6702,7473.29,0.6701,3461,0.67,1644.13,0.6699,7473.29,0.6697,2835.49,0.6696,7473.29,0.6693,10308.78,0.6712,9117.42,0.6714,1191.36,0.6715,9117.42,0.6716,391.3,0.6718,2835.49,0.6719,5327.1,0.672,10802.89,0.6722,1644.13,0.6723,8664.65,0.6724,3303.4,,,,,,,,,,,,,,,,,,,,,,,,,,,,,,,,,,,,,,,,,0.000023,
8,7,54,0.6688,0.6661,-0.4037,1774137159506,0.6709,2144.13,0.6708,7973.29,0.6707,2026.22,0.6706,2144.13,0.6705,7473.29,0.6703,2837.09,0.6702,7473.29,0.6701,6793,0.67,1644.13,0.6699,7473.29,0.6716,391.3,0.6717,224,0.6718,2835.49,0.672,7473.29,0.6722,1644.13,0.6723,8664.65,0.6725,1644.13,0.6726,7473.29,0.6727,1190.65,0.6729,4948.53,,,,,,,,,,,,,,,,,,,,,,,,,,,,,,,,,,,,,,,,,0.000023,
8,7,54,0.6689,0.6665,-0.3588,1774137159807,0.6711,8045.29,0.671,337.8,0.6709,5125.53,0.6708,7973.29,0.6707,1692.96,0.6706,2144.13,0.6705,7473.29,0.6703,2837.09,0.6702,10777.59,0.6701,3332,0.6716,391.3,0.6718,1868.03,0.672,7473.29,0.6722,1644.13,0.6723,8664.65,0.6725,1644.13,0.6726,12857.29,0.6727,4522.65,0.6729,4948.53,0.673,7475.61,,,,,,,,,,,,,,,,,,,,,,,,,,,,,,,,,,,,,,,,,0.000023,
8,7,54,0.6678,0.6669,-0.1348,1774137160108,0.6714,6853.4,0.6713,144.85,0.6712,1644.13,0.6711,8449.79,0.6709,5125.53,0.6708,7973.29,0.6707,1692.96,0.6706,2144.13,0.6705,7473.29,0.6703,2837.09,0.6716,391.3,0.6718,223.9,0.6719,1644.13,0.6722,1644.13,0.6723,8664.65,0.6725,1644.13,0.6726,12857.29,0.6727,4522.65,0.6729,4948.53,0.673,7475.61,,,,,,,,,,,,,,,,,,,,,,,,,,,,,,,,,,,,,,,,,0.000023,
8,7,54,0.6678,0.6667,-0.1647,1774137160408,0.6714,6998.23,0.6712,2019.65,0.6711,8117.24,0.6709,1644.13,0.6708,7973.29,0.6707,1692.96,0.6706,5635.53,0.6705,7473.29,0.6703,2837.09,0.6702,10777.59,0.6716,391.3,0.6718,223.9,0.6719,1644.13,0.672,6853.4,0.6722,1644.13,0.6723,8664.65,0.6725,1644.13,0.6726,12857.29,0.6727,4522.65,0.6729,4948.53,,,,,,,,,,,,,,,,,,,,,,,,,,,,,,,,,,,,,,,,,0.000023,
8,7,54,0.6675,0.6661,-0.2097,1774137160709,0.6715,1579.95,0.6712,1644.13,0.6711,8117.24,0.6709,1644.13,0.6708,7973.29,0.6707,1692.96,0.6706,5635.53,0.6705,7473.29,0.6703,2837.09,0.6702,10777.59,0.6716,391.3,0.672,6853.4,0.6722,1644.13,0.6723,8664.65,0.6725,1644.13,0.6726,12857.29,0.6727,4522.65,0.6729,4948.53,0.673,7475.61,0.6732,2838.54,,,,,,,,,,,,,,,,,,,,,,,,,,,,,,,,,,,,,,,,,0.000023,
8,7,54,0.6667,0.6654,-0.195,1774137161010,0.6714,6853.4,0.6713,338.39,0.6712,1644.13,0.6711,8117.24,0.6709,1644.13,0.6708,7973.29,0.6707,1692.96,0.6706,5635.53,0.6705,7473.29,0.6703,2837.09,0.6716,391.3,0.6718,223.9,0.6719,1644.13,0.672,6853.4,0.6722,1644.13,0.6723,8664.65,0.6725,1644.13,0.6726,12857.29,0.6727,4522.65,0.6729,4948.53,,,,,,,,,,,,,,,,,,,,,,,,,,,,,,,,,,,,,,,,,0.000023,
8,7,54,0.6665,0.6654,-0.165,1774137161310,0.6714,6853.4,0.6713,338.39,0.6712,1644.13,0.6711,8117.24,0.6709,1644.13,0.6708,7973.29,0.6707,1692.96,0.6706,5635.53,0.6705,7473.29,0.6703,2837.09,0.6716,391.3,0.6718,223.9,0.6719,1644.13,0.672,6853.4,0.6722,1644.13,0.6723,8664.65,0.6725,1644.13,0.6726,12857.29,0.6727,4522.65,0.6729,4948.53,,,,,,,,,,,,,,,,,,,,,,,,,,,,,,,,,,,,,,,,,0.000023,
8,7,54,0.6665,0.6646,-0.2851,1774137161611,0.6712,1577.7,0.6711,8117.24,0.6709,1644.13,0.6708,7973.29,0.6707,1692.96,0.6706,5635.53,0.6705,7473.29,0.6703,2837.09,0.6702,10777.59,0.6701,3332,0.6716,391.3,0.6718,223.9,0.6719,2836.02,0.672,6853.4,0.6722,1644.13,0.6723,8664.65,0.6725,1644.13,0.6726,12857.29,0.6727,4522.65,0.6729,4948.53,,,,,,,,,,,,,,,,,,,,,,,,,,,,,,,,,,,,,,,,,0.000021,
8,7,54,0.6665,0.6653,-0.18,1774137161912,0.6705,7473.29,0.6703,2837.09,0.6702,7473.29,0.67,5161.73,0.6699,7473.29,0.6697,4977.93,0.6696,8665.18,0.6694,3305.4,0.6693,9117.42,0.669,7865.61,0.6708,305.24,0.6709,305.24,0.671,305.24,0.6712,1577.7,0.6714,3141.26,0.6715,7231.6,0.6716,1135.88,0.6717,223.9,0.6718,223.9,0.6719,2836.02,,,,,,,,,,,,,,,,,,,,,,,,,,,,,,,,,,,,,,,,,0.000021,
8,7,54,0.6668,0.6656,-0.18,1774137162212,0.6703,3337.09,0.6702,7473.29,0.67,1644.13,0.6699,7473.29,0.6698,3522.4,0.6697,4977.93,0.6696,8665.18,0.6694,3305.4,0.6693,9117.42,0.669,7865.61,0.6708,305.24,0.671,223.9,0.6711,1644.13,0.6712,7077.3,0.6714,2836.02,0.6715,7231.6,0.6716,6552.78,0.6719,6169.82,0.672,6853.4,0.6722,1644.13,,,,,,,,,,,,,,,,,,,,,,,,,,,,,,,,,,,,,,,,,0.000023,
8,7,54,0.6662,0.6648,-0.2101,1774137162513,0.6705,6853.4,0.6703,3337.09,0.6702,7473.29,0.67,1644.13,0.6699,7473.29,0.6698,3522.4,0.6697,4977.93,0.6696,8665.18,0.6694,3305.4,0.6693,9117.42,0.6708,305.24,0.671,223.9,0.6711,2836.02,0.6712,6853.4,0.6714,2836.02,0.6715,7231.6,0.6716,6552.78,0.6719,6220.68,0.672,6853.4,0.6722,1644.13,,,,,,,,,,,,,,,,,,,,,,,,,,,,,,,,,,,,,,,,,0.000023,
8,7,54,0.6665,0.6654,-0.165,1774137162813,0.6705,6853.4,0.6703,1692.96,0.6702,7473.29,0.67,1644.13,0.6699,7473.29,0.6698,3522.4,0.6697,4977.93,0.6696,8665.18,0.6694,3305.4,0.6693,9117.42,0.6711,2836.02,0.6712,6853.4,0.6713,224.13,0.6714,2836.02,0.6715,6853.4,0.6716,6552.78,0.6719,6220.68,0.672,6853.4,0.6722,1644.13,0.6723,8664.65,,,,,,,,,,,,,,,,,,,,,,,,,,,,,,,,,,,,,,,,,0.000023,
8,7,54,0.6673,0.6663,-0.1499,1774137163114,0.6703,2986.22,0.6702,7473.29,0.67,1644.13,0.6699,7473.29,0.6698,3522.4,0.6697,4977.93,0.6696,8665.18,0.6694,3305.4,0.6693,9117.42,0.669,7865.61,0.6708,230.66,0.6709,6853.4,0.671,224.13,0.6711,3060.15,0.6712,6853.4,0.6713,224.13,0.6714,2836.02,0.6715,6853.4,0.6716,6552.78,0.6719,6220.68,,,,,,,,,,,,,,,,,,,,,,,,,,,,,,,,,,,,,,,,,0.000023,
8,7,54,0.6682,0.6665,-0.2544,1774137163415,0.6702,7473.29,0.67,2837,0.6699,7473.29,0.6698,3522.4,0.6697,4977.93,0.6696,8665.18,0.6694,3305.4,0.6693,9117.42,0.669,7865.61,0.6689,1191.89,0.6707,305.24,0.6708,1644.13,0.6709,6853.4,0.671,224.13,0.6711,2836.02,0.6712,6853.4,0.6713,333.73,0.6714,2836.02,0.6715,6853.4,0.6716,6552.78,,,,,,,,,,,,,,,,,,,,,,,,,,,,,,,,,,,,,,,,,0.000023,
8,7,54,0.6682,0.667,-0.1796,1774137163716,0.6702,7473.29,0.67,2837,0.6699,7473.29,0.6698,3522.4,0.6697,4977.93,0.6696,8665.18,0.6694,3305.4,0.6693,9117.42,0.669,7865.61,0.6689,1191.89,0.6707,305.24,0.6708,1644.13,0.6709,6853.4,0.671,224.13,0.6711,2836.02,0.6712,6853.4,0.6713,333.73,0.6714,2836.02,0.6715,6853.4,0.6716,6552.78,,,,,,,,,,,,,,,,,,,,,,,,,,,,,,,,,,,,,,,,,0.000023,
8,7,54,0.6682,0.6673,-0.1347,1774137164016,0.67,2837,0.6699,7473.29,0.6697,1644.13,0.6696,8665.18,0.6695,3546,0.6693,9117.42,0.6691,3334.9,0.669,7865.61,0.6689,4496.69,0.6687,1644.13,0.6705,305.24,0.6706,6853.4,0.6708,2837,0.6709,6853.4,0.6711,2836.02,0.6712,6853.4,0.6713,333.73,0.6714,2836.02,0.6715,6853.4,0.6716,6552.78,,,,,,,,,,,,,,,,,,,,,,,,,,,,,,,,,,,,,,,,,0.000023,
8,7,54,0.668,0.6668,-0.1796,1774137164316,0.67,121.82,0.6697,1644.13,0.6696,8665.18,0.6695,3546,0.6693,9117.42,0.6691,3334.9,0.669,7865.61,0.6689,4496.69,0.6687,1644.13,0.6685,7843.69,0.6703,305.24,0.6705,2837,0.6706,6853.4,0.6707,224.13,0.6708,2837,0.6709,6853.4,0.6711,2836.02,0.6712,6853.4,0.6713,333.73,0.6714,2836.02,,,,,,,,,,,,,,,,,,,,,,,,,,,,,,,,,,,,,,,,,0.000023,
8,7,54,0.668,0.6667,-0.1946,1774137164617,0.6696,121.9,0.669,7865.61,0.6689,1191.89,0.6688,3334.9,0.6687,1644.13,0.6685,7473.29,0.6683,1644.13,0.6682,1191.89,0.668,9241.82,0.6677,1644.13,0.6697,305.24,0.6698,305.24,0.67,1949.37,0.6702,1192.87,0.6703,6853.4,0.6704,433.87,0.6705,2837,0.6706,6853.4,0.6707,224.13,0.6708,2837,,,,,,,,,,,,,,,,,,,,,,,,,,,,,,,,,,,,,,,,,0.000023,
8,7,54,0.668,0.667,-0.1497,1774137164918,0.6688,1055.4,0.6685,7473.29,0.6683,1644.13,0.6682,1191.89,0.6681,3335.7,0.668,9117.42,0.6677,1644.13,0.6676,2.32,0.6675,8562.87,0.6674,1644.13,0.6689,192.18,0.6692,305.24,0.6693,305.24,0.6694,384.36,0.6697,9690.4,0.6698,322.17,0.67,8802.77,0.6702,1192.87,0.6703,6853.4,0.6705,8694.81,,,,,,,,,,,,,,,,,,,,,,,,,,,,,,,,,,,,,,,,,0.000023,
8,7,54,0.6683,0.6673,-0.1496,1774137165219,0.6684,6853.4,0.6683,1619.11,0.6682,1191.89,0.668,9117.42,0.6677,1644.13,0.6676,2.32,0.6675,11381.97,0.6674,1644.13,0.6673,888.74,0.6672,3307.45,0.6688,305.24,0.6689,305.24,0.6692,224.13,0.6694,9690.4,0.6696,322.89,0.6697,9690.4,0.67,8497.53,0.6701,3335.7,0.6702,1192.87,0.6703,6853.4,,,,,,,,,,,,,,,,,,,,,,,,,,,,,,,,,,,,,,,,,0.000023,
8,7,54,0.6681,0.667,-0.1646,1774137165519,0.6684,6853.4,0.6683,1619.11,0.6682,1191.89,0.668,9117.42,0.6677,1644.13,0.6676,2.32,0.6675,11381.97,0.6674,1644.13,0.6673,888.74,0.6672,3307.45,0.6688,305.24,0.6689,305.24,0.6692,224.13,0.6694,9690.4,0.6696,322.89,0.6697,9690.4,0.67,8497.53,0.6701,3335.7,0.6702,1192.87,0.6703,6853.4,,,,,,,,,,,,,,,,,,,,,,,,,,,,,,,,,,,,,,,,,0.000023,
8,7,54,0.6677,0.6667,-0.1498,1774137165819,0.668,189.13,0.6676,116.5,0.6675,11616.87,0.6674,1644.13,0.6673,888.74,0.6672,3307.45,0.6671,1650.49,0.667,6853.4,0.6669,61.16,0.6668,2839.82,0.6685,378.26,0.6687,683.5,0.6688,8497.53,0.6691,9914.53,0.6693,378.34,0.6694,9690.4,0.6697,9690.4,0.67,8497.53,0.6701,3335.7,0.6702,1192.87,,,,,,,,,,,,,,,,,,,,,,,,,,,,,,,,,,,,,,,,,0.000023,
8,7,54,0.6681,0.6672,-0.1347,1774137166120,0.6676,116.5,0.6675,8046.27,0.6674,1644.13,0.6673,888.74,0.6672,3336.85,0.6671,1650.49,0.667,6853.4,0.6669,61.16,0.6668,2839.82,0.6667,71.47,0.6682,305.24,0.6683,186.24,0.6684,1570.13,0.6687,1498.11,0.6688,8497.53,0.6691,9690.4,0.6694,9690.4,0.6697,9690.4,0.67,11803.63,0.6702,1192.87,,,,,,,,,,,,,,,,,,,,,,,,,,,,,,,,,,,,,,,,,0.000023,
8,7,54,0.668,0.667,-0.1497,1774137166420,0.668,62.88,0.6676,116.5,0.6675,6853.4,0.6673,888.74,0.6672,1.15,0.6671,5229.89,0.667,6853.4,0.6669,61.16,0.6668,2839.82,0.6667,71.47,0.6681,301.01,0.6683,305.24,0.6684,1570.13,0.6685,6853.4,0.6687,1192.87,0.6688,8497.53,0.6691,9690.4,0.6692,8794.3,0.6694,9690.4,0.6697,9690.4,,,,,,,,,,,,,,,,,,,,,,,,,,,,,,,,,,,,,,,,,0.000023,
8,7,54,0.6687,0.6673,-0.2094,1774137166720,0.6676,2.32,0.6673,888.74,0.6672,1.15,0.6671,5229.89,0.667,6853.4,0.6669,61.16,0.6668,2839.82,0.6667,3408.57,0.6665,10215.02,0.6663,2.69,0.6679,305.24,0.668,6853.4,0.6682,98.04,0.6683,1502.93,0.6684,1570.13,0.6685,6853.4,0.6687,1192.87,0.6688,8497.53,0.6691,9690.4,0.6692,8794.3,,,,,,,,,,,,,,,,,,,,,,,,,,,,,,,,,,,,,,,,,0.000023,
8,7,54,0.6687,0.6677,-0.1495,1774137167020,0.6676,2.32,0.6673,888.74,0.6672,1.15,0.6671,5229.89,0.667,6853.4,0.6669,61.16,0.6668,2839.82,0.6667,3408.57,0.6665,10215.02,0.6663,2.69,0.6677,305.24,0.6678,1502.93,0.6679,1481.73,0.668,6853.4,0.6681,225.08,0.6683,1197.69,0.6684,1570.13,0.6685,6853.4,0.6687,1192.87,0.6688,8497.53,,,,,,,,,,,,,,,,,,,,,,,,,,,,,,,,,,,,,,,,,0.000023,
8,7,54,0.6683,0.6671,-0.1796,1774137167322,0.6676,2.32,0.6673,888.74,0.6672,1.15,0.6671,5229.89,0.667,6853.4,0.6669,61.16,0.6668,2839.82,0.6667,3408.57,0.6665,10215.02,0.6663,2.69,0.6677,305.24,0.6678,1502.93,0.6679,1481.73,0.668,6853.4,0.6681,225.08,0.6683,1197.69,0.6684,1570.13,0.6685,6853.4,0.6687,1192.87,0.6688,8497.53,,,,,,,,,,,,,,,,,,,,,,,,,,,,,,,,,,,,,,,,,0.000023,
8,7,54,0.6683,0.6671,-0.1796,1774137167623,0.6676,2.32,0.6673,888.74,0.6672,1.15,0.6671,3585.76,0.667,6853.4,0.6669,61.16,0.6668,2839.82,0.6667,3408.57,0.6665,10215.02,0.6663,2.69,0.6678,79.96,0.6679,1481.73,0.668,6951.44,0.6681,225.08,0.6683,1197.69,0.6684,1570.13,0.6685,6853.4,0.6687,1192.87,0.6688,8497.53,0.6691,9690.4,,,,,,,,,,,,,,,,,,,,,,,,,,,,,,,,,,,,,,,,,0.000023,
8,7,54,0.6683,0.6671,-0.1796,1774137167923,0.6671,11377.82,0.6669,61.16,0.6668,6856.22,0.6667,3408.57,0.6666,2841.82,0.6665,10215.02,0.6663,2.69,0.6662,1644.13,0.6661,8196.1,0.666,4337.72,0.6676,1644.13,0.6678,1422.77,0.6679,1481.73,0.668,6853.4,0.6683,1197.69,0.6684,1570.13,0.6685,6853.4,0.6687,1192.87,0.6688,8497.53,0.6691,9690.4,,,,,,,,,,,,,,,,,,,,,,,,,,,,,,,,,,,,,,,,,0.000023,
8,7,54,0.6685,0.6671,-0.2094,1774137168224,0.6669,182.9,0.6662,160.5,0.6659,1197.69,0.6658,365.81,0.6657,1644.13,0.6656,146,0.6655,790.29,0.6654,4.17,0.6653,1254.55,0.6652,1644.13,0.6673,749.35,0.6675,548.72,0.6676,2144.13,0.6677,7158.64,0.6678,1197.69,0.6679,1481.73,0.668,6853.4,0.6684,1570.13,0.6685,6853.4,0.6688,8497.53,,,,,,,,,,,,,,,,,,,,,,,,,,,,,,,,,,,,,,,,,0.000023,
8,7,54,0.6677,0.6669,-0.1198,1774137168525,0.6648,171.43,0.6644,23.91,0.6643,1,0.6641,1197.69,0.664,114.8,0.6639,19.79,0.6638,1222.65,0.6637,1073.47,0.6636,6853.4,0.6633,1644.13,0.6654,1669.29,0.6656,358.04,0.6658,358.04,0.6659,1644.13,0.666,179.02,0.6662,305.24,0.6664,1555.73,0.6665,819.08,0.6667,905.13,0.667,1197.69,,,,,,,,,,,,,,,,,,,,,,,,,,,,,,,,,,,,,,,,,0.000023,
8,7,54,0.668,0.6671,-0.1347,1774137168825,0.6651,305.24,0.665,675.5,0.6649,500,0.6646,225.08,0.6645,1644.13,0.6644,6.84,0.6643,1,0.6642,1644.13,0.664,114.8,0.6639,1663.92,0.6659,422.44,0.6663,1644.13,0.6664,1197.69,0.6667,2102.82,0.6668,98.04,0.667,1197.69,0.6671,1621.21,0.6674,1197.69,0.6676,1644.13,0.6677,8051.09,,,,,,,,,,,,,,,,,,,,,,,,,,,,,,,,,,,,,,,,,0.000023,
8,7,54,0.668,0.6671,-0.1347,1774137169126,0.6637,711.76,0.6631,6860.45,0.6629,1005.68,0.6628,110.69,0.6627,1644.13,0.6626,6947.84,0.6625,23,0.6623,61.16,0.6622,1200.01,0.6621,8499.8,0.6638,316.96,0.664,246.91,0.6642,361.71,0.6647,3145.21,0.6651,361.71,0.6652,1820.44,0.6653,1559.4,0.6656,559.01,0.6657,1197.69,0.6659,422.44,,,,,,,,,,,,,,,,,,,,,,,,,,,,,,,,,,,,,,,,,0.000023,
8,7,54,0.6673,0.6669,-0.0599,1774137169427,0.6627,209.39,0.6624,3067.29,0.6623,61.16,0.6622,2.32,0.6621,2.27,0.6619,1057.42,0.6618,2.45,0.6617,7.81,0.6615,153075.81,0.6613,5.76,0.6629,1078.7,0.6634,1197.69,0.6638,1644.13,0.6643,1057.53,0.6647,1644.13,0.6652,1458.73,0.6659,1644.13,0.6666,500,0.6676,2.32,0.6677,6853.4,,,,,,,,,,,,,,,,,,,,,,,,,,,,,,,,,,,,,,,,,0.000023,
8,7,54,0.6673,0.6666,-0.1049,1774137169727,0.6627,209.39,0.6624,3067.29,0.6623,61.16,0.6622,2.32,0.6621,2.27,0.6619,1057.42,0.6618,2.45,0.6617,7.81,0.6615,153075.81,0.6613,5.76,0.6629,1078.7,0.6634,1197.69,0.6638,1644.13,0.6643,1057.53,0.6647,1644.13,0.6652,1458.73,0.6659,1644.13,0.6666,500,0.6676,2.32,0.6677,6853.4,,,,,,,,,,,,,,,,,,,,,,,,,,,,,,,,,,,,,,,,,0.000023,
8,7,54,0.6674,0.6667,-0.1049,1774137170027,0.6615,147929.95,0.6613,5.76,0.6612,1.66,0.6611,6856.55,0.661,1645.53,0.6609,1.03,0.6608,146,0.6607,6853.4,0.6606,1197.69,0.6604,1644.13,0.6625,1207,0.6629,7607.71,0.663,1353.8,0.6631,6853.4,0.6632,349.88,0.6634,1091.69,0.6635,6853.4,0.6638,1644.13,0.6639,6853.4,0.6643,7910.93,,,,,,,,,,,,,,,,,,,,,,,,,,,,,,,,,,,,,,,,,0.000023,
8,7,54,0.6676,0.6672,-0.0599,1774137170328,0.6615,86706.91,0.6613,5.76,0.6612,1.66,0.6611,3.15,0.661,1.4,0.6609,1.03,0.6604,1207,0.6602,1060.26,0.66,3231.29,0.6598,1208.53,0.6618,6853.4,0.662,6853.4,0.6623,6853.4,0.6625,7608.14,0.6627,1713.81,0.6629,1207,0.663,2560.8,0.6631,6853.4,0.6634,2826.76,0.6635,6853.4,,,,,,,,,,,,,,,,,,,,,,,,,,,,,,,,,,,,,,,,,0.000023,
8,7,54,0.6684,0.6673,-0.1646,1774137170629,0.6615,49116.39,0.6613,5.76,0.6612,1.66,0.6611,3.15,0.661,1.4,0.6609,1.03,0.6602,1060.26,0.66,1496.22,0.6598,1.53,0.6597,220.88,0.6616,809.36,0.6618,6639.62,0.662,6853.4,0.6623,6853.4,0.6625,6853.4,0.6627,1713.81,0.6629,1207,0.663,2560.8,0.6631,6853.4,0.6634,2826.76,,,,,,,,,,,,,,,,,,,,,,,,,,,,,,,,,,,,,,,,,0.000023,
8,7,54,0.6684,0.6673,-0.1646,1774137170929,0.66,240.86,0.6598,1.53,0.6597,220.88,0.6596,6.76,0.6595,2.32,0.6594,7.58,0.6592,6.72,0.6591,2.82,0.6588,2,0.6587,2.85,0.6616,642.18,0.6618,6639.62,0.662,6853.4,0.6623,6853.4,0.6624,36,0.6625,6853.4,0.6627,1713.81,0.6629,1207,0.663,2560.8,0.6631,6853.4,,,,,,,,,,,,,,,,,,,,,,,,,,,,,,,,,,,,,,,,,0.000023,
8,7,54,0.668,0.6668,-0.1796,1774137171229,0.6585,1393.45,0.6584,1063.08,0.6583,1.06,0.658,1644.13,0.6579,1.45,0.6578,24.45,0.6577,61.16,0.6574,1736.7,0.6573,25.55,0.6572,3.44,0.6592,352.95,0.6594,352.95,0.6596,644.55,0.6603,3339.4,0.6612,3442.3,0.6616,371,0.6618,6639.62,0.662,6853.4,0.6623,6853.4,0.6624,36,,,,,,,,,,,,,,,,,,,,,,,,,,,,,,,,,,,,,,,,,0.000023,
8,7,54,0.6679,0.6668,-0.1647,1774137171530,0.6574,1.63,0.6573,25.55,0.6572,1738.51,0.6571,1,0.6569,24.17,0.6568,1737.76,0.6567,20.29,0.6564,131.11,0.6563,1216.03,0.6562,5074.47,0.6585,1063.89,0.659,1735.07,0.6591,346.92,0.6593,1037.58,0.6595,346.92,0.6597,346.92,0.6599,312.14,0.6601,1735.07,0.6611,48.11,0.6612,3442.3,,,,,,,,,,,,,,,,,,,,,,,,,,,,,,,,,,,,,,,,,0.000023,
8,7,54,0.6677,0.6668,-0.1348,1774137171831,0.6572,1614.69,0.6571,1,0.6569,24.17,0.6568,2192.12,0.6567,20.29,0.6566,1207,0.6565,6853.4,0.6563,1216.03,0.6562,1735.07,0.656,6867.38,0.6576,56.44,0.6578,6853.4,0.658,6853.4,0.6582,6853.4,0.6584,6853.4,0.6585,304,0.6588,6853.4,0.659,1735.07,0.6593,3340.8,0.6601,1735.07,,,,,,,,,,,,,,,,,,,,,,,,,,,,,,,,,,,,,,,,,0.000023,
8,7,54,0.668,0.6668,-0.1796,1774137172132,0.6591,1735.07,0.6588,1223.84,0.6584,1962.13,0.6581,2942.07,0.6579,6853.4,0.6578,2942.07,0.6576,7202.05,0.6575,1735.07,0.6573,8060.4,0.6572,1614.69,0.66,2151.82,0.6604,6853.4,0.6608,6853.4,0.6611,699.9,0.6612,5177.37,0.6613,5.76,0.6617,1.45,0.6622,2.32,0.6623,1796.23,0.6624,36,,,,,,,,,,,,,,,,,,,,,,,,,,,,,,,,,,,,,,,,,0.000023,
8,7,54,0.6684,0.667,-0.2095,1774137172433,0.6599,696.24,0.6596,348.65,0.6595,1075.85,0.6594,1735.07,0.6592,1150.6,0.6591,1735.07,0.6589,454.36,0.6588,1223.84,0.6587,1207,0.6585,7080.7,0.6607,303,0.6612,3442.3,0.6613,5.76,0.6614,6853.4,0.6616,1735.07,0.6617,1.45,0.662,6853.4,0.6622,2.32,0.6623,5137.03,0.6624,36,,,,,,,,,,,,,,,,,,,,,,,,,,,,,,,,,,,,,,,,,0.000023,
8,7,54,0.6684,0.6672,-0.1795,1774137172734,0.66,1482.69,0.6597,1962.13,0.6594,2942.07,0.6593,3340.8,0.6592,7307.76,0.6591,2942.07,0.6589,6853.4,0.6588,1223.84,0.6587,1207,0.6585,6853.4,0.6603,217.07,0.6607,756.79,0.6611,462.27,0.6612,3281.04,0.6613,5.76,0.6614,6853.4,0.6616,1735.07,0.6617,1.45,0.662,6853.4,0.6622,2.32,,,,,,,,,,,,,,,,,,,,,,,,,,,,,,,,,,,,,,,,,0.000023,
8,7,54,0.6684,0.6673,-0.1646,1774137173034,0.6603,1735.07,0.6602,348.65,0.6601,704.03,0.66,1735.07,0.6598,348.65,0.6597,1962.37,0.6595,7922.69,0.6594,2946.91,0.6593,3340.8,0.6592,7574.04,0.6604,303,0.661,756.54,0.6612,3281.04,0.6613,5.76,0.6614,6853.4,0.6616,1735.07,0.6617,1.45,0.662,6853.4,0.6622,2.32,0.6623,5137.03,,,,,,,,,,,,,,,,,,,,,,,,,,,,,,,,,,,,,,,,,0.000023,
8,7,54,0.6689,0.6674,-0.2242,1774137173335,0.6603,1735.07,0.6602,348.65,0.6601,704.03,0.66,1735.07,0.6598,348.65,0.6597,1962.37,0.6595,7922.69,0.6594,2946.91,0.6593,3340.8,0.6592,7574.04,0.6604,303,0.661,756.54,0.6612,3281.04,0.6613,5.76,0.6614,6853.4,0.6616,1735.07,0.6617,1.45,0.662,6853.4,0.6622,2.32,0.6623,5137.03,,,,,,,,,,,,,,,,,,,,,,,,,,,,,,,,,,,,,,,,,0.000023,
8,7,54,0.6689,0.6676,-0.1943,1774137173635,0.6603,1735.07,0.6602,348.65,0.6601,704.03,0.66,1735.07,0.6598,348.65,0.6597,1962.37,0.6595,7922.69,0.6594,2946.91,0.6593,3340.8,0.6592,7574.04,0.6604,303,0.661,756.54,0.6612,3281.04,0.6613,5.76,0.6614,6853.4,0.6616,1735.07,0.6617,1.45,0.662,6853.4,0.6622,2.32,0.6623,5137.03,,,,,,,,,,,,,,,,,,,,,,,,,,,,,,,,,,,,,,,,,0.000023,
8,7,54,0.6689,0.6676,-0.1943,1774137173935,0.6623,1735.07,0.6622,348.65,0.6621,704.03,0.662,1584.07,0.6617,394.38,0.6616,1211.84,0.6614,1735.07,0.6613,8278.07,0.661,1643.52,0.6609,1735.07,0.6625,1.15,0.6631,2,0.6637,10520.95,0.6638,24.96,0.6639,19.79,0.6641,213.78,0.6642,3340.8,0.6643,7574.04,0.6644,1735.07,0.6645,1211.84,,,,,,,,,,,,,,,,,,,,,,,,,,,,,,,,,,,,,,,,,0.000023,
8,7,54,0.6689,0.6678,-0.1644,1774137174236,0.6623,1735.07,0.6622,348.65,0.6621,704.03,0.662,1584.07,0.6617,394.38,0.6616,1211.84,0.6614,1735.07,0.6613,8278.07,0.661,1643.52,0.6609,1735.07,0.6625,1.15,0.6631,2,0.6637,10520.95,0.6638,24.96,0.6639,19.79,0.6641,213.78,0.6642,3340.8,0.6643,7574.04,0.6644,1735.07,0.6645,1211.84,,,,,,,,,,,,,,,,,,,,,,,,,,,,,,,,,,,,,,,,,0.000023,
8,7,54,0.6694,0.668,-0.2091,1774137174537,0.662,9309.11,0.6619,1211.84,0.6617,2439.1,0.6616,8721.18,0.6614,1735.07,0.6613,8278.07,0.661,1211.84,0.6609,1735.07,0.6607,12126.68,0.6606,1735.07,0.6625,754.81,0.6627,500,0.6631,302,0.6635,1211.84,0.6636,1735.07,0.6638,355.31,0.6639,19.79,0.664,2946.91,0.6641,706.25,0.6643,7574.04,,,,,,,,,,,,,,,,,,,,,,,,,,,,,,,,,,,,,,,,,0.000023,
8,7,54,0.6694,0.6684,-0.1494,1774137174837,0.6625,355.38,0.6624,1211.84,0.6621,10024.8,0.6619,161.35,0.6618,488.27,0.6617,1961.86,0.6616,8721.18,0.6614,1735.07,0.6613,7574.04,0.661,1211.84,0.6626,1735.07,0.6635,1211.84,0.6636,1735.07,0.6637,7574.04,0.6638,24.96,0.6639,19.79,0.664,2946.91,0.6641,213.78,0.6643,7574.04,0.6644,1735.07,,,,,,,,,,,,,,,,,,,,,,,,,,,,,,,,,,,,,,,,,0.000023,
8,7,54,0.6692,0.668,-0.1793,1774137175138,0.6625,355.38,0.6624,1211.84,0.6621,10024.8,0.6619,161.35,0.6618,488.27,0.6617,1961.86,0.6616,8721.18,0.6614,1735.07,0.6613,7574.04,0.661,1211.84,0.6626,1735.07,0.6635,1211.84,0.6636,1735.07,0.6637,7574.04,0.6638,24.96,0.6639,19.79,0.664,2946.91,0.6641,213.78,0.6643,7574.04,0.6644,1735.07,,,,,,,,,,,,,,,,,,,,,,,,,,,,,,,,,,,,,,,,,0.000023,
8,7,54,0.6691,0.668,-0.1644,1774137175438,0.6641,348.65,0.664,348.65,0.6638,348.65,0.6633,637.24,0.6632,1735.07,0.6631,7574.04,0.663,1439.26,0.6629,1962.49,0.6628,7926.38,0.6626,391.61,0.6644,752.56,0.6648,1736.38,0.6649,10712.14,0.665,1.23,0.6651,2946.91,0.6653,5.76,0.6654,7574.04,0.6655,1.45,0.6657,2946.91,0.6659,7574.04,,,,,,,,,,,,,,,,,,,,,,,,,,,,,,,,,,,,,,,,,0.000023,
8,7,54,0.6694,0.6681,-0.1942,1774137175739,0.664,1735.07,0.6639,348.65,0.6636,3650.94,0.6635,7574.04,0.6633,637.24,0.6632,1735.07,0.6631,7574.04,0.663,1439.26,0.6629,1735.07,0.6628,7574.04,0.6644,301,0.6647,1964.13,0.6648,1.31,0.6649,10712.14,0.665,1.23,0.6651,2946.91,0.6653,5.76,0.6654,7574.04,0.6655,1.45,0.6657,2946.91,,,,,,,,,,,,,,,,,,,,,,,,,,,,,,,,,,,,,,,,,0.000023,
8,7,54,0.6694,0.6685,-0.1344,1774137176040,0.664,1735.07,0.6639,348.65,0.6636,3650.94,0.6635,7574.04,0.6633,637.24,0.6632,1735.07,0.6631,7574.04,0.663,1439.26,0.6629,1735.07,0.6628,7574.04,0.6644,301,0.6647,1964.13,0.6648,1.31,0.6649,10712.14,0.665,1.23,0.6651,2946.91,0.6653,5.76,0.6654,7574.04,0.6655,1.45,0.6657,2946.91,,,,,,,,,,,,,,,,,,,,,,,,,,,,,,,,,,,,,,,,,0.000023,
8,7,54,0.6694,0.6685,-0.1344,1774137176340,0.6646,46.03,0.664,5782.3,0.6638,7574.04,0.6636,3295.56,0.6635,7574.04,0.6632,1735.07,0.6631,7574.04,0.663,1211.84,0.6629,1735.07,0.6628,7574.04,0.6648,753.52,0.6649,3138.1,0.665,1.23,0.6653,1217.6,0.6654,7574.04,0.6655,37.45,0.6657,2946.91,0.6659,7574.04,0.6662,1211.84,0.6663,1852.56,,,,,,,,,,,,,,,,,,,,,,,,,,,,,,,,,,,,,,,,,0.000023,
8,7,54,0.6696,0.6685,-0.1643,1774137176641,0.6648,490.2,0.6647,150.37,0.6645,7588.21,0.6644,1735.07,0.6641,8785.88,0.664,5426.92,0.6638,7574.04,0.6636,3446.91,0.6635,7574.04,0.6632,1735.07,0.6653,5.76,0.6655,1.45,0.6657,1211.84,0.6659,7574.04,0.6662,1211.84,0.6663,1852.56,0.6664,7574.04,0.6666,1.12,0.6667,70.35,0.6668,1214.66,,,,,,,,,,,,,,,,,,,,,,,,,,,,,,,,,,,,,,,,,0.000023,
8,7,54,0.6696,0.6685,-0.1643,1774137176942,0.6655,150.92,0.6654,150.92,0.6652,2083.72,0.665,4201.24,0.6648,7574.04,0.6647,1735.07,0.6646,1439.26,0.6645,7574.04,0.6644,1735.07,0.6641,8785.88,0.6657,300,0.6658,1711.84,0.6661,7574.04,0.6662,1211.84,0.6663,1852.56,0.6664,7574.04,0.6666,1.12,0.6667,70.35,0.6668,1214.66,0.6669,9370.27,,,,,,,,,,,,,,,,,,,,,,,,,,,,,,,,,,,,,,,,,0.000023,
8,7,54,0.6696,0.6686,-0.1493,1774137177243,0.6655,150.92,0.6654,150.92,0.6652,2083.72,0.665,4201.24,0.6648,7574.04,0.6647,1735.07,0.6646,1439.26,0.6645,7574.04,0.6644,1735.07,0.6641,8785.88,0.6657,300,0.6658,1711.84,0.6661,7574.04,0.6662,1211.84,0.6663,1852.56,0.6664,7574.04,0.6666,1.12,0.6667,70.35,0.6668,1214.66,0.6669,9370.27,,,,,,,,,,,,,,,,,,,,,,,,,,,,,,,,,,,,,,,,,0.000023,
8,7,54,0.6696,0.6688,-0.1195,1774137177543,0.6659,141.41,0.6656,214.77,0.6654,10274.97,0.6652,1735.07,0.6651,8776.41,0.665,3346.9,0.6648,7574.04,0.6647,1735.07,0.6646,1211.84,0.6645,7574.04,0.6661,500,0.6662,2262.46,0.6663,117.49,0.6664,7801.46,0.6665,36,0.6666,2090.93,0.6667,70.35,0.6668,1214.66,0.6669,9370.27,0.6671,6.36,,,,,,,,,,,,,,,,,,,,,,,,,,,,,,,,,,,,,,,,,0.000023,
8,7,54,0.6696,0.6688,-0.1195,1774137177844,0.6659,141.41,0.6656,214.77,0.6654,10274.97,0.6652,1735.07,0.6651,8776.41,0.665,3346.9,0.6648,7574.04,0.6647,1735.07,0.6646,1211.84,0.6645,7574.04,0.6661,500,0.6662,2262.46,0.6663,117.49,0.6664,7801.46,0.6665,36,0.6666,2090.93,0.6667,70.35,0.6668,1214.66,0.6669,9370.27,0.6671,6.36,,,,,,,,,,,,,,,,,,,,,,,,,,,,,,,,,,,,,,,,,0.000023,
8,7,54,0.6696,0.6688,-0.1195,1774137178145,0.6628,146,0.6625,3231.38,0.6623,226.79,0.6622,3233.7,0.662,18.12,0.6619,1202.37,0.6617,1.45,0.6616,2029.01,0.6613,1359.11,0.6611,2029.01,0.663,348.47,0.6631,2384.39,0.6632,355.38,0.6633,1092.04,0.6637,433.8,0.6638,2029.01,0.6641,1877.48,0.6645,2029.01,0.6649,2029.01,0.6651,226.34,,,,,,,,,,,,,,,,,,,,,,,,,,,,,,,,,,,,,,,,,0.000023,
8,7,54,0.6698,0.6688,-0.1493,1774137178445,0.6628,146,0.6625,3231.38,0.6623,226.79,0.6622,3233.7,0.662,18.12,0.6619,1202.37,0.6617,1.45,0.6616,2029.01,0.6613,1359.11,0.6611,2029.01,0.663,348.47,0.6631,2384.39,0.6632,355.38,0.6633,1092.04,0.6637,433.8,0.6638,2029.01,0.6641,1877.48,0.6645,2029.01,0.6649,2029.01,0.6651,226.34,,,,,,,,,,,,,,,,,,,,,,,,,,,,,,,,,,,,,,,,,0.000023,
8,7,54,0.6698,0.6688,-0.1493,1774137178746,0.6617,1.45,0.6616,2029.01,0.6614,226.79,0.6613,1208.13,0.6611,2029.01,0.6605,2029.01,0.6603,1202.37,0.66,1.23,0.6599,2029.01,0.6598,372.2,0.663,436.88,0.6634,2029.01,0.6636,301,0.6637,2029.01,0.6641,1877.48,0.6645,2029.01,0.6647,1202.37,0.6649,2029.01,0.6651,1202.37,0.6652,2029.01,,,,,,,,,,,,,,,,,,,,,,,,,,,,,,,,,,,,,,,,,0.000023,
8,7,54,0.6698,0.6688,-0.1493,1774137179046,0.6627,2029.01,0.6623,443.01,0.6622,2029.01,0.6621,316.35,0.6619,2029.01,0.6617,1.45,0.6616,2029.01,0.6613,5.76,0.6611,2029.01,0.6605,2029.01,0.6632,699.2,0.6634,2038.14,0.6637,2029.01,0.664,1202.37,0.6641,1877.48,0.6644,1202.37,0.6645,2029.01,0.6647,1202.37,0.6649,2031.33,0.6651,1202.37,,,,,,,,,,,,,,,,,,,,,,,,,,,,,,,,,,,,,,,,,0.000023,
8,7,54,0.6698,0.6688,-0.1493,1774137179347,0.662,22.37,0.6615,438.16,0.6614,3987.26,0.6613,5.76,0.6611,2029.01,0.661,226.58,0.6605,2159.56,0.6603,146,0.66,1.23,0.6599,2029.01,0.6625,764.21,0.6626,754.71,0.6627,2029.01,0.6629,1202.37,0.663,2190.01,0.6633,1202.37,0.6634,1737.14,0.6636,1202.37,0.6637,2029.01,0.664,1202.37,,,,,,,,,,,,,,,,,,,,,,,,,,,,,,,,,,,,,,,,,0.000023,
8,7,54,0.6698,0.6689,-0.1344,1774137179648,0.662,22.37,0.6615,438.16,0.6614,3987.26,0.6613,5.76,0.6611,2029.01,0.661,226.58,0.6605,2159.56,0.6603,146,0.66,1.23,0.6599,2029.01,0.6625,764.21,0.6626,754.71,0.6627,2029.01,0.6629,1202.37,0.663,2190.01,0.6633,1202.37,0.6634,1737.14,0.6636,1202.37,0.6637,2029.01,0.664,1202.37,,,,,,,,,,,,,,,,,,,,,,,,,,,,,,,,,,,,,,,,,0.000023,
8,7,54,0.6698,0.669,-0.1194,1774137179949,0.6623,425.38,0.6622,141.79,0.6621,2029.01,0.662,355.38,0.6619,9472.53,0.6618,2029.01,0.6615,8717.22,0.6614,2255.59,0.6613,5.76,0.6611,2029.01,0.6629,1084.32,0.6631,2029.01,0.6633,1202.37,0.6634,1737.14,0.6635,8717.22,0.6636,1202.37,0.6637,2029.01,0.664,9919.59,0.6641,1877.48,0.6644,1202.37,,,,,,,,,,,,,,,,,,,,,,,,,,,,,,,,,,,,,,,,,0.000023,
8,7,54,0.6698,0.669,-0.1194,1774137180250,0.6635,2029.01,0.6632,2384.39,0.6629,2029.01,0.6626,10972.81,0.6623,8717.22,0.6622,2029.01,0.6621,1202.37,0.662,90.73,0.6619,8717.22,0.6618,2029.01,0.6644,1202.37,0.6648,1202.37,0.6649,2031.33,0.665,8717.22,0.6652,2029.01,0.6654,1202.37,0.6655,8766.78,0.6657,2029.01,0.666,11948.6,0.6663,2146.5,,,,,,,,,,,,,,,,,,,,,,,,,,,,,,,,,,,,,,,,,0.000023,
8,7,54,0.6699,0.6691,-0.1194,1774137180550,0.6638,2029.01,0.6636,8717.22,0.6635,2179.66,0.6633,257.09,0.6632,10746.23,0.6631,226.58,0.6629,14096.13,0.6628,1202.37,0.6626,10972.81,0.6623,8717.22,0.6642,1202.37,0.6645,1684.14,0.6648,1202.37,0.6649,2031.33,0.665,8717.22,0.6652,2029.01,0.6654,1202.37,0.6655,8718.67,0.6657,2029.01,0.666,11948.6,,,,,,,,,,,,,,,,,,,,,,,,,,,,,,,,,,,,,,,,,0.000023,
8,7,54,0.6703,0.6692,-0.1641,1774137180851,0.6648,505.71,0.6644,355.38,0.6643,2029.01,0.6642,8717.22,0.664,3349.9,0.6639,8717.22,0.6638,2029.01,0.6636,8717.22,0.6635,2029.01,0.6634,226.58,0.6649,2.32,0.6655,39.94,0.6657,1202.37,0.666,3231.38,0.6663,2146.5,0.6665,9955.59,0.6666,2030.13,0.6667,70.35,0.6668,2.82,0.6669,61.16,,,,,,,,,,,,,,,,,,,,,,,,,,,,,,,,,,,,,,,,,0.000023,
8,7,54,0.6703,0.6695,-0.1193,1774137181151,0.666,355.38,0.6655,150.2,0.6653,2235.51,0.6652,12424.6,0.665,1880.13,0.6648,8717.22,0.6647,226.58,0.6645,8717.22,0.6644,355.38,0.6643,2029.01,0.6662,1203.27,0.6663,117.49,0.6665,1238.37,0.6666,1.12,0.6667,70.35,0.6668,2.82,0.6669,1941.29,0.667,8717.22,0.6671,1208.73,0.6672,2030.16,,,,,,,,,,,,,,,,,,,,,,,,,,,,,,,,,,,,,,,,,0.000023,
8,7,54,0.6703,0.6696,-0.1044,1774137181452,0.6662,355.38,0.6658,1880.13,0.6657,226.58,0.6656,150.16,0.6655,8717.22,0.6653,2235.51,0.6652,12424.6,0.6651,500,0.665,1880.13,0.6648,9073.63,0.6663,95.45,0.6665,1238.37,0.6666,1.12,0.6667,70.35,0.6668,1206.09,0.6669,1941.29,0.667,8717.22,0.6671,1208.73,0.6672,2030.16,0.6673,2,,,,,,,,,,,,,,,,,,,,,,,,,,,,,,,,,,,,,,,,,0.000023,
8,7,54,0.6706,0.6696,-0.1491,1774137181753,0.667,355.38,0.6664,1880.13,0.6662,12069.22,0.6661,1880.13,0.666,8943.8,0.6658,2106.71,0.6657,226.58,0.6656,1203.27,0.6655,8717.22,0.6653,1880.13,0.6671,6.36,0.6672,1.15,0.6673,2,0.6674,1203.27,0.6676,2.32,0.6677,1202.37,0.6678,2029.01,0.6679,1.4,0.668,8718.28,0.6681,21.85,,,,,,,,,,,,,,,,,,,,,,,,,,,,,,,,,,,,,,,,,0.000024,
8,7,54,0.6707,0.6698,-0.1342,1774137182054,0.6669,8361.84,0.6667,8717.22,0.6665,8717.22,0.6664,1880.13,0.6663,226.58,0.6662,12069.22,0.6661,1880.13,0.666,8943.8,0.6658,2252.63,0.6656,1203.27,0.667,355.38,0.6671,355.38,0.6672,1.15,0.6673,2,0.6676,2.32,0.6679,1.4,0.668,8718.28,0.6681,21.85,0.6683,1209.09,0.6684,2.45,,,,,,,,,,,,,,,,,,,,,,,,,,,,,,,,,,,,,,,,,0.000024,
8,7,54,0.671,0.6704,-0.0894,1774137182354,0.6676,1880.13,0.6674,3353.3,0.6673,9920.49,0.6671,1880.13,0.667,8565.97,0.6668,3083.4,0.6667,8717.22,0.6665,8717.22,0.6664,2106.71,0.6663,1203.27,0.6684,2.45,0.6685,3.84,0.6686,2.27,0.6687,1880.13,0.6689,1203.27,0.669,10746.23,0.6691,1.66,0.6693,1881.58,0.6694,8722.98,0.6695,1203.27,,,,,,,,,,,,,,,,,,,,,,,,,,,,,,,,,,,,,,,,,0.000024,
8,7,54,0.6714,0.6707,-0.1043,1774137182654,0.6684,9465.22,0.6683,5233.43,0.6682,1203.27,0.6679,1880.13,0.6678,8717.22,0.6677,1203.27,0.6676,1880.13,0.6673,9920.49,0.6671,1880.13,0.667,8565.97,0.6691,1.66,0.6693,1.45,0.6694,5.76,0.6695,1203.27,0.6696,1880.13,0.6698,392.35,0.6699,8740.52,0.67,5.8,0.6701,1203.27,0.6702,1880.13,,,,,,,,,,,,,,,,,,,,,,,,,,,,,,,,,,,,,,,,,0.000024,
8,7,54,0.6716,0.6708,-0.1191,1774137182955,0.6689,1702.13,0.6688,1203.27,0.6687,8717.22,0.6686,1880.13,0.6684,8717.22,0.6683,1880.13,0.6682,1203.27,0.6679,1880.13,0.6678,8717.22,0.6677,1203.27,0.6698,392.35,0.6699,23.3,0.67,5.8,0.6701,1203.27,0.6703,2.32,0.6704,8717.22,0.6707,19.79,0.6708,3083.4,0.671,8718.53,0.6711,2.69,,,,,,,,,,,,,,,,,,,,,,,,,,,,,,,,,,,,,,,,,0.000024,
8,7,54,0.6719,0.6713,-0.0893,1774137183255,0.6693,2904.8,0.6691,8717.22,0.669,1880.13,0.6688,9920.49,0.6686,1880.13,0.6684,8717.22,0.6683,1880.13,0.6682,1203.27,0.6679,2252.63,0.6678,8717.22,0.6699,23.3,0.67,5.8,0.6703,1205.59,0.6704,8717.22,0.6707,19.79,0.6708,3083.4,0.671,8718.53,0.6711,2.69,0.6714,1881.13,0.6715,1414.14,,,,,,,,,,,,,,,,,,,,,,,,,,,,,,,,,,,,,,,,,0.000024,
8,7,54,0.6724,0.6717,-0.1041,1774137183556,0.6693,880.13,0.6692,3355,0.6691,8717.22,0.669,1880.13,0.6688,9920.49,0.6686,1880.13,0.6685,1203.27,0.6684,8717.22,0.6683,1880.13,0.6682,1203.27,0.6697,1949.9,0.6699,23.3,0.67,5.8,0.6703,3085.72,0.6704,8717.22,0.6707,19.79,0.6708,3083.4,0.671,8718.53,0.6711,35.94,0.6714,1881.13,,,,,,,,,,,,,,,,,,,,,,,,,,,,,,,,,,,,,,,,,0.000024,
8,7,54,0.6724,0.6717,-0.1041,1774137183856,0.6684,8717.22,0.6683,1880.13,0.6682,1203.27,0.6681,8717.22,0.668,3355,0.6679,1880.13,0.6678,8717.22,0.6677,1203.27,0.6676,1880.13,0.6674,1203.27,0.6693,1880.13,0.6694,1194.92,0.6697,8717.22,0.6698,2626.68,0.6699,23.3,0.67,5.8,0.6703,3085.72,0.6704,8717.22,0.6707,19.79,0.6708,1880.13,,,,,,,,,,,,,,,,,,,,,,,,,,,,,,,,,,,,,,,,,0.000024,
8,7,54,0.6724,0.6719,-0.0744,1774137184157,0.6683,1780.13,0.6682,1203.27,0.6681,8717.22,0.668,3355,0.6679,1880.13,0.6678,8717.22,0.6677,1203.27,0.6676,1880.13,0.6674,1203.27,0.6673,8717.22,0.669,1880.13,0.6691,617.88,0.6693,8717.22,0.6695,1880.13,0.6696,1194.92,0.6697,8065.5,0.6698,1880.13,0.6699,23.3,0.67,5.8,0.6703,3085.72,,,,,,,,,,,,,,,,,,,,,,,,,,,,,,,,,,,,,,,,,0.000024,
8,7,54,0.6724,0.6719,-0.0744,1774137184458,0.668,3255,0.6679,1880.13,0.6678,8717.22,0.6677,1203.27,0.6676,1880.13,0.6674,1203.27,0.6673,8717.22,0.6671,3075.05,0.667,8565.97,0.6668,3075.05,0.6687,1493.92,0.6689,8717.22,0.669,1880.13,0.6691,617.88,0.6693,8717.22,0.6695,1880.13,0.6696,1194.92,0.6697,8065.5,0.6698,1880.13,0.6699,23.3,,,,,,,,,,,,,,,,,,,,,,,,,,,,,,,,,,,,,,,,,0.000024,
8,7,54,0.6726,0.6722,-0.0595,1774137184759,0.6668,749.83,0.6659,709.29,0.6656,539.76,0.6655,1.45,0.6653,52,0.6651,500,0.6649,2.32,0.6638,1.66,0.6635,115.33,0.6631,2,0.6681,2179.13,0.6684,1880.13,0.6686,747.92,0.6687,1194.92,0.669,1880.13,0.6693,8717.22,0.6695,1880.13,0.6696,1194.92,0.6697,8065.5,0.6698,1880.13,,,,,,,,,,,,,,,,,,,,,,,,,,,,,,,,,,,,,,,,,0.000024,
8,7,54,0.6729,0.6725,-0.0594,1774137185060,0.6675,749.01,0.6661,3356.1,0.666,1194.92,0.6659,315.53,0.6655,1196.37,0.6653,2279.02,0.6651,500,0.6649,521.54,0.6648,1194.92,0.6646,2642.44,0.6678,1880.13,0.6681,1880.13,0.6684,1880.13,0.6687,1194.92,0.669,1880.13,0.6693,73.81,0.6694,1194.92,0.6695,1880.13,0.6698,1880.13,0.6699,23.3,,,,,,,,,,,,,,,,,,,,,,,,,,,,,,,,,,,,,,,,,0.000024,
8,7,54,0.6732,0.6729,-0.0446,1774137185360,0.6684,1194.92,0.6681,1880.13,0.6679,341.68,0.6678,1880.13,0.6676,1194.92,0.6675,1880.13,0.6673,1194.92,0.6671,1880.13,0.6669,1194.92,0.6666,1944.93,0.6699,23.3,0.67,5.8,0.6703,2.32,0.6707,19.79,0.671,1.31,0.6711,2.69,0.6712,3392.58,0.6714,1,0.6715,210.87,0.6716,393.3,,,,,,,,,,,,,,,,,,,,,,,,,,,,,,,,,,,,,,,,,0.000024,
8,7,54,0.674,0.672,-0.2967,1774137185661,0.6683,1194.92,0.6681,1880.13,0.6679,1194.92,0.6678,1880.13,0.6676,1194.92,0.6675,5236.23,0.6673,1194.92,0.6671,1880.13,0.6669,1194.92,0.6667,372.9,0.6692,1880.13,0.6696,746.73,0.6697,1880.13,0.6699,23.3,0.67,5.8,0.6701,1880.13,0.6703,513.56,0.6704,3075.05,0.6707,2412.27,0.671,385.57,,,,,,,,,,,,,,,,,,,,,,,,,,,,,,,,,,,,,,,,,0.000024,
8,7,54,0.6726,0.6719,-0.1041,1774137185962,0.6687,8717.22,0.6686,1194.92,0.6685,3356.1,0.6684,1880.13,0.6683,1194.92,0.6682,8717.22,0.6681,1880.13,0.6679,1194.92,0.6678,1880.13,0.6677,8717.22,0.6696,1045.72,0.6698,1880.13,0.6699,23.3,0.67,5.8,0.6701,1880.13,0.6702,8717.22,0.6703,2.32,0.6704,3075.05,0.6705,46.22,0.6706,8717.22,,,,,,,,,,,,,,,,,,,,,,,,,,,,,,,,,,,,,,,,,0.000024,
8,7,54,0.6729,0.6719,-0.1486,1774137186263,0.6687,8717.22,0.6686,1194.92,0.6685,3356.1,0.6684,1880.13,0.6683,1194.92,0.6682,8717.22,0.6681,1880.13,0.6679,1194.92,0.6678,1880.13,0.6677,8717.22,0.6696,1045.72,0.6698,1880.13,0.6699,23.3,0.67,5.8,0.6701,1880.13,0.6702,8717.22,0.6703,2.32,0.6704,3075.05,0.6705,46.22,0.6706,8717.22,,,,,,,,,,,,,,,,,,,,,,,,,,,,,,,,,,,,,,,,,0.000024,
8,7,54,0.6726,0.6716,-0.1487,1774137186563,0.6688,1880.13,0.6687,8717.22,0.6686,1194.92,0.6685,3356.1,0.6684,1880.13,0.6683,1194.92,0.6682,8717.22,0.6681,1880.13,0.6679,1194.92,0.6678,1880.13,0.6695,1880.13,0.6696,1194.92,0.6698,2626.73,0.6699,23.3,0.67,5.8,0.6701,9950.07,0.6703,2.32,0.6704,3075.05,0.6705,46.22,0.6706,8717.22,,,,,,,,,,,,,,,,,,,,,,,,,,,,,,,,,,,,,,,,,0.000024,
8,7,54,0.6725,0.671,-0.223,1774137186864,0.6683,8069.94,0.6682,3075.67,0.6681,3356.9,0.668,8069.94,0.6679,1194.92,0.6678,1880.13,0.6677,8717.22,0.6676,1194.92,0.6673,1194.92,0.6672,8717.22,0.6689,1195.54,0.6691,1880.13,0.6693,8069.94,0.6695,1880.13,0.6696,1194.92,0.6697,8069.94,0.6698,2626.73,0.6699,23.3,0.67,5.8,0.6701,9950.07,,,,,,,,,,,,,,,,,,,,,,,,,,,,,,,,,,,,,,,,,0.000024,
8,7,54,0.6718,0.6714,-0.0595,1774137187165,0.6681,5237.03,0.668,8069.94,0.6679,1194.92,0.6678,1880.13,0.6677,8717.22,0.6676,1194.92,0.6673,1194.92,0.6672,8717.22,0.6671,1880.13,0.6669,1194.92,0.6688,1880.13,0.6689,1494.54,0.6691,1880.13,0.6693,8069.94,0.6695,1880.13,0.6696,1194.92,0.6697,8069.94,0.6698,2626.73,0.6699,23.3,0.67,5.8,,,,,,,,,,,,,,,,,,,,,,,,,,,,,,,,,,,,,,,,,0.000024,
8,7,54,0.6719,0.6712,-0.1042,1774137187466,0.6681,3356.9,0.6679,1194.92,0.6678,1880.13,0.6677,8717.22,0.6676,1194.92,0.6673,1194.92,0.6672,8717.22,0.6671,1880.13,0.6669,1194.92,0.6668,1880.13,0.6688,2179.13,0.6689,1195.54,0.6691,1880.13,0.6693,8069.94,0.6695,1880.13,0.6696,1194.92,0.6697,8069.94,0.6698,2626.73,0.6699,23.3,0.67,5.8,,,,,,,,,,,,,,,,,,,,,,,,,,,,,,,,,,,,,,,,,0.000024,
8,7,54,0.6724,0.6711,-0.1933,1774137187766,0.6681,3356.9,0.6679,1194.92,0.6678,1880.13,0.6677,8717.22,0.6676,1194.92,0.6673,1194.92,0.6672,8717.22,0.6671,1880.13,0.6669,1194.92,0.6668,1880.13,0.6688,1880.13,0.6689,1195.54,0.6691,1880.13,0.6693,8069.94,0.6695,1880.13,0.6696,1194.92,0.6697,8069.94,0.6698,2626.73,0.6699,23.3,0.67,5.8,,,,,,,,,,,,,,,,,,,,,,,,,,,,,,,,,,,,,,,,,0.000024,
8,7,54,0.6723,0.6711,-0.1785,1774137188067,0.6681,3356.9,0.6679,1194.92,0.6678,1880.13,0.6677,8717.22,0.6676,1194.92,0.6673,1194.92,0.6672,8717.22,0.6671,1880.13,0.6669,1194.92,0.6668,1880.13,0.6688,1880.13,0.6689,1195.54,0.6691,1880.13,0.6693,8069.94,0.6695,1880.13,0.6696,1194.92,0.6697,8069.94,0.6698,2626.73,0.6699,23.3,0.67,5.8,,,,,,,,,,,,,,,,,,,,,,,,,,,,,,,,,,,,,,,,,0.000024,
8,7,54,0.6726,0.6714,-0.1784,1774137188367,0.6681,2826.73,0.6678,2380.13,0.6677,8717.22,0.6676,1194.92,0.6673,1194.92,0.6672,8717.22,0.6671,1880.13,0.6669,1194.92,0.6668,1880.13,0.6667,9090.12,0.6688,2179.13,0.6692,1880.13,0.6693,8069.94,0.6694,342.56,0.6695,1880.13,0.6696,1194.92,0.6697,8069.94,0.6698,1880.13,0.6699,23.3,0.67,5.8,,,,,,,,,,,,,,,,,,,,,,,,,,,,,,,,,,,,,,,,,0.000024,
8,7,54,0.6727,0.6715,-0.1784,1774137188668,0.6682,8069.94,0.6681,2826.73,0.6679,1195.54,0.6678,2380.13,0.6677,8717.22,0.6676,1194.92,0.6673,1194.92,0.6672,8717.22,0.6671,1880.13,0.6669,1194.92,0.6688,2179.13,0.6692,1880.13,0.6693,8069.94,0.6695,1880.13,0.6696,1194.92,0.6697,8069.94,0.6698,1880.13,0.6699,23.3,0.67,5.8,0.6701,9950.07,,,,,,,,,,,,,,,,,,,,,,,,,,,,,,,,,,,,,,,,,0.000024,
8,7,54,0.6727,0.6716,-0.1635,1774137188969,0.6686,1880.13,0.6685,8069.94,0.6683,3575.67,0.6682,8069.94,0.6681,2826.73,0.6679,1195.54,0.6678,2380.13,0.6677,8717.22,0.6676,1194.92,0.6673,1194.92,0.6691,598,0.6695,1880.13,0.6696,1194.92,0.6697,8069.94,0.6698,1880.13,0.6699,23.3,0.67,5.8,0.6701,9950.07,0.6703,1197.86,0.6704,1918.5,,,,,,,,,,,,,,,,,,,,,,,,,,,,,,,,,,,,,,,,,0.000024,
8,7,54,0.6727,0.6716,-0.1635,1774137189269,0.6686,3576.3,0.6685,8069.94,0.6684,145.94,0.6683,3575.67,0.6682,8069.94,0.6681,2826.73,0.6679,1195.54,0.6678,2380.13,0.6677,8717.22,0.6676,1194.92,0.6694,1344.95,0.6695,1880.13,0.6696,1194.92,0.6697,8069.94,0.6698,1880.13,0.6699,23.3,0.67,5.8,0.6701,9950.07,0.6703,1197.86,0.6704,1918.5,,,,,,,,,,,,,,,,,,,,,,,,,,,,,,,,,,,,,,,,,0.000024,
8,7,54,0.6729,0.6715,-0.2081,1774137189570,0.6684,3299.72,0.6682,1345.76,0.6681,4706.86,0.668,10822.9,0.6679,1195.54,0.6678,2380.13,0.6677,8717.22,0.6676,1194.92,0.6673,1194.92,0.6672,8717.22,0.6691,7476.08,0.6692,1880.13,0.6694,8223.03,0.6695,1880.13,0.6696,1194.92,0.6697,8069.94,0.6698,1880.13,0.6699,23.3,0.67,5.8,0.6701,9950.07,,,,,,,,,,,,,,,,,,,,,,,,,,,,,,,,,,,,,,,,,0.000024,
8,7,54,0.6729,0.6715,-0.2081,1774137189871,0.6684,3299.72,0.6682,1196.17,0.6681,4706.86,0.668,10791.48,0.6679,1195.54,0.6678,2380.13,0.6677,8717.22,0.6676,1194.92,0.6673,1194.92,0.6672,8717.22,0.6689,1880.13,0.6691,7476.08,0.6692,1880.13,0.6694,8223.03,0.6695,1880.13,0.6696,1194.92,0.6697,8069.94,0.6698,1880.13,0.6699,23.3,0.67,5.8,,,,,,,,,,,,,,,,,,,,,,,,,,,,,,,,,,,,,,,,,0.000024,
8,7,54,0.6729,0.6715,-0.2081,1774137190171,0.6684,3299.72,0.6681,4706.86,0.668,10791.48,0.6679,1195.54,0.6678,2380.13,0.6677,8717.22,0.6676,1194.92,0.6673,1194.92,0.6672,8717.22,0.6671,1880.13,0.6689,500,0.6691,7476.08,0.6692,1880.13,0.6694,8223.03,0.6695,1880.13,0.6696,1194.92,0.6697,8069.94,0.6698,1880.13,0.6699,23.3,0.67,5.8,,,,,,,,,,,,,,,,,,,,,,,,,,,,,,,,,,,,,,,,,0.000024,
8,7,54,0.6729,0.6717,-0.1783,1774137190472,0.6678,1880.13,0.6676,4552.52,0.6675,11335.68,0.6673,1194.92,0.6672,8717.22,0.6671,1880.13,0.667,3315.2,0.6669,1194.92,0.6668,1880.13,0.6667,9090.12,0.6687,7775.08,0.6688,3076.3,0.6689,299,0.6691,7476.08,0.6692,1880.13,0.6694,8223.03,0.6695,1880.13,0.6696,1194.92,0.6697,8069.94,0.6698,1880.13,,,,,,,,,,,,,,,,,,,,,,,,,,,,,,,,,,,,,,,,,0.000024,
8,7,54,0.6729,0.6718,-0.1635,1774137190773,0.6678,1880.13,0.6676,3357.6,0.6675,3859.6,0.6673,1194.92,0.6671,1880.13,0.667,10791.28,0.6669,1194.92,0.6668,1880.13,0.6667,9090.12,0.6665,1880.13,0.6683,1047.16,0.6684,7476.08,0.6687,7476.08,0.6688,3076.3,0.6689,299,0.6691,7476.08,0.6692,1880.13,0.6694,7476.08,0.6695,1880.13,0.6696,1194.92,,,,,,,,,,,,,,,,,,,,,,,,,,,,,,,,,,,,,,,,,0.000024,
8,7,54,0.6729,0.6718,-0.1635,1774137191074,0.6677,1880.13,0.6676,3357.6,0.6675,3859.6,0.6674,7476.08,0.6673,1194.92,0.6671,1880.13,0.667,10791.28,0.6669,1194.92,0.6668,1880.13,0.6667,9090.12,0.6683,2927.29,0.6687,7476.08,0.6688,3076.3,0.6689,299,0.6691,7476.08,0.6692,1880.13,0.6694,7476.08,0.6695,1880.13,0.6696,1194.92,0.6697,8069.94,,,,,,,,,,,,,,,,,,,,,,,,,,,,,,,,,,,,,,,,,0.000024,
8,7,54,0.6736,0.6721,-0.2227,1774137191374,0.6675,3859.6,0.6672,3357.9,0.6671,1880.13,0.667,10791.28,0.6669,1194.92,0.6668,1880.13,0.6667,8717.22,0.6665,1880.13,0.6663,1196.17,0.6662,10597.35,0.668,2243.68,0.6682,7476.08,0.6683,1880.13,0.6687,7476.08,0.6688,3076.3,0.6689,299,0.6691,7476.08,0.6692,1880.13,0.6693,1198.05,0.6694,7476.08,,,,,,,,,,,,,,,,,,,,,,,,,,,,,,,,,,,,,,,,,0.000024,
8,7,54,0.6736,0.6722,-0.2078,1774137191674,0.6675,3325.68,0.6672,3357.9,0.6671,1880.13,0.667,10791.28,0.6669,1194.92,0.6668,1880.13,0.6667,8717.22,0.6665,1880.13,0.6663,1196.17,0.6662,10597.35,0.6678,1880.13,0.6679,7476.08,0.668,2243.68,0.6682,7476.08,0.6683,1880.13,0.6687,7476.08,0.6688,3076.3,0.6689,299,0.6691,7476.08,0.6692,1880.13,,,,,,,,,,,,,,,,,,,,,,,,,,,,,,,,,,,,,,,,,0.000024,
8,7,54,0.6734,0.6721,-0.1931,1774137191975,0.6672,7243.6,0.6671,1880.13,0.667,3315.2,0.6669,1194.92,0.6668,1880.13,0.6667,8717.22,0.6665,1889.7,0.6663,1196.17,0.6662,10597.35,0.6659,373.1,0.6678,1880.13,0.6679,7476.08,0.668,1944.68,0.6682,7476.08,0.6683,1880.13,0.6687,7476.08,0.6688,3076.3,0.6689,299,0.6691,7476.08,0.6692,5238.33,,,,,,,,,,,,,,,,,,,,,,,,,,,,,,,,,,,,,,,,,0.000024,
8,7,54,0.6734,0.6721,-0.1931,1774137192276,0.6672,7243.6,0.6671,1880.13,0.667,3315.2,0.6669,1194.92,0.6668,1880.13,0.6667,8865.29,0.6665,1880.13,0.6663,1196.17,0.6662,10597.35,0.6659,373.1,0.6678,2179.13,0.6679,7476.08,0.668,1944.68,0.6682,7476.08,0.6683,1880.13,0.6687,7476.08,0.6688,3076.3,0.6689,299,0.6691,7476.08,0.6692,5238.33,,,,,,,,,,,,,,,,,,,,,,,,,,,,,,,,,,,,,,,,,0.000024,
8,7,54,0.6734,0.6721,-0.1931,1774137192577,0.6669,9710.21,0.6668,3450.7,0.6666,5056.25,0.6665,9356.21,0.6663,4510.17,0.6662,10597.35,0.6658,1196.17,0.6657,9950.07,0.6655,1.45,0.6653,3082.06,0.6674,1198.05,0.6675,7476.08,0.6678,1880.13,0.6679,7476.08,0.668,1944.68,0.6682,7476.08,0.6683,1880.13,0.6687,7476.08,0.6688,8458.9,0.6689,299,,,,,,,,,,,,,,,,,,,,,,,,,,,,,,,,,,,,,,,,,0.000024,
8,7,54,0.6734,0.6723,-0.1634,1774137192877,0.6669,9710.21,0.6668,3450.7,0.6666,5056.25,0.6665,9356.21,0.6663,4510.17,0.6662,10597.35,0.6658,1196.17,0.6657,9950.07,0.6655,1.45,0.6653,3082.06,0.6674,1198.05,0.6675,7476.08,0.6678,1880.13,0.6679,7476.08,0.668,1944.68,0.6682,7476.08,0.6683,1880.13,0.6687,7476.08,0.6688,8458.9,0.6689,299,,,,,,,,,,,,,,,,,,,,,,,,,,,,,,,,,,,,,,,,,0.000024,
8,7,54,0.6736,0.6724,-0.1781,1774137193178,0.6674,2779.18,0.667,1198.05,0.6669,2234.13,0.6668,10926.78,0.6666,5388.81,0.6665,9356.21,0.6663,4510.17,0.6662,10597.35,0.6658,1196.17,0.6657,9950.07,0.6678,2179.13,0.668,1944.68,0.6682,7476.08,0.6683,1880.13,0.6687,7476.08,0.6688,3076.3,0.6689,299,0.6691,7476.08,0.6692,10624.83,0.6695,1880.13,,,,,,,,,,,,,,,,,,,,,,,,,,,,,,,,,,,,,,,,,0.000024,
8,7,54,0.6735,0.6724,-0.1633,1774137193478,0.6671,7177.08,0.667,1698.05,0.6669,2234.13,0.6668,10926.78,0.6666,5056.25,0.6665,9356.21,0.6663,4510.17,0.6662,10597.35,0.6658,1196.17,0.6657,9950.07,0.6678,2179.13,0.668,1944.68,0.6682,7476.08,0.6683,1880.13,0.6687,7476.08,0.6688,3076.3,0.6689,299,0.6691,7476.08,0.6692,10624.83,0.6695,1880.13,,,,,,,,,,,,,,,,,,,,,,,,,,,,,,,,,,,,,,,,,0.000024,
8,7,54,0.6736,0.6724,-0.1781,1774137193780,0.667,1698.05,0.6669,2234.13,0.6668,10926.78,0.6666,5056.25,0.6665,9356.21,0.6663,4510.17,0.6662,10597.35,0.6658,1196.17,0.6657,9950.07,0.6655,1.45,0.6678,2179.13,0.668,1944.68,0.6682,7476.08,0.6683,1880.13,0.6687,7476.08,0.6688,3076.3,0.6689,299,0.6691,7476.08,0.6692,10624.83,0.6695,1880.13,,,,,,,,,,,,,,,,,,,,,,,,,,,,,,,,,,,,,,,,,0.000024,
8,7,54,0.6736,0.6724,-0.1781,1774137194081,0.6668,3450.7,0.6666,4556.25,0.6665,9356.21,0.6663,4510.17,0.6662,10597.35,0.6658,1196.17,0.6657,9950.07,0.6655,1.45,0.6653,3082.06,0.6652,8069.94,0.6674,1880.13,0.6677,7815.21,0.6678,1880.13,0.668,1196.17,0.6682,7476.08,0.6683,1880.13,0.6687,7476.08,0.6688,3076.3,0.6689,299,0.6691,7476.08,,,,,,,,,,,,,,,,,,,,,,,,,,,,,,,,,,,,,,,,,0.000024,
8,7,54,0.6734,0.6722,-0.1782,1774137194381,0.6668,3450.7,0.6666,4706.2,0.6665,9356.21,0.6664,16.41,0.6663,4510.17,0.6662,10597.35,0.6658,1196.17,0.6657,9950.07,0.6655,1.45,0.6653,3082.06,0.6673,1199.22,0.6674,2179.13,0.6677,7476.08,0.6678,1880.13,0.668,1196.17,0.6682,7476.08,0.6683,1880.13,0.6687,7476.08,0.6688,3076.3,0.6689,299,,,,,,,,,,,,,,,,,,,,,,,,,,,,,,,,,,,,,,,,,0.000024,
8,7,54,0.6735,0.6723,-0.1782,1774137194682,0.6669,7476.08,0.6668,3450.7,0.6666,4706.2,0.6665,9356.21,0.6664,16.41,0.6663,4510.17,0.6662,10597.35,0.6658,1196.17,0.6657,9950.07,0.6655,1.45,0.6673,1199.22,0.6674,2179.13,0.6677,7476.08,0.6678,1880.13,0.668,1196.17,0.6682,7476.08,0.6683,1880.13,0.6687,7476.08,0.6688,3076.3,0.6689,299,,,,,,,,,,,,,,,,,,,,,,,,,,,,,,,,,,,,,,,,,0.000024,
8,7,54,0.6732,0.6722,-0.1485,1774137194983,0.667,500,0.6669,3579.35,0.6668,10943.18,0.6666,4556.25,0.6665,9356.21,0.6663,4510.17,0.6662,10597.35,0.6658,1196.17,0.6657,9950.07,0.6655,1.45,0.6675,2629.19,0.6677,7476.08,0.6678,1880.13,0.668,1196.17,0.6682,7476.08,0.6683,1880.13,0.6687,7476.08,0.6688,3076.3,0.6689,299,0.6691,7476.08,,,,,,,,,,,,,,,,,,,,,,,,,,,,,,,,,,,,,,,,,0.000024,
8,7,54,0.6731,0.6722,-0.1337,1774137195284,0.667,500,0.6669,3579.35,0.6668,10943.18,0.6666,4556.25,0.6665,9356.21,0.6663,4510.17,0.6662,10597.35,0.6658,1196.17,0.6657,9950.07,0.6655,1.45,0.6675,2629.19,0.6677,7476.08,0.6678,1880.13,0.668,1196.17,0.6682,7476.08,0.6683,1880.13,0.6687,7476.08,0.6688,3076.3,0.6689,299,0.6691,7476.08,,,,,,,,,,,,,,,,,,,,,,,,,,,,,,,,,,,,,,,,,0.000024,
8,7,54,0.6732,0.6721,-0.1634,1774137195585,0.6671,7476.08,0.667,500,0.6669,3579.35,0.6668,10926.78,0.6666,4556.25,0.6665,9356.21,0.6663,4510.17,0.6662,10597.35,0.6658,1196.17,0.6657,9950.07,0.6677,299,0.6678,1880.13,0.668,1196.17,0.6682,7476.08,0.6683,1880.13,0.6687,7476.08,0.6688,3076.3,0.6689,299,0.6691,7476.08,0.6692,10624.83,,,,,,,,,,,,,,,,,,,,,,,,,,,,,,,,,,,,,,,,,0.000024,
8,7,54,0.6735,0.6723,-0.1782,1774137195886,0.6672,1880.13,0.6671,7976.08,0.667,1699.22,0.6669,2380.13,0.6668,10929.34,0.6666,4556.25,0.6665,9356.21,0.6663,4510.17,0.6662,10597.35,0.6658,1196.17,0.6678,1880.13,0.668,1196.17,0.6682,7476.08,0.6683,1880.13,0.6687,7476.08,0.6688,3076.3,0.6689,299,0.6691,7476.08,0.6692,5238.33,0.6695,8508.75,,,,,,,,,,,,,,,,,,,,,,,,,,,,,,,,,,,,,,,,,0.000024,
8,7,54,0.6734,0.6723,-0.1634,1774137196187,0.6673,1199.22,0.6672,1880.13,0.6671,7976.08,0.667,1699.22,0.6669,2380.13,0.6668,10929.34,0.6666,4556.25,0.6665,9356.21,0.6663,4510.17,0.6662,10597.35,0.6678,2179.13,0.6682,7476.08,0.6683,1880.13,0.6687,7476.08,0.6688,3076.3,0.6689,299,0.6691,7476.08,0.6692,5238.33,0.6695,8508.75,0.6696,7476.08,,,,,,,,,,,,,,,,,,,,,,,,,,,,,,,,,,,,,,,,,0.000024,
8,7,54,0.6735,0.6723,-0.1782,1774137196487,0.6674,3359.8,0.6673,1199.22,0.6672,1880.13,0.6671,7476.08,0.667,1699.22,0.6669,2380.13,0.6668,10929.34,0.6667,149.92,0.6666,1198.05,0.6665,9356.21,0.6679,2628.74,0.6681,1198.41,0.6682,7476.08,0.6683,1880.13,0.6687,7476.08,0.6688,3076.3,0.6689,299,0.6691,7476.08,0.6692,1880.13,0.6695,8508.75,,,,,,,,,,,,,,,,,,,,,,,,,,,,,,,,,,,,,,,,,0.000024,
8,7,54,0.6734,0.6723,-0.1634,1774137196788,0.6674,516.24,0.667,1199.22,0.6669,1880.13,0.6668,10929.34,0.6666,1198.05,0.6665,9356.21,0.6663,4510.17,0.6662,10597.35,0.6658,1196.17,0.6657,9950.07,0.6678,7476.08,0.6679,3260.78,0.6681,1198.41,0.6682,7476.08,0.6683,1880.13,0.6687,7476.08,0.6688,3076.3,0.6689,299,0.6691,7476.08,0.6692,1880.13,,,,,,,,,,,,,,,,,,,,,,,,,,,,,,,,,,,,,,,,,0.000024,
8,7,54,0.6738,0.6724,-0.2078,1774137197089,0.6669,1880.13,0.6668,10929.34,0.6666,4558.45,0.6665,9356.21,0.6663,4510.17,0.6662,10597.35,0.6658,1196.17,0.6657,9950.07,0.6655,1.45,0.6653,3082.06,0.6676,1198.41,0.6678,7476.08,0.6679,2628.74,0.6681,1198.41,0.6682,7476.08,0.6683,1880.13,0.6687,7476.08,0.6688,3076.3,0.6689,299,0.6691,7476.08,,,,,,,,,,,,,,,,,,,,,,,,,,,,,,,,,,,,,,,,,0.000024,
8,7,54,0.6739,0.6728,-0.1632,1774137197390,0.6669,1880.13,0.6668,10929.34,0.6666,4558.45,0.6665,9356.21,0.6663,4510.17,0.6662,10597.35,0.6658,1196.17,0.6657,9950.07,0.6655,1.45,0.6653,3082.06,0.6676,1198.41,0.6678,7476.08,0.6679,2628.74,0.6681,1198.41,0.6682,7476.08,0.6683,1880.13,0.6687,7476.08,0.6688,3076.3,0.6689,299,0.6691,7476.08,,,,,,,,,,,,,,,,,,,,,,,,,,,,,,,,,,,,,,,,,0.000024,
8,7,54,0.6738,0.6726,-0.1781,1774137197691,0.6668,3453.26,0.6666,3360.4,0.6665,1880.13,0.6663,4510.17,0.6662,10747.39,0.6658,1196.17,0.6657,9950.07,0.6655,1.45,0.6653,3082.06,0.6652,8069.94,0.6675,9356.21,0.6676,1198.41,0.6678,7850.85,0.6679,2628.74,0.6681,1198.41,0.6682,7476.08,0.6683,1880.13,0.6687,10836.48,0.6688,3076.3,0.6689,299,,,,,,,,,,,,,,,,,,,,,,,,,,,,,,,,,,,,,,,,,0.000024,
8,7,54,0.6735,0.6724,-0.1633,1774137197992,0.6668,3453.26,0.6666,3360.4,0.6665,1880.13,0.6663,4510.17,0.6662,10597.35,0.6661,29.69,0.6658,1196.17,0.6657,9950.07,0.6655,1.45,0.6653,3082.06,0.6675,9656.21,0.6676,1198.41,0.6678,7850.85,0.6679,2628.74,0.6681,1198.41,0.6682,7476.08,0.6683,1880.13,0.6686,5456.3,0.6687,10836.48,0.6688,3076.3,,,,,,,,,,,,,,,,,,,,,,,,,,,,,,,,,,,,,,,,,0.000024,
8,7,54,0.6735,0.6724,-0.1633,1774137198292,0.6668,2.56,0.6665,1880.13,0.6663,3314,0.6662,10597.35,0.6658,1225.87,0.6657,9950.07,0.6655,1.45,0.6653,3082.06,0.6652,8069.94,0.6651,373.1,0.667,1498.41,0.6672,7476.08,0.6674,359.7,0.6675,9356.21,0.6676,1198.41,0.6678,7476.08,0.6679,2628.74,0.6681,1198.41,0.6682,7476.08,0.6683,1880.13,,,,,,,,,,,,,,,,,,,,,,,,,,,,,,,,,,,,,,,,,0.000024,
8,7,54,0.6735,0.6724,-0.1633,1774137198593,0.6662,9241.63,0.666,7476.08,0.6658,4509.67,0.6657,9979.78,0.6655,1.45,0.6653,3082.06,0.6652,8069.94,0.6651,373.1,0.665,1880.13,0.6649,2.32,0.6669,7476.08,0.667,1198.41,0.6671,1880.13,0.6672,7476.08,0.6674,359.7,0.6675,9356.21,0.6676,1198.41,0.6678,7476.08,0.6679,2628.74,0.6681,1198.41,,,,,,,,,,,,,,,,,,,,,,,,,,,,,,,,,,,,,,,,,0.000024,
8,7,54,0.6732,0.6722,-0.1485,1774137198894,0.6662,5582.23,0.6658,7870.67,0.6657,9979.78,0.6655,1.45,0.6653,3082.06,0.6652,8069.94,0.6651,373.1,0.665,1880.13,0.6649,2.32,0.6648,1198.41,0.6667,749.97,0.6669,7776.08,0.667,1198.41,0.6671,1880.13,0.6672,7476.08,0.6674,359.7,0.6675,9356.21,0.6676,1198.41,0.6678,7476.08,0.6679,1880.13,,,,,,,,,,,,,,,,,,,,,,,,,,,,,,,,,,,,,,,,,0.000024,
8,7,54,0.6738,0.6722,-0.2375,1774137199195,0.6662,5582.23,0.6658,7870.67,0.6657,9979.78,0.6655,1.45,0.6653,3082.06,0.6652,8069.94,0.6651,373.1,0.665,1880.13,0.6649,2.32,0.6648,1198.41,0.6667,262,0.6668,1880.13,0.6669,7476.08,0.667,1198.41,0.6671,1880.13,0.6672,7476.08,0.6674,359.7,0.6675,9356.21,0.6676,1198.41,0.6678,7476.08,,,,,,,,,,,,,,,,,,,,,,,,,,,,,,,,,,,,,,,,,0.000024,
8,7,54,0.6735,0.6723,-0.1782,1774137199495,0.6662,4001.1,0.6658,7870.67,0.6657,9979.78,0.6655,1.45,0.6653,3082.06,0.6652,8069.94,0.6651,373.1,0.665,1880.13,0.6649,2.32,0.6648,1198.41,0.6667,262,0.6668,1880.13,0.6669,7476.08,0.667,1198.41,0.6671,1880.13,0.6672,7476.08,0.6674,359.7,0.6675,9356.21,0.6676,1198.41,0.6678,7476.08,,,,,,,,,,,,,,,,,,,,,,,,,,,,,,,,,,,,,,,,,0.000024,
8,7,54,0.6733,0.6723,-0.1485,1774137199796,0.6662,1430.15,0.6658,6674.5,0.6657,1880.13,0.6655,1.45,0.6653,3082.06,0.6652,8069.94,0.6651,373.1,0.665,1880.13,0.6649,2.32,0.6648,1198.41,0.6665,1200.39,0.6666,7476.08,0.6667,749.97,0.6668,1880.13,0.6669,7476.08,0.667,1198.41,0.6671,1880.13,0.6672,7476.08,0.6674,359.7,0.6675,9356.21,,,,,,,,,,,,,,,,,,,,,,,,,,,,,,,,,,,,,,,,,0.000024,
8,7,54,0.6733,0.6723,-0.1485,1774137200097,0.6662,1430.15,0.6658,6674.5,0.6657,1880.13,0.6655,1.45,0.6653,3082.06,0.6652,8069.94,0.6651,373.1,0.665,1880.13,0.6649,2.32,0.6648,1198.41,0.6665,1200.39,0.6666,7476.08,0.6667,749.97,0.6668,1880.13,0.6669,7476.08,0.667,1198.41,0.6671,1880.13,0.6672,7476.08,0.6674,359.7,0.6675,9356.21,,,,,,,,,,,,,,,,,,,,,,,,,,,,,,,,,,,,,,,,,0.000024,
8,7,54,0.6738,0.6723,-0.2226,1774137200397,0.6655,1.45,0.6653,1885.89,0.6652,12090.04,0.6651,225.12,0.665,1880.13,0.6649,2.32,0.6648,4559.41,0.6647,10788.78,0.6646,1880.13,0.6643,1880.13,0.666,1200.39,0.6661,1880.13,0.6662,7476.08,0.6664,1880.13,0.6665,1535.85,0.6666,7476.08,0.6667,749.97,0.6668,1880.13,0.6669,7476.08,0.667,1198.41,,,,,,,,,,,,,,,,,,,,,,,,,,,,,,,,,,,,,,,,,0.000024,
8,7,54,0.6735,0.6721,-0.2079,1774137200697,0.6656,2235.51,0.6655,1.45,0.6653,1885.89,0.6651,1425.51,0.665,2105.25,0.6649,7478.4,0.6648,4559.41,0.6647,10788.78,0.6646,1880.13,0.6643,1880.13,0.6665,3380.52,0.6666,7476.08,0.6667,749.97,0.6668,1880.13,0.6669,7476.08,0.667,1198.41,0.6671,5241.13,0.6672,7476.08,0.6675,1880.13,0.6676,5477.9,,,,,,,,,,,,,,,,,,,,,,,,,,,,,,,,,,,,,,,,,0.000024,
8,7,54,0.6732,0.6721,-0.1634,1774137200999,0.6657,855.38,0.6656,2380.13,0.6655,1.45,0.6653,9587.09,0.6651,8676.47,0.665,1880.13,0.6649,7478.4,0.6648,4559.41,0.6647,7476.08,0.6646,1880.13,0.6665,3080.52,0.6666,7476.08,0.6667,749.97,0.6668,1880.13,0.6669,7476.08,0.667,1198.41,0.6671,5241.13,0.6672,7476.08,0.6675,1880.13,0.6676,5477.9,,,,,,,,,,,,,,,,,,,,,,,,,,,,,,,,,,,,,,,,,0.000024,
8,7,54,0.6732,0.6721,-0.1634,1774137201299,0.6657,855.38,0.6656,2380.13,0.6655,1.45,0.6653,9587.09,0.6651,8676.47,0.665,1880.13,0.6649,7478.4,0.6648,4559.41,0.6647,7476.08,0.6646,1880.13,0.6665,3080.52,0.6666,7476.08,0.6667,749.97,0.6668,1880.13,0.6669,7476.08,0.667,1198.41,0.6671,5241.13,0.6672,7476.08,0.6675,1880.13,0.6676,5477.9,,,,,,,,,,,,,,,,,,,,,,,,,,,,,,,,,,,,,,,,,0.000024,
8,7,54,0.6732,0.6721,-0.1634,1774137201600,0.6662,355.38,0.666,1200.39,0.6659,2380.13,0.6658,725.39,0.6657,9513.5,0.6656,5741.53,0.6655,7477.53,0.6654,1200.39,0.6653,9587.09,0.6651,8676.47,0.6668,2929.98,0.6669,7476.08,0.667,1198.41,0.6671,1880.13,0.6672,7476.08,0.6675,1880.13,0.6677,7476.08,0.6678,1200.39,0.6679,1880.13,0.6682,7476.08,,,,,,,,,,,,,,,,,,,,,,,,,,,,,,,,,,,,,,,,,0.000024,
8,7,54,0.6732,0.6721,-0.1634,1774137201900,0.666,7476.08,0.6659,2380.13,0.6658,500,0.6657,9176.47,0.6656,5966.92,0.6655,7477.53,0.6654,1200.39,0.6653,9361.97,0.6651,8676.47,0.665,1880.13,0.6665,300,0.6668,2629.98,0.6669,7476.08,0.667,1198.41,0.6671,1880.13,0.6672,7476.08,0.6675,1880.13,0.6677,7476.08,0.6678,1200.39,0.6679,1880.13,,,,,,,,,,,,,,,,,,,,,,,,,,,,,,,,,,,,,,,,,0.000024,
8,7,54,0.6735,0.6722,-0.193,1774137202201,0.666,7976.08,0.6659,2380.13,0.6658,500,0.6657,9401.86,0.6656,5741.53,0.6655,7871.95,0.6654,1200.39,0.6653,9361.97,0.6651,8676.47,0.665,1880.13,0.6668,2406.13,0.6669,7476.08,0.667,1198.41,0.6671,1880.13,0.6672,7476.08,0.6675,1880.13,0.6677,7476.08,0.6678,1200.39,0.6679,1880.13,0.668,3361.4,,,,,,,,,,,,,,,,,,,,,,,,,,,,,,,,,,,,,,,,,0.000024,
8,7,54,0.6735,0.6723,-0.1782,1774137202502,0.6662,355.38,0.666,2600.85,0.6659,2380.13,0.6658,2600.85,0.6657,1846.72,0.6656,5966.92,0.6655,421.26,0.6654,3301.24,0.6653,1885.89,0.6652,2100.85,0.6668,2267.89,0.6669,2100.85,0.667,1198.41,0.6671,3980.98,0.6675,3980.98,0.6678,1200.39,0.6679,3980.98,0.668,3361.4,0.6681,2100.85,0.6683,1880.13,,,,,,,,,,,,,,,,,,,,,,,,,,,,,,,,,,,,,,,,,0.000024,
8,7,54,0.6732,0.6722,-0.1485,1774137202803,0.666,355.38,0.6659,1880.13,0.6658,500,0.6657,1700.39,0.6656,5966.92,0.6655,395.87,0.6654,3451.43,0.6653,1885.89,0.6652,2126.25,0.6651,1200.39,0.6668,2567.89,0.6669,2100.85,0.667,1565.25,0.6671,3980.98,0.6675,3980.98,0.6677,2100.85,0.6678,1200.39,0.6679,3980.98,0.668,3361.4,0.6681,2100.85,,,,,,,,,,,,,,,,,,,,,,,,,,,,,,,,,,,,,,,,,0.000024,
8,7,54,0.6727,0.6715,-0.1784,1774137203103,0.6655,395.87,0.6653,5.76,0.6652,225.39,0.6651,1200.48,0.665,1880.13,0.6649,2.32,0.6648,3299.26,0.6646,3980.98,0.6643,1880.13,0.6642,3299.26,0.666,1880.13,0.6665,1880.13,0.6667,2461.23,0.6668,1967.89,0.6669,2100.85,0.667,1198.41,0.6671,3980.98,0.6672,3362.1,0.6675,3980.98,0.6677,2100.85,,,,,,,,,,,,,,,,,,,,,,,,,,,,,,,,,,,,,,,,,0.000024,
8,7,54,0.6725,0.6715,-0.1487,1774137203404,0.6657,355.38,0.6655,395.87,0.6653,1885.89,0.6652,2326.24,0.6651,1200.48,0.665,3980.98,0.6649,2.32,0.6648,3299.26,0.6646,7343.78,0.6644,2100.85,0.6664,1500.48,0.6665,1880.13,0.6667,2100.85,0.6668,1967.89,0.6669,2100.85,0.667,1198.41,0.6671,3980.98,0.6672,3362.1,0.6675,3980.98,0.6677,2100.85,,,,,,,,,,,,,,,,,,,,,,,,,,,,,,,,,,,,,,,,,0.000024,
8,7,54,0.6722,0.671,-0.1785,1774137203705,0.666,355.38,0.6659,500,0.6658,500,0.6657,3801.33,0.6656,2605.42,0.6655,3758.67,0.6654,3301.33,0.6653,1885.89,0.6652,2100.85,0.6651,1200.48,0.6667,2400.85,0.6668,1967.89,0.6669,2100.85,0.667,1198.41,0.6671,3980.98,0.6675,3980.98,0.6676,3362.8,0.6677,2100.85,0.6678,1200.39,0.6679,3980.98,,,,,,,,,,,,,,,,,,,,,,,,,,,,,,,,,,,,,,,,,0.000024,
8,7,54,0.672,0.671,-0.1488,1774137204005,0.6662,355.38,0.6659,2380.13,0.6658,500,0.6657,3801.33,0.6656,2380.13,0.6655,3758.67,0.6654,3301.33,0.6653,1885.89,0.6652,2100.85,0.6651,1200.48,0.6668,2567.89,0.6669,2100.85,0.667,1198.41,0.6671,3980.98,0.6675,3980.98,0.6676,3362.8,0.6677,2100.85,0.6678,1200.39,0.6679,3980.98,0.6681,2100.85,,,,,,,,,,,,,,,,,,,,,,,,,,,,,,,,,,,,,,,,,0.000024,
8,7,54,0.6721,0.6711,-0.1488,1774137204306,0.6665,2235.51,0.6663,3301.33,0.6662,1880.13,0.666,3526.62,0.6659,2380.13,0.6658,500,0.6657,3801.33,0.6656,2380.13,0.6655,3758.67,0.6654,3301.33,0.6673,598,0.6675,1880.13,0.6676,748.98,0.6677,2100.85,0.6678,1200.39,0.6679,3980.98,0.6681,2100.85,0.6683,1880.13,0.6685,2100.85,0.6687,3301.33,,,,,,,,,,,,,,,,,,,,,,,,,,,,,,,,,,,,,,,,,0.000024,
8,7,54,0.6726,0.6721,-0.0743,1774137204607,0.6671,355.38,0.667,355.38,0.6668,1880.13,0.6666,1200.48,0.6665,3980.98,0.6664,225.29,0.6663,6664.83,0.6662,1880.13,0.6661,225.29,0.666,3301.33,0.6673,299,0.6678,1200.39,0.6679,3980.98,0.6681,2100.85,0.6683,1880.13,0.6685,2100.85,0.6687,3301.33,0.6688,1880.13,0.6689,2100.85,0.6691,2100.85,,,,,,,,,,,,,,,,,,,,,,,,,,,,,,,,,,,,,,,,,0.000024,
8,7,54,0.6725,0.672,-0.0743,1774137204908,0.6671,355.38,0.667,355.38,0.6668,1880.13,0.6666,1200.48,0.6665,3980.98,0.6664,225.29,0.6663,6664.83,0.6662,1880.13,0.6661,225.29,0.666,3301.33,0.6673,299,0.6678,1200.39,0.6679,3980.98,0.6681,2100.85,0.6683,1880.13,0.6685,2100.85,0.6687,3301.33,0.6688,1880.13,0.6689,2100.85,0.6691,2100.85,,,,,,,,,,,,,,,,,,,,,,,,,,,,,,,,,,,,,,,,,0.000024,
8,7,54,0.6724,0.6717,-0.1041,1774137205208,0.6671,1880.13,0.6669,1700.48,0.6668,3980.98,0.6667,225.29,0.6666,1200.48,0.6665,3980.98,0.6664,225.29,0.6663,6664.83,0.6662,1880.13,0.666,3301.33,0.6678,748.75,0.6679,3980.98,0.668,1200.48,0.6681,2100.85,0.6683,1880.13,0.6685,2100.85,0.6687,3301.33,0.6688,1880.13,0.6689,2100.85,0.6691,5464.35,,,,,,,,,,,,,,,,,,,,,,,,,,,,,,,,,,,,,,,,,0.000024,
8,7,54,0.6724,0.6717,-0.1041,1774137205509,0.6675,355.38,0.6674,2097.54,0.6673,2696.84,0.6671,1880.13,0.667,225.29,0.6669,6011.67,0.6668,3980.98,0.6666,1200.48,0.6665,3980.98,0.6664,3311.9,0.6682,1248.3,0.6683,1880.13,0.6685,2100.85,0.6687,3301.33,0.6688,1880.13,0.6689,2100.85,0.6691,5464.35,0.6692,7415.63,0.6693,3311.9,0.6695,3980.98,,,,,,,,,,,,,,,,,,,,,,,,,,,,,,,,,,,,,,,,,0.000024,
8,7,54,0.6725,0.6717,-0.119,1774137205809,0.6674,2097.54,0.6673,2696.84,0.6671,5618.76,0.6669,5817.61,0.6668,3980.98,0.6666,1200.48,0.6665,3980.98,0.6664,3311.9,0.6663,3301.33,0.6662,1880.13,0.6682,748.3,0.6683,1880.13,0.6685,2100.85,0.6687,3301.33,0.6688,1880.13,0.6689,2100.85,0.6691,2100.85,0.6692,1880.13,0.6695,12882.38,0.6697,1198.59,,,,,,,,,,,,,,,,,,,,,,,,,,,,,,,,,,,,,,,,,0.000024,
8,7,54,0.6724,0.6717,-0.1041,1774137206110,0.6676,355.38,0.6674,2097.54,0.6673,2696.84,0.6672,1198.59,0.6671,5618.76,0.6669,5786.38,0.6668,3980.98,0.6666,1200.48,0.6665,3980.98,0.6664,3311.9,0.6682,3445.14,0.6683,1880.13,0.6685,2100.85,0.6687,3301.33,0.6688,1880.13,0.6689,2100.85,0.6691,2100.85,0.6692,1880.13,0.6695,7344.48,0.6697,1198.59,,,,,,,,,,,,,,,,,,,,,,,,,,,,,,,,,,,,,,,,,0.000024,
8,7,54,0.6722,0.6716,-0.0893,1774137206411,0.6677,2097.54,0.6674,2097.54,0.6673,2696.84,0.6672,1348.41,0.6671,5468.92,0.6669,5786.38,0.6668,3980.98,0.6666,1200.48,0.6665,3980.98,0.6664,3311.9,0.6682,1047.3,0.6683,1880.13,0.6685,2100.85,0.6687,3301.33,0.6688,1880.13,0.6689,2100.85,0.6691,2100.85,0.6692,1880.13,0.6695,7344.48,0.6697,1198.59,,,,,,,,,,,,,,,,,,,,,,,,,,,,,,,,,,,,,,,,,0.000024,
8,7,54,0.672,0.6716,-0.0595,1774137206711,0.6678,355.38,0.6677,2097.54,0.6674,2097.54,0.6673,2922.13,0.6672,1198.59,0.6671,5243.63,0.6669,5786.38,0.6668,3980.98,0.6666,1200.48,0.6665,3980.98,0.6682,2696.84,0.6685,2100.85,0.6687,3301.33,0.6688,1880.13,0.6689,2100.85,0.6691,2100.85,0.6692,1880.13,0.6695,7344.48,0.6697,1198.59,0.6698,7420.43,,,,,,,,,,,,,,,,,,,,,,,,,,,,,,,,,,,,,,,,,0.000024,
8,7,54,0.6724,0.6717,-0.1041,1774137207012,0.6677,2097.54,0.6675,5303.49,0.6674,2097.54,0.6673,2696.84,0.6672,1198.59,0.6671,5243.63,0.6669,1700.48,0.6668,3980.98,0.6666,1200.48,0.6665,3980.98,0.6682,142,0.6685,747.98,0.6687,3372.33,0.6689,4198.39,0.6691,2100.85,0.6692,1880.13,0.6695,7344.48,0.6697,1198.59,0.6698,7420.43,0.6699,3335,,,,,,,,,,,,,,,,,,,,,,,,,,,,,,,,,,,,,,,,,0.000024,
8,7,54,0.6722,0.6715,-0.1041,1774137207313,0.6679,355.38,0.6678,355.38,0.6677,2097.54,0.6676,2696.84,0.6675,5303.49,0.6674,2097.54,0.6673,2921.6,0.6672,1698.59,0.6671,5243.63,0.6669,1700.48,0.6682,142,0.6685,747.98,0.6686,2097.54,0.6687,3372.33,0.6689,4198.39,0.6691,2100.85,0.6692,1880.13,0.6694,500,0.6695,3980.98,0.6697,1198.59,,,,,,,,,,,,,,,,,,,,,,,,,,,,,,,,,,,,,,,,,0.000024,
8,7,54,0.6722,0.6715,-0.1041,1774137207613,0.6674,2097.54,0.6672,5811.79,0.6671,7940.47,0.667,224.76,0.6669,1925.24,0.6668,3980.98,0.6666,1200.48,0.6665,3980.98,0.6664,3311.9,0.6663,3301.33,0.6681,500,0.6684,2696.84,0.6685,747.98,0.6686,2097.54,0.6687,3301.33,0.6689,4198.39,0.6691,2100.85,0.6692,1880.13,0.6694,500,0.6695,3980.98,,,,,,,,,,,,,,,,,,,,,,,,,,,,,,,,,,,,,,,,,0.000024,
8,7,54,0.6722,0.6715,-0.1041,1774137207914,0.6674,2097.54,0.6672,5311.79,0.6671,7940.47,0.667,224.76,0.6669,1350.37,0.6668,3980.98,0.6667,31.23,0.6666,1200.48,0.6665,3980.98,0.6664,3311.9,0.668,4842.37,0.6683,2097.54,0.6684,2696.84,0.6686,2097.54,0.6687,3301.33,0.6689,4198.39,0.669,8927.7,0.6691,2100.85,0.6692,1880.13,0.6694,500,,,,,,,,,,,,,,,,,,,,,,,,,,,,,,,,,,,,,,,,,0.000024,
8,7,54,0.6722,0.6715,-0.1041,1774137208215,0.6674,2097.54,0.6672,5311.79,0.6671,7940.47,0.667,224.76,0.6669,1350.37,0.6668,3980.98,0.6666,1200.48,0.6665,3980.98,0.6664,3311.9,0.6663,3301.33,0.668,4093.84,0.6683,2097.54,0.6684,2696.84,0.6686,2097.54,0.6687,3301.33,0.6689,4198.39,0.669,8927.7,0.6691,2100.85,0.6692,1880.13,0.6694,500,,,,,,,,,,,,,,,,,,,,,,,,,,,,,,,,,,,,,,,,,0.000024,
8,7,54,0.6724,0.6717,-0.1041,1774137208515,0.6676,355.38,0.6674,2097.54,0.6672,5536.62,0.6671,8165.23,0.667,149.86,0.6669,1200.48,0.6668,4012.21,0.6666,1200.48,0.6665,3980.98,0.6664,3311.9,0.668,4093.84,0.6683,2097.54,0.6684,2696.84,0.6686,2097.54,0.6687,3301.33,0.6689,4198.39,0.669,8927.7,0.6691,2100.85,0.6692,1880.13,0.6694,500,,,,,,,,,,,,,,,,,,,,,,,,,,,,,,,,,,,,,,,,,0.000024,
8,7,54,0.6726,0.6718,-0.1189,1774137208816,0.6677,2097.54,0.6674,2097.54,0.6673,224.83,0.6672,5811.79,0.6671,7940.47,0.667,149.86,0.6669,1200.48,0.6668,4012.21,0.6666,1200.48,0.6665,3980.98,0.668,3593.84,0.6683,2097.54,0.6684,2696.84,0.6686,2097.54,0.6687,3301.33,0.6689,4198.39,0.669,8927.7,0.6691,2100.85,0.6692,1880.13,0.6694,500,,,,,,,,,,,,,,,,,,,,,,,,,,,,,,,,,,,,,,,,,0.000024,
8,7,54,0.6725,0.6718,-0.1041,1774137209116,0.6677,2097.54,0.6675,1198.05,0.6674,4794.38,0.6673,224.83,0.6672,5811.79,0.6671,7940.47,0.6669,1200.48,0.6668,3980.98,0.6666,1200.48,0.6665,3980.98,0.6681,2696.84,0.6683,3742.73,0.6684,2696.84,0.6686,2097.54,0.6687,3301.33,0.6688,500,0.6689,4198.39,0.669,3364.7,0.6691,2100.85,0.6692,1880.13,,,,,,,,,,,,,,,,,,,,,,,,,,,,,,,,,,,,,,,,,0.000024,
8,7,54,0.6725,0.6718,-0.1041,1774137209417,0.6677,2097.54,0.6675,1198.05,0.6674,4794.38,0.6673,224.83,0.6672,5811.79,0.6671,7940.47,0.6669,1200.48,0.6668,3980.98,0.6666,1200.48,0.6665,3980.98,0.6681,299,0.6683,748.19,0.6684,2696.84,0.6686,2097.54,0.6687,3301.33,0.6688,500,0.6689,4198.39,0.669,3364.7,0.6691,2100.85,0.6692,1880.13,,,,,,,,,,,,,,,,,,,,,,,,,,,,,,,,,,,,,,,,,0.000024,
8,7,54,0.6725,0.6718,-0.1041,1774137209718,0.6677,2097.54,0.6675,1198.05,0.6674,4794.38,0.6673,224.83,0.6672,5811.79,0.6671,7940.47,0.6669,1200.48,0.6668,3980.98,0.6666,1200.48,0.6665,3980.98,0.6681,299,0.6683,748.19,0.6684,2696.84,0.6686,2097.54,0.6687,3301.33,0.6688,500,0.6689,4198.39,0.669,3364.7,0.6691,2100.85,0.6692,1880.13,,,,,,,,,,,,,,,,,,,,,,,,,,,,,,,,,,,,,,,,,0.000024,
8,7,54,0.6732,0.6728,-0.0594,1774137210019,0.6677,2097.54,0.6675,1198.05,0.6674,4794.38,0.6673,224.83,0.6672,5811.79,0.6671,7940.47,0.6669,1200.48,0.6668,3980.98,0.6666,1200.48,0.6665,3980.98,0.6681,299,0.6683,748.19,0.6684,2696.84,0.6686,2097.54,0.6687,3301.33,0.6688,500,0.6689,4198.39,0.669,3364.7,0.6691,2100.85,0.6692,1880.13,,,,,,,,,,,,,,,,,,,,,,,,,,,,,,,,,,,,,,,,,0.000024,
8,7,54,0.673,0.6728,-0.0297,1774137210319,0.6677,2097.54,0.6675,1198.05,0.6674,4794.38,0.6673,224.83,0.6672,5811.79,0.6671,7940.47,0.6669,1200.48,0.6668,3980.98,0.6666,1200.48,0.6665,3980.98,0.6681,299,0.6683,748.19,0.6684,2696.84,0.6686,2097.54,0.6687,3301.33,0.6688,500,0.6689,4198.39,0.669,3364.7,0.6691,2100.85,0.6692,1880.13,,,,,,,,,,,,,,,,,,,,,,,,,,,,,,,,,,,,,,,,,0.000024,
8,7,54,0.6735,0.6728,-0.1039,1774137210619,0.6677,2097.54,0.6675,1198.05,0.6674,4794.38,0.6673,224.83,0.6672,5811.79,0.6671,7940.47,0.6669,1200.48,0.6668,3980.98,0.6666,1200.48,0.6665,3980.98,0.6681,299,0.6683,748.19,0.6684,2696.84,0.6686,2097.54,0.6687,3301.33,0.6688,500,0.6689,4198.39,0.669,3364.7,0.6691,2100.85,0.6692,1880.13,,,,,,,,,,,,,,,,,,,,,,,,,,,,,,,,,,,,,,,,,0.000024,
8,7,54,0.6732,0.6728,-0.0594,1774137210920,0.6677,2097.54,0.6675,1198.05,0.6674,4794.38,0.6673,224.83,0.6672,5811.79,0.6671,7940.47,0.6669,1200.48,0.6668,3980.98,0.6666,1200.48,0.6665,3980.98,0.6681,299,0.6683,748.19,0.6684,2696.84,0.6686,2097.54,0.6687,3301.33,0.6688,500,0.6689,4198.39,0.669,3364.7,0.6691,2100.85,0.6692,1880.13,,,,,,,,,,,,,,,,,,,,,,,,,,,,,,,,,,,,,,,,,0.000024,
8,7,54,0.6732,0.6728,-0.0594,1774137211220,0.6677,2097.54,0.6675,1198.05,0.6674,4794.38,0.6673,224.83,0.6672,5811.79,0.6671,7940.47,0.6669,1200.48,0.6668,3980.98,0.6666,1200.48,0.6665,3980.98,0.6681,299,0.6683,748.19,0.6684,2696.84,0.6686,2097.54,0.6687,3301.33,0.6688,500,0.6689,4198.39,0.669,3364.7,0.6691,2100.85,0.6692,1880.13,,,,,,,,,,,,,,,,,,,,,,,,,,,,,,,,,,,,,,,,,0.000024,
8,7,54,0.6737,0.6728,-0.1336,1774137211521,0.6677,2097.54,0.6675,1198.05,0.6674,4794.38,0.6673,224.83,0.6672,5811.79,0.6671,7940.47,0.6669,1200.48,0.6668,3980.98,0.6666,1200.48,0.6665,3980.98,0.6681,299,0.6683,748.19,0.6684,2696.84,0.6686,2097.54,0.6687,3301.33,0.6688,500,0.6689,4198.39,0.669,3364.7,0.6691,2100.85,0.6692,1880.13,,,,,,,,,,,,,,,,,,,,,,,,,,,,,,,,,,,,,,,,,0.000024,
8,7,54,0.6736,0.6731,-0.0742,1774137211821,0.6677,2097.54,0.6675,1198.05,0.6674,4794.38,0.6673,224.83,0.6672,5811.79,0.6671,7940.47,0.6669,1200.48,0.6668,3980.98,0.6666,1200.48,0.6665,3980.98,0.6681,299,0.6683,748.19,0.6684,2696.84,0.6686,2097.54,0.6687,3301.33,0.6688,500,0.6689,4198.39,0.669,3364.7,0.6691,2100.85,0.6692,1880.13,,,,,,,,,,,,,,,,,,,,,,,,,,,,,,,,,,,,,,,,,0.000024,
8,7,54,0.6734,0.6728,-0.0891,1774137212122,0.6677,2097.54,0.6675,1198.05,0.6674,4794.38,0.6673,224.83,0.6672,5811.79,0.6671,7940.47,0.6669,1200.48,0.6668,3980.98,0.6666,1200.48,0.6665,3980.98,0.6681,299,0.6683,748.19,0.6684,2696.84,0.6686,2097.54,0.6687,3301.33,0.6688,500,0.6689,4198.39,0.669,3364.7,0.6691,2100.85,0.6692,1880.13,,,,,,,,,,,,,,,,,,,,,,,,,,,,,,,,,,,,,,,,,0.000024,
8,7,54,0.6733,0.6728,-0.0743,1774137212423,0.6677,2097.54,0.6675,1198.05,0.6674,4794.38,0.6673,224.83,0.6672,5811.79,0.6671,7940.47,0.6669,1200.48,0.6668,3980.98,0.6666,1200.48,0.6665,3980.98,0.6681,299,0.6683,748.19,0.6684,2696.84,0.6686,2097.54,0.6687,3301.33,0.6688,500,0.6689,4198.39,0.669,3364.7,0.6691,2100.85,0.6692,1880.13,,,,,,,,,,,,,,,,,,,,,,,,,,,,,,,,,,,,,,,,,0.000024,
8,7,54,0.6735,0.6729,-0.0891,1774137212723,0.6677,2097.54,0.6675,1198.05,0.6674,4794.38,0.6673,224.83,0.6672,5811.79,0.6671,7940.47,0.6669,1200.48,0.6668,3980.98,0.6666,1200.48,0.6665,3980.98,0.6681,299,0.6683,748.19,0.6684,2696.84,0.6686,2097.54,0.6687,3301.33,0.6688,500,0.6689,4198.39,0.669,3364.7,0.6691,2100.85,0.6692,1880.13,,,,,,,,,,,,,,,,,,,,,,,,,,,,,,,,,,,,,,,,,0.000024,
8,7,54,0.6734,0.6729,-0.0743,1774137213024,0.6677,2097.54,0.6675,1198.05,0.6674,4794.38,0.6673,224.83,0.6672,5811.79,0.6671,7940.47,0.6669,1200.48,0.6668,3980.98,0.6666,1200.48,0.6665,3980.98,0.6681,299,0.6683,748.19,0.6684,2696.84,0.6686,2097.54,0.6687,3301.33,0.6688,500,0.6689,4198.39,0.669,3364.7,0.6691,2100.85,0.6692,1880.13,,,,,,,,,,,,,,,,,,,,,,,,,,,,,,,,,,,,,,,,,0.000024,
8,7,54,0.6732,0.6727,-0.0743,1774137213325,0.6677,2097.54,0.6675,1198.05,0.6674,4794.38,0.6673,224.83,0.6672,5811.79,0.6671,7940.47,0.6669,1200.48,0.6668,3980.98,0.6666,1200.48,0.6665,3980.98,0.6681,299,0.6683,748.19,0.6684,2696.84,0.6686,2097.54,0.6687,3301.33,0.6688,500,0.6689,4198.39,0.669,3364.7,0.6691,2100.85,0.6692,1880.13,,,,,,,,,,,,,,,,,,,,,,,,,,,,,,,,,,,,,,,,,0.000024,
8,7,54,0.6732,0.6727,-0.0743,1774137213626,0.6677,2097.54,0.6675,1198.05,0.6674,4794.38,0.6673,224.83,0.6672,5811.79,0.6671,7940.47,0.6669,1200.48,0.6668,3980.98,0.6666,1200.48,0.6665,3980.98,0.6681,299,0.6683,748.19,0.6684,2696.84,0.6686,2097.54,0.6687,3301.33,0.6688,500,0.6689,4198.39,0.669,3364.7,0.6691,2100.85,0.6692,1880.13,,,,,,,,,,,,,,,,,,,,,,,,,,,,,,,,,,,,,,,,,0.000024,
8,7,54,0.6732,0.6727,-0.0743,1774137213927,0.6677,2097.54,0.6675,1198.05,0.6674,4794.38,0.6673,224.83,0.6672,5811.79,0.6671,7940.47,0.6669,1200.48,0.6668,3980.98,0.6666,1200.48,0.6665,3980.98,0.6681,299,0.6683,748.19,0.6684,2696.84,0.6686,2097.54,0.6687,3301.33,0.6688,500,0.6689,4198.39,0.669,3364.7,0.6691,2100.85,0.6692,1880.13,,,,,,,,,,,,,,,,,,,,,,,,,,,,,,,,,,,,,,,,,0.000024,
8,7,54,0.6732,0.6726,-0.0891,1774137214228,0.6677,2097.54,0.6675,1198.05,0.6674,4794.38,0.6673,224.83,0.6672,5811.79,0.6671,7940.47,0.6669,1200.48,0.6668,3980.98,0.6666,1200.48,0.6665,3980.98,0.6681,299,0.6683,748.19,0.6684,2696.84,0.6686,2097.54,0.6687,3301.33,0.6688,500,0.6689,4198.39,0.669,3364.7,0.6691,2100.85,0.6692,1880.13,,,,,,,,,,,,,,,,,,,,,,,,,,,,,,,,,,,,,,,,,0.000024,
8,7,54,0.6732,0.6726,-0.0891,1774137214529,0.6728,5984.14,0.6727,69.52,0.6726,381.91,0.6725,3045.49,0.6724,1689.76,0.6723,2597.54,0.6722,3196.84,0.6721,5504.79,0.672,5443.84,0.6718,1191,0.6732,355.38,0.6735,223.01,0.6738,2097.54,0.674,3207.07,0.6741,2597.54,0.6742,9551.6,0.6743,3196.84,0.6744,3296.31,0.6745,3305.42,0.6748,4794.38,,,,,,,,,,,,,,,,,,,,,,,,,,,,,,,,,,,,,,,,,0.000024,
8,7,54,0.6727,0.672,-0.1041,1774137214830,0.6728,5984.14,0.6727,69.52,0.6726,381.91,0.6725,3045.49,0.6724,1689.76,0.6723,2597.54,0.6722,3196.84,0.6721,5504.79,0.672,5443.84,0.6718,1191,0.6732,355.38,0.6735,223.01,0.6738,2097.54,0.674,3207.07,0.6741,2597.54,0.6742,9551.6,0.6743,3196.84,0.6744,3296.31,0.6745,3305.42,0.6748,4794.38,,,,,,,,,,,,,,,,,,,,,,,,,,,,,,,,,,,,,,,,,0.000024,
8,7,54,0.6728,0.6721,-0.104,1774137215130,0.6728,5984.14,0.6727,69.52,0.6726,381.91,0.6725,2696.84,0.6724,1689.76,0.6723,2597.54,0.6722,3196.84,0.6721,5504.79,0.672,5443.84,0.6718,1191,0.6732,355.38,0.6735,223.01,0.6737,1188.7,0.6738,2097.54,0.6739,500,0.674,3207.07,0.6741,2597.54,0.6742,9551.6,0.6743,3196.84,0.6744,3296.31,,,,,,,,,,,,,,,,,,,,,,,,,,,,,,,,,,,,,,,,,0.000024,
8,7,54,0.6729,0.6723,-0.0892,1774137215431,0.6727,1188.7,0.6726,2097.54,0.6725,2696.84,0.6724,1189.76,0.6723,2097.54,0.6722,2696.84,0.6721,1190.29,0.672,2097.54,0.6719,4313.1,0.6718,1191,0.673,355.38,0.6733,223.09,0.6734,3344.8,0.6735,223.01,0.6737,3885.54,0.6738,2097.54,0.6739,500,0.674,3207.07,0.6741,2597.54,0.6742,6205.6,,,,,,,,,,,,,,,,,,,,,,,,,,,,,,,,,,,,,,,,,0.000024,
8,7,54,0.6729,0.6723,-0.0892,1774137215731,0.6724,1188.7,0.6723,2097.54,0.6721,1190.29,0.672,4863.97,0.6718,1191,0.6717,4794.38,0.6715,1191,0.6714,2696.84,0.6713,6410.54,0.6712,1187.73,0.6729,355.38,0.673,355.38,0.6731,500,0.6732,5728.4,0.6733,8097.48,0.6734,3344.8,0.6735,223.09,0.6737,3885.54,0.6738,2097.54,0.6739,500,,,,,,,,,,,,,,,,,,,,,,,,,,,,,,,,,,,,,,,,,0.000024,
8,7,54,0.6727,0.6721,-0.0892,1774137216032,0.6726,2097.54,0.6725,2696.84,0.6724,1188.7,0.6723,2097.54,0.6722,332.9,0.6721,1190.29,0.672,4794.38,0.6718,1191,0.6717,4794.38,0.6715,1191,0.673,355.38,0.6731,500,0.6734,3567.89,0.6737,3885.54,0.6738,5400.74,0.6739,500,0.674,3207.07,0.6741,2597.54,0.6742,500,0.6743,3196.84,,,,,,,,,,,,,,,,,,,,,,,,,,,,,,,,,,,,,,,,,0.000024,
8,7,54,0.6727,0.672,-0.1041,1774137216332,0.6727,1188.97,0.6726,2097.54,0.6725,2696.84,0.6724,1188.7,0.6723,2167.11,0.6722,332.9,0.6721,1190.29,0.672,4794.38,0.6719,500,0.6718,5503.1,0.6729,355.38,0.6732,223.16,0.6734,8139.18,0.6735,5731.1,0.6737,4385.54,0.6738,5400.74,0.6739,500,0.674,3207.07,0.6741,2097.54,0.6742,500,,,,,,,,,,,,,,,,,,,,,,,,,,,,,,,,,,,,,,,,,0.000024,
8,7,54,0.6726,0.6721,-0.0743,1774137216632,0.6726,2097.54,0.6724,1188.7,0.6723,2097.54,0.6721,1190.29,0.672,4794.38,0.6719,500,0.6718,5503.1,0.6717,4794.38,0.6715,1191,0.6714,2696.84,0.6727,355.38,0.6728,500,0.673,223.16,0.6734,8139.18,0.6735,5731.1,0.6737,4385.54,0.6738,5400.74,0.6739,500,0.674,2707.07,0.6741,2097.54,,,,,,,,,,,,,,,,,,,,,,,,,,,,,,,,,,,,,,,,,0.000024,
8,7,54,0.6729,0.6723,-0.0892,1774137216933,0.6725,2696.84,0.6724,1188.7,0.6723,2097.54,0.6721,1190.29,0.672,4794.38,0.6719,500,0.6718,1691,0.6717,4794.38,0.6715,5502.2,0.6714,2696.84,0.6729,223.24,0.6734,8139.18,0.6735,5731.1,0.6736,500,0.6737,4385.54,0.6738,5400.74,0.6739,500,0.674,2707.07,0.6741,2097.54,0.6743,2696.84,,,,,,,,,,,,,,,,,,,,,,,,,,,,,,,,,,,,,,,,,0.000024,
8,7,54,0.6728,0.6722,-0.0892,1774137217233,0.6726,2097.54,0.6725,2696.84,0.6724,1188.7,0.6723,2438.77,0.6721,1190.29,0.672,4794.38,0.6719,500,0.6718,1691,0.6717,4794.38,0.6715,5502.2,0.6729,355.38,0.6732,223.24,0.6733,223.24,0.6734,8139.18,0.6735,5731.1,0.6736,500,0.6737,4385.54,0.6738,5400.74,0.6739,500,0.674,2707.07,,,,,,,,,,,,,,,,,,,,,,,,,,,,,,,,,,,,,,,,,0.000024,
8,7,54,0.6728,0.6722,-0.0892,1774137217533,0.6726,2097.54,0.6725,2696.84,0.6724,1188.7,0.6723,2508.34,0.6721,1690.29,0.672,4794.38,0.6719,500,0.6718,1691,0.6717,4794.38,0.6715,5502.2,0.6728,355.38,0.6731,223.24,0.6733,6242.9,0.6734,8139.18,0.6736,500,0.6737,4385.54,0.6738,5400.74,0.6739,500,0.674,2707.07,0.6741,2097.54,,,,,,,,,,,,,,,,,,,,,,,,,,,,,,,,,,,,,,,,,0.000024,
8,7,54,0.6728,0.6722,-0.0892,1774137217833,0.6726,2097.54,0.6725,2696.84,0.6724,1188.7,0.6723,2508.34,0.6721,1690.29,0.672,4794.38,0.6719,500,0.6718,1691,0.6717,4794.38,0.6715,5502.2,0.6728,355.38,0.6731,223.24,0.6733,500,0.6734,8139.18,0.6736,500,0.6737,4385.54,0.6738,5400.74,0.6739,500,0.674,2707.07,0.6741,2097.54,,,,,,,,,,,,,,,,,,,,,,,,,,,,,,,,,,,,,,,,,0.000024,
8,7,54,0.6728,0.6721,-0.104,1774137218134,0.6726,2097.54,0.6725,2696.84,0.6724,1188.7,0.6723,2097.54,0.6722,69.58,0.6721,1690.29,0.672,4794.38,0.6719,500,0.6718,1691,0.6717,4794.38,0.6728,355.38,0.673,500,0.6731,223.19,0.6732,223.19,0.6733,500,0.6734,13885.18,0.6736,500,0.6737,4385.54,0.6738,5400.74,0.6739,500,,,,,,,,,,,,,,,,,,,,,,,,,,,,,,,,,,,,,,,,,0.000024,
8,7,54,0.6726,0.6721,-0.0743,1774137218435,0.6724,1188.7,0.6723,2097.54,0.6721,1190.29,0.672,4794.38,0.6719,500,0.6718,1691,0.6717,4794.38,0.6715,5502.2,0.6714,2696.84,0.6713,2097.54,0.6727,355.38,0.673,723.19,0.6733,500,0.6734,13885.18,0.6736,500,0.6737,4385.54,0.6738,5400.74,0.6739,500,0.674,2707.07,0.6741,2097.54,,,,,,,,,,,,,,,,,,,,,,,,,,,,,,,,,,,,,,,,,0.000024,
8,7,54,0.6726,0.6718,-0.1189,1774137218736,0.6724,1188.7,0.6723,2097.54,0.6721,1259.88,0.672,4794.38,0.6719,500,0.6718,1691,0.6717,4794.38,0.6715,5502.2,0.6714,2696.84,0.6713,2097.54,0.6726,355.38,0.6729,223.21,0.673,500,0.6733,500,0.6734,13885.18,0.6736,500,0.6737,4385.54,0.6738,5400.74,0.6739,500,0.674,2707.07,,,,,,,,,,,,,,,,,,,,,,,,,,,,,,,,,,,,,,,,,0.000024,
8,7,54,0.6726,0.672,-0.0892,1774137219036,0.6724,1188.7,0.6723,2097.54,0.6721,1259.88,0.672,4794.38,0.6719,500,0.6718,1691,0.6717,4794.38,0.6716,500,0.6715,5502.2,0.6714,2696.84,0.6726,355.38,0.6729,223.21,0.673,500,0.6733,500,0.6734,13885.18,0.6736,500,0.6737,4385.54,0.6738,5400.74,0.6739,500,0.674,2707.07,,,,,,,,,,,,,,,,,,,,,,,,,,,,,,,,,,,,,,,,,0.000024,
8,7,54,0.6726,0.672,-0.0892,1774137219337,0.6724,1188.7,0.6723,2097.54,0.6721,1259.88,0.672,4794.38,0.6719,500,0.6718,1691,0.6717,4794.38,0.6716,500,0.6715,5502.2,0.6714,2696.84,0.6726,355.38,0.6729,223.21,0.6733,500,0.6734,13885.18,0.6736,500,0.6737,4385.54,0.6738,5400.74,0.6739,500,0.674,2707.07,0.6741,2097.54,,,,,,,,,,,,,,,,,,,,,,,,,,,,,,,,,,,,,,,,,0.000024,
8,7,54,0.6729,0.672,-0.1337,1774137219638,0.6724,1188.7,0.6723,2097.54,0.6721,1259.88,0.672,4794.38,0.6719,500,0.6718,1691,0.6717,4794.38,0.6716,500,0.6715,5502.2,0.6714,2696.84,0.6729,223.21,0.6733,500,0.6734,13885.18,0.6736,500,0.6737,4385.54,0.6738,5400.74,0.6739,500,0.674,2707.07,0.6741,2097.54,0.6743,2696.84,,,,,,,,,,,,,,,,,,,,,,,,,,,,,,,,,,,,,,,,,0.000024,
8,7,54,0.6729,0.6721,-0.1189,1774137219939,0.6724,1188.7,0.6723,2097.54,0.6721,1259.88,0.672,4794.38,0.6719,500,0.6718,1691,0.6717,4794.38,0.6716,500,0.6715,5502.2,0.6714,2696.84,0.6729,223.21,0.6732,223.26,0.6733,500,0.6734,13885.18,0.6736,500,0.6737,4385.54,0.6738,5400.74,0.6739,500,0.674,2707.07,0.6741,2097.54,,,,,,,,,,,,,,,,,,,,,,,,,,,,,,,,,,,,,,,,,0.000024,
8,7,54,0.6727,0.6721,-0.0892,1774137220240,0.6724,1188.7,0.6723,2097.54,0.6721,1259.88,0.672,4794.38,0.6719,500,0.6718,1691,0.6717,4794.38,0.6716,500,0.6715,5502.2,0.6714,2696.84,0.6727,355.38,0.673,223.26,0.6733,500,0.6734,13885.18,0.6736,500,0.6737,4385.54,0.6738,5400.74,0.6739,500,0.674,2707.07,0.6741,2097.54,,,,,,,,,,,,,,,,,,,,,,,,,,,,,,,,,,,,,,,,,0.000024,
8,7,54,0.6726,0.672,-0.0892,1774137220541,0.6724,1188.7,0.6723,2097.54,0.6721,1259.88,0.672,4794.38,0.6719,500,0.6718,1691,0.6717,4794.38,0.6716,500,0.6715,5502.2,0.6714,2696.84,0.6726,355.38,0.6729,223.26,0.6733,500,0.6734,13885.18,0.6736,500,0.6737,4385.54,0.6738,5400.74,0.6739,500,0.674,2707.07,0.6741,2097.54,,,,,,,,,,,,,,,,,,,,,,,,,,,,,,,,,,,,,,,,,0.000024,
8,7,54,0.6729,0.6722,-0.104,1774137220841,0.6725,2696.84,0.6724,1188.7,0.6723,2097.54,0.6722,411.67,0.6721,1190.29,0.672,4794.38,0.6719,500,0.6718,1691,0.6717,4794.38,0.6716,500,0.6728,355.38,0.6731,223.26,0.6732,223.26,0.6733,500,0.6734,13885.18,0.6736,500,0.6737,4385.54,0.6738,5400.74,0.6739,500,0.674,2707.07,,,,,,,,,,,,,,,,,,,,,,,,,,,,,,,,,,,,,,,,,0.000024,
8,7,54,0.6727,0.6721,-0.0892,1774137221142,0.6725,2696.84,0.6724,1188.7,0.6723,2097.54,0.6722,69.58,0.6721,1190.29,0.672,4794.38,0.6719,500,0.6718,1691,0.6717,4794.38,0.6716,500,0.6728,355.38,0.6731,223.26,0.6733,500,0.6734,13885.18,0.6736,500,0.6737,4385.54,0.6738,5400.74,0.6739,500,0.674,2707.07,0.6741,2097.54,,,,,,,,,,,,,,,,,,,,,,,,,,,,,,,,,,,,,,,,,0.000024,
8,7,54,0.673,0.6722,-0.1189,1774137221442,0.6726,2097.54,0.6725,2696.84,0.6724,1188.7,0.6723,2097.54,0.6722,69.58,0.6721,1690.29,0.672,4794.38,0.6719,500,0.6718,1691,0.6717,4794.38,0.673,223.26,0.6733,500,0.6734,13885.18,0.6736,500,0.6737,4385.54,0.6738,5400.74,0.6739,500,0.674,2707.07,0.6741,2097.54,0.6743,2696.84,,,,,,,,,,,,,,,,,,,,,,,,,,,,,,,,,,,,,,,,,0.000024,
8,7,54,0.6732,0.6726,-0.0891,1774137221743,0.6725,2696.84,0.6724,1188.7,0.6723,2097.54,0.6722,69.58,0.6721,1690.29,0.672,4794.38,0.6719,500,0.6718,1691,0.6717,4794.38,0.6716,500,0.6729,355.38,0.6732,223.18,0.6733,723.26,0.6734,13885.18,0.6736,500,0.6737,4385.54,0.6738,5400.74,0.6739,500,0.674,2707.07,0.6741,2097.54,,,,,,,,,,,,,,,,,,,,,,,,,,,,,,,,,,,,,,,,,0.000024,
8,7,54,0.6732,0.6726,-0.0891,1774137222044,0.6729,2097.54,0.6727,1189.41,0.6726,2097.54,0.6725,677.42,0.6724,1188.7,0.6723,2097.54,0.6721,1690.29,0.672,4794.38,0.6719,500,0.6718,1691,0.6731,355.38,0.6734,3567.98,0.6735,223.18,0.6737,9647.85,0.6738,5400.74,0.6739,500,0.674,2707.07,0.6741,2097.54,0.6743,2696.84,0.6744,3296.31,,,,,,,,,,,,,,,,,,,,,,,,,,,,,,,,,,,,,,,,,0.000024,
8,7,54,0.6732,0.6726,-0.0891,1774137222345,0.6729,2097.54,0.6727,1189.41,0.6726,2097.54,0.6725,677.42,0.6724,1188.7,0.6723,2097.54,0.6721,1690.29,0.672,9102.78,0.6719,500,0.6718,1691,0.6731,355.38,0.6734,3567.98,0.6737,9647.85,0.6738,5400.74,0.6739,500,0.674,2707.07,0.6741,2097.54,0.6743,2696.84,0.6744,3296.31,0.6745,2.82,,,,,,,,,,,,,,,,,,,,,,,,,,,,,,,,,,,,,,,,,0.000024,
