spot_source_id,fut_source_id,symbol_id,ask_spot,bid_futures,spread_pct,ts,s_b1,s_b2,s_b3,s_b4,s_b5,s_b6,s_b7,s_b8,s_b9,s_b10,s_bq1,s_bq2,s_bq3,s_bq4,s_bq5,s_bq6,s_bq7,s_bq8,s_bq9,s_bq10,s_a1,s_a2,s_a3,s_a4,s_a5,s_a6,s_a7,s_a8,s_a9,s_a10,s_aq1,s_aq2,s_aq3,s_aq4,s_aq5,s_aq6,s_aq7,s_aq8,s_aq9,s_aq10,f_b1,f_b2,f_b3,f_b4,f_b5,f_b6,f_b7,f_b8,f_b9,f_b10,f_bq1,f_bq2,f_bq3,f_bq4,f_bq5,f_bq6,f_bq7,f_bq8,f_bq9,f_bq10,f_a1,f_a2,f_a3,f_a4,f_a5,f_a6,f_a7,f_a8,f_a9,f_a10,f_aq1,f_aq2,f_aq3,f_aq4,f_aq5,f_aq6,f_aq7,f_aq8,f_aq9,f_aq10,fr_r,fr_ft
8,7,22,0.093248,0.09327,0.0236,1774137104000,0.092907,1185.6,0.092873,3179.23,0.09285,3179.23,0.092738,3179.23,0.092723,3560.42,0.092681,4.39,0.09256,10.96,0.092551,47.46,0.092501,539.04,0.0925,1131.02,0.093248,400.15,0.093249,1253.71,0.09325,400.15,0.093269,634.88,0.093327,1785.36,0.093328,3179.23,0.093333,114.44,0.093334,3179.23,0.093388,535.4,0.093391,3179.23,,,,,,,,,,,,,,,,,,,,,,,,,,,,,,,,,,,,,,,,,,
8,7,22,0.093244,0.09327,0.0279,1774137105000,0.092874,1185.6,0.092873,3179.23,0.09285,3179.23,0.092738,3179.23,0.092723,3179.23,0.092681,4.39,0.09256,10.96,0.092551,47.46,0.092503,539.04,0.092502,381.19,0.093247,1253.71,0.093248,400.15,0.093269,634.88,0.093328,3179.23,0.093333,114.44,0.093334,3179.23,0.093387,1785.36,0.093388,535.4,0.093391,3179.23,0.093407,3179.23,,,,,,,,,,,,,,,,,,,,,,,,,,,,,,,,,,,,,,,,,,
8,7,22,0.093241,0.09328,0.0418,1774137106000,0.092874,1185.6,0.092873,3179.23,0.09285,3179.23,0.092738,3179.23,0.092723,3179.23,0.092681,4.39,0.09256,10.96,0.092551,47.46,0.092503,539.04,0.092502,381.19,0.093244,400.15,0.093245,1253.71,0.093246,400.15,0.093327,1785.36,0.093328,3179.23,0.093333,114.44,0.093334,3179.23,0.093388,535.4,0.093391,3179.23,0.093407,3179.23,,,,,,,,,,,,,,,,,,,,,,,,,,,,,,,,,,,,,,,,,,
8,7,22,0.093239,0.09326,0.0225,1774137107000,0.092874,1185.6,0.092873,3179.23,0.09285,3179.23,0.092738,3179.23,0.092723,3179.23,0.092681,4.39,0.09256,10.96,0.092551,47.46,0.092503,539.04,0.092502,381.19,0.093243,1253.71,0.093244,400.15,0.093327,1785.36,0.093328,3179.23,0.093333,114.44,0.093334,3179.23,0.093388,535.4,0.093391,3179.23,0.093407,3179.23,0.093503,3179.23,,,,,,,,,,,,,,,,,,,,,,,,,,,,,,,,,,,,,,,,,0.00005,
8,7,22,0.09323,0.09315,-0.0858,1774137108000,0.092874,1185.6,0.092873,3179.23,0.09285,3179.23,0.092738,3179.23,0.092723,3179.23,0.092681,4.39,0.09256,10.96,0.092551,47.46,0.092504,381.19,0.092503,539.04,0.093242,400.15,0.093243,1253.71,0.093244,400.15,0.093327,1785.36,0.093328,3179.23,0.093333,114.44,0.093334,3179.23,0.093388,535.4,0.093391,3179.23,0.093407,3179.23,,,,,,,,,,,,,,,,,,,,,,,,,,,,,,,,,,,,,,,,,,
8,7,22,0.093221,0.09327,0.0526,1774137109000,0.092874,1185.6,0.092873,3179.23,0.09285,3179.23,0.092738,3179.23,0.092723,3179.23,0.092681,4.39,0.09256,10.96,0.092551,47.46,0.092504,381.19,0.092503,539.04,0.093241,1253.71,0.093242,400.15,0.093327,1785.36,0.093328,3179.23,0.093329,535.74,0.093333,114.44,0.093334,3179.23,0.093391,3179.23,0.093407,3179.23,0.093503,3179.23,,,,,,,,,,,,,,,,,,,,,,,,,,,,,,,,,,,,,,,,,0.00005,
8,7,22,0.093212,0.09329,0.0837,1774137112000,0.09274,1163.8,0.092739,1142.6,0.092738,3179.23,0.092723,3179.23,0.092681,4.39,0.092626,3179.23,0.092575,539.04,0.092574,3179.23,0.092551,47.46,0.092506,381.19,0.093237,1253.71,0.093238,400.15,0.093239,536.26,0.093326,114.44,0.093328,3179.23,0.093334,3179.23,0.093391,3179.23,0.093407,3179.23,0.093503,3179.23,0.093557,3179.23,,,,,,,,,,,,,,,,,,,,,,,,,,,,,,,,,,,,,,,,,,
8,7,22,0.093194,0.09329,0.103,1774137117000,0.092743,1164.1,0.092738,3179.23,0.092723,3179.23,0.092681,4.39,0.092628,539.04,0.092626,3179.23,0.092574,3179.23,0.092551,47.46,0.0925,1131.02,0.092456,10.96,0.093213,1253.71,0.093214,421.66,0.093326,535.76,0.093327,114.44,0.093328,3179.23,0.093334,3179.23,0.09339,1785.36,0.093391,3179.23,0.093407,3179.23,0.093503,3179.23,,,,,,,,,,,,,,,,,,,,,,,,,,,,,,,,,,,,,,,,,,
8,7,22,0.093191,0.09329,0.1062,1774137118000,0.092743,1164.1,0.092738,3179.23,0.092723,3179.23,0.092681,4.39,0.09263,539.04,0.092626,3179.23,0.092574,3179.23,0.092551,47.46,0.0925,1131.02,0.092456,10.96,0.093211,1253.71,0.093212,421.66,0.093326,535.76,0.093327,114.44,0.093328,3179.23,0.093334,3179.23,0.09339,1785.36,0.093391,3179.23,0.093407,3179.23,0.093503,3179.23,,,,,,,,,,,,,,,,,,,,,,,,,,,,,,,,,,,,,,,,,,
8,7,22,0.093189,0.09329,0.1084,1774137119000,0.092743,1164.1,0.092738,3179.23,0.092723,3179.23,0.092681,4.39,0.092627,539.04,0.092626,3179.23,0.092575,381.19,0.092574,3179.23,0.09256,10.96,0.092551,47.46,0.093206,536.45,0.093207,1253.71,0.09321,421.66,0.093327,114.44,0.093328,3179.23,0.093334,3179.23,0.09339,1785.36,0.093391,3179.23,0.093407,3179.23,0.093503,3179.23,,,,,,,,,,,,,,,,,,,,,,,,,,,,,,,,,,,,,,,,,,
8,7,22,0.093186,0.09327,0.0901,1774137121000,0.092746,1163.8,0.092745,1164.1,0.092738,3179.23,0.092723,3179.23,0.092681,4.39,0.092626,4099.46,0.092574,3179.23,0.09256,10.96,0.092551,47.46,0.0925,1131.02,0.093195,421.66,0.093196,1253.71,0.093197,421.66,0.093199,536.49,0.093327,114.44,0.093328,3179.23,0.093334,3179.23,0.09339,1785.36,0.093391,3179.23,0.093407,3179.23,,,,,,,,,,,,,,,,,,,,,,,,,,,,,,,,,,,,,,,,,0.00005,
8,7,22,0.093184,0.09325,0.0708,1774137122000,,,,,,,,,,,,,,,,,,,,,,,,,,,,,,,,,,,,,,,,,,,,,,,,,,,,,,,,,,,,,,,,,,,,,,,,,,,,,,,,,,
8,7,22,0.093182,0.09291,-0.2919,1774137123000,0.092748,1663.8,0.092747,1164.1,0.092738,3179.23,0.092723,3179.23,0.092681,4.39,0.092626,3560.42,0.092575,539.04,0.092574,3179.23,0.09256,10.96,0.092551,47.46,0.093194,1253.71,0.093195,421.66,0.093199,536.49,0.093327,114.44,0.093328,3179.23,0.093334,3179.23,0.09339,1785.36,0.093391,3179.23,0.093407,3179.23,0.093503,3179.23,,,,,,,,,,,,,,,,,,,,,,,,,,,,,,,,,,,,,,,,,0.00005,
8,7,22,0.092776,0.0928,0.0259,1774137124000,0.092752,1164.1,0.092751,500,0.09275,500,0.092749,1664.1,0.092738,3179.23,0.092723,3179.23,0.092681,4.39,0.092627,500,0.092626,3179.23,0.092575,920.23,0.093192,1253.71,0.093193,421.66,0.093199,536.49,0.0933,8008.05,0.093327,114.44,0.093328,3179.23,0.093334,3179.23,0.09339,1785.36,0.093391,3179.23,0.093407,3179.23,,,,,,,,,,,,,,,,,,,,,,,,,,,,,,,,,,,,,,,,,0.00005,
8,7,22,0.09277,0.0928,0.0323,1774137125000,0.092753,1163.8,0.092752,1164.1,0.092751,500,0.09275,500,0.092738,3179.23,0.092723,3179.23,0.092681,4.39,0.092627,500,0.092626,3179.23,0.092576,539.04,0.093189,421.66,0.09319,1253.71,0.093191,421.66,0.093199,536.49,0.0933,8008.05,0.093328,3179.23,0.093334,3179.23,0.09339,1785.36,0.093391,3179.23,0.093407,3179.23,,,,,,,,,,,,,,,,,,,,,,,,,,,,,,,,,,,,,,,,,0.00005,
8,7,22,0.092765,0.0928,0.0377,1774137126000,0.092755,1663.8,0.092754,1164.1,0.092738,3179.23,0.092723,3179.23,0.092682,500,0.092681,4.39,0.092627,500,0.092626,3179.23,0.092577,381.19,0.092575,539.04,0.093188,1253.71,0.093189,421.66,0.093199,536.49,0.093299,114.44,0.0933,8008.05,0.093328,3179.23,0.093334,3179.23,0.09339,1785.36,0.093391,3179.23,0.093407,3179.23,,,,,,,,,,,,,,,,,,,,,,,,,,,,,,,,,,,,,,,,,0.00005,
8,7,22,0.092759,0.0928,0.0442,1774137127000,0.092755,1663.8,0.092754,1164.1,0.092739,500,0.092738,3179.23,0.092723,3179.23,0.092682,500,0.092681,4.39,0.092627,500,0.092626,3179.23,0.092575,539.04,0.093187,421.66,0.093188,1253.71,0.093189,421.66,0.093199,536.49,0.093299,114.44,0.0933,8008.05,0.093328,3179.23,0.093334,3179.23,0.09339,1785.36,0.093391,3179.23,,,,,,,,,,,,,,,,,,,,,,,,,,,,,,,,,,,,,,,,,,
8,7,22,0.092754,0.0928,0.0496,1774137128000,,,,,,,,,,,,,,,,,,,,,,,,,,,,,,,,,,,,,,,,,,,,,,,,,,,,,,,,,,,,,,,,,,,,,,,,,,,,,,,,,0.00005,
8,7,22,0.092741,0.0928,0.0636,1774137130000,,,,,,,,,,,,,,,,,,,,,,,,,,,,,,,,,,,,,,,,,,,,,,,,,,,,,,,,,,,,,,,,,,,,,,,,,,,,,,,,,,
8,7,22,0.092728,0.0928,0.0776,1774137131000,,,,,,,,,,,,,,,,,,,,,,,,,,,,,,,,,,,,,,,,,,,,,,,,,,,,,,,,,,,,,,,,,,,,,,,,,,,,,,,,,,
8,7,22,0.092723,0.09273,0.0075,1774137132000,,,,,,,,,,,,,,,,,,,,,,,,,,,,,,,,,,,,,,,,,,,,,,,,,,,,,,,,,,,,,,,,,,,,,,,,,,,,,,,,,0.00005,
8,7,22,0.092717,0.09272,0.0032,1774137133000,0.092042,500,0.092002,581.99,0.092001,500,0.092,108.58,0.091937,500,0.091936,22.02,0.091908,500,0.091907,3679.23,0.091906,3179.23,0.091785,500,0.092705,2167.66,0.092706,1253.71,0.092711,1003.76,0.092777,2428.1,0.092778,3179.23,0.093214,400.43,0.093225,1058.85,0.093259,526,0.093268,526.5,0.093272,485.41,,,,,,,,,,,,,,,,,,,,,,,,,,,,,,,,,,,,,,,,,0.00005,
8,7,22,0.092711,0.09269,-0.0227,1774137134000,0.092043,581.99,0.092042,500,0.092002,581.99,0.092001,500,0.092,108.58,0.091937,500,0.091936,22.02,0.091908,500,0.091907,3679.23,0.091906,3179.23,0.092704,2417.61,0.092705,1003.76,0.092777,2428.1,0.092778,3179.23,0.093214,400.43,0.093225,1058.85,0.093259,526,0.093268,526.5,0.093272,485.41,0.093299,114.44,,,,,,,,,,,,,,,,,,,,,,,,,,,,,,,,,,,,,,,,,,
8,7,22,0.092705,0.0925,-0.2211,1774137135000,0.092043,1081.99,0.092042,500,0.092001,500,0.092,108.58,0.091937,500,0.091936,22.02,0.091908,500,0.091907,3679.23,0.091906,3179.23,0.091785,500,0.092704,2417.61,0.092705,1003.76,0.092777,2428.1,0.092778,3179.23,0.093214,400.43,0.093225,1058.85,0.093259,526,0.093268,526.5,0.093272,485.41,0.093299,114.44,,,,,,,,,,,,,,,,,,,,,,,,,,,,,,,,,,,,,,,,,0.00005,
8,7,22,0.092703,0.09254,-0.1758,1774137136000,0.092043,1081.99,0.092042,500,0.092001,500,0.092,108.58,0.091937,500,0.091936,22.02,0.091908,500,0.091907,3679.23,0.091906,3179.23,0.091785,500,0.092703,1003.76,0.092704,2417.61,0.092705,1003.76,0.092777,2428.1,0.092778,3179.23,0.093214,400.43,0.093225,1058.85,0.093259,526,0.093268,526.5,0.093272,485.41,,,,,,,,,,,,,,,,,,,,,,,,,,,,,,,,,,,,,,,,,,
8,7,22,0.092702,0.0925,-0.2179,1774137137000,0.092043,1081.99,0.092042,500,0.092001,500,0.092,108.58,0.091981,3179.23,0.091937,500,0.091908,500,0.091907,3679.23,0.091906,3179.23,0.091832,11.05,0.092702,2417.61,0.092703,1003.76,0.092778,3179.23,0.093214,400.43,0.093225,1058.85,0.093259,526,0.093268,526.5,0.093272,485.41,0.093299,114.44,0.0933,8008.05,,,,,,,,,,,,,,,,,,,,,,,,,,,,,,,,,,,,,,,,,,
8,7,22,0.092699,0.09243,-0.2902,1774137138000,0.092043,1081.99,0.092001,500,0.092,108.58,0.091982,500,0.091981,3179.23,0.091908,500,0.091907,3679.23,0.091906,3179.23,0.091832,11.05,0.091785,500,0.092699,1163.9,0.0927,3681.81,0.092703,1003.76,0.092778,3179.23,0.093214,400.43,0.093225,1058.85,0.093259,526,0.093268,526.5,0.093272,485.41,0.093299,114.44,,,,,,,,,,,,,,,,,,,,,,,,,,,,,,,,,,,,,,,,,,
8,7,22,0.092698,0.09246,-0.2567,1774137139000,,,,,,,,,,,,,,,,,,,,,,,,,,,,,,,,,,,,,,,,,,,,,,,,,,,,,,,,,,,,,,,,,,,,,,,,,,,,,,,,,0.00005,
8,7,22,0.092695,0.09248,-0.2319,1774137140000,,,,,,,,,,,,,,,,,,,,,,,,,,,,,,,,,,,,,,,,,,,,,,,,,,,,,,,,,,,,,,,,,,,,,,,,,,,,,,,,,,
8,7,22,0.092691,0.09254,-0.1629,1774137141000,,,,,,,,,,,,,,,,,,,,,,,,,,,,,,,,,,,,,,,,,,,,,,,,,,,,,,,,,,,,,,,,,,,,,,,,,,,,,,,,,0.00005,
8,7,22,0.092688,0.09255,-0.1489,1774137142000,,,,,,,,,,,,,,,,,,,,,,,,,,,,,,,,,,,,,,,,,,,,,,,,,,,,,,,,,,,,,,,,,,,,,,,,,,,,,,,,,,
8,7,22,0.092687,0.09256,-0.137,1774137143000,,,,,,,,,,,,,,,,,,,,,,,,,,,,,,,,,,,,,,,,,,,,,,,,,,,,,,,,,,,,,,,,,,,,,,,,,,,,,,,,,,
8,7,22,0.092681,0.09241,-0.2924,1774137144000,0.092001,1081.99,0.092,108.58,0.091985,500,0.091984,3679.23,0.091983,3179.23,0.091908,500,0.091907,3679.23,0.091906,3179.23,0.091795,3179.23,0.091785,500,0.092637,4170.45,0.092638,1253.71,0.092643,1003.76,0.092776,400.43,0.092778,3179.23,0.09309,371.99,0.093327,114.44,0.093328,3179.23,0.093334,3179.23,0.093391,3179.23,,,,,,,,,,,,,,,,,,,,,,,,,,,,,,,,,,,,,,,,,,
8,7,22,0.092682,0.09233,-0.3798,1774137145000,0.092001,1081.99,0.092,108.58,0.091985,500,0.091984,3679.23,0.091983,3179.23,0.091908,500,0.091907,3679.23,0.091906,3179.23,0.091795,3179.23,0.091785,500,0.092636,1003.76,0.092643,1003.76,0.092776,400.43,0.092778,3179.23,0.09309,2206.1,0.093327,114.44,0.093328,3179.23,0.093334,3179.23,0.093391,3179.23,0.093407,3179.23,,,,,,,,,,,,,,,,,,,,,,,,,,,,,,,,,,,,,,,,,0.00005,
8,7,22,0.092661,0.0924,-0.2817,1774137146000,0.092001,1081.99,0.092,108.58,0.091985,500,0.091984,3679.23,0.091983,3179.23,0.091908,500,0.091907,3679.23,0.091906,3179.23,0.091795,3179.23,0.091785,500,0.092634,1163.9,0.092635,1253.71,0.092636,1003.76,0.092776,400.43,0.092778,3179.23,0.09309,2206.1,0.093327,114.44,0.093328,3179.23,0.093334,3179.23,0.093358,137.29,,,,,,,,,,,,,,,,,,,,,,,,,,,,,,,,,,,,,,,,,,
8,7,22,0.092651,0.0924,-0.2709,1774137147000,0.092001,1081.99,0.092,108.58,0.091985,500,0.091984,3679.23,0.091983,3179.23,0.091908,500,0.091907,3679.23,0.091906,3179.23,0.091795,3179.23,0.091785,500,0.092633,4260.26,0.092636,1003.76,0.092776,400.43,0.092778,3179.23,0.09309,2206.1,0.093327,114.44,0.093328,3179.23,0.093334,3179.23,0.093358,137.29,0.093391,3179.23,,,,,,,,,,,,,,,,,,,,,,,,,,,,,,,,,,,,,,,,,0.00005,
8,7,22,0.092639,0.09237,-0.2904,1774137148000,0.092001,1081.99,0.092,108.58,0.091985,500,0.091984,3679.23,0.091983,3179.23,0.091908,500,0.091907,3679.23,0.091906,3179.23,0.091795,3179.23,0.091785,500,0.092631,4260.26,0.092632,1163.9,0.092636,1003.76,0.092776,400.43,0.092778,3179.23,0.09309,2206.1,0.093327,114.44,0.093328,3179.23,0.093334,3179.23,0.093358,137.29,,,,,,,,,,,,,,,,,,,,,,,,,,,,,,,,,,,,,,,,,0.00005,
8,7,22,0.092633,0.09235,-0.3055,1774137149000,0.092001,1081.99,0.092,108.58,0.091985,500,0.091984,3679.23,0.091983,3179.23,0.091908,500,0.091907,3679.23,0.091906,3179.23,0.091795,3179.23,0.091785,500,0.092629,1253.71,0.09263,1003.76,0.092776,400.43,0.092778,3179.23,0.09309,2206.1,0.093327,114.44,0.093328,3179.23,0.093334,3179.23,0.093358,137.29,0.093391,3179.23,,,,,,,,,,,,,,,,,,,,,,,,,,,,,,,,,,,,,,,,,,
8,7,22,0.092627,0.09122,-1.519,1774137150000,0.092001,1081.99,0.092,108.58,0.091985,500,0.091984,3679.23,0.091983,3179.23,0.091908,500,0.091907,3679.23,0.091906,3179.23,0.091795,3179.23,0.091785,500,0.092627,2417.61,0.09263,1003.76,0.092776,400.43,0.092778,3179.23,0.093083,485.41,0.09309,2206.1,0.093327,114.44,0.093328,3179.23,0.093334,3179.23,0.093358,137.29,,,,,,,,,,,,,,,,,,,,,,,,,,,,,,,,,,,,,,,,,0.00005,
8,7,22,0.092616,0.0906,-2.1767,1774137151000,0.092001,1081.99,0.092,108.58,0.091985,500,0.091984,3679.23,0.091983,3179.23,0.091908,500,0.091907,3679.23,0.091906,3179.23,0.091795,3179.23,0.091785,500,0.092625,2167.66,0.092626,3006.55,0.09263,1003.76,0.092776,400.43,0.092778,3179.23,0.09292,476,0.093083,485.41,0.09309,1834.11,0.093327,114.44,0.093328,3179.23,,,,,,,,,,,,,,,,,,,,,,,,,,,,,,,,,,,,,,,,,0.00005,
8,7,22,0.09261,0.0889,-4.006,1774137152000,0.092001,1081.99,0.092,108.58,0.091985,500,0.091984,3679.23,0.091983,3179.23,0.091908,500,0.091907,3679.23,0.091906,3179.23,0.091795,3179.23,0.091785,500,0.092622,1163.9,0.092623,1253.71,0.092625,1003.76,0.092776,400.43,0.092778,3179.23,0.09292,476,0.093011,718.5,0.093185,420,0.093327,114.44,0.093328,3179.23,,,,,,,,,,,,,,,,,,,,,,,,,,,,,,,,,,,,,,,,,,
8,7,22,0.092602,0.08885,-4.0517,1774137153000,0.092001,1081.99,0.092,108.58,0.091985,500,0.091984,3679.23,0.091983,3179.23,0.091908,500,0.091907,3679.23,0.091906,3179.23,0.091795,3179.23,0.091785,500,0.09262,4170.45,0.092621,1253.71,0.092625,1003.76,0.092776,400.43,0.092778,3179.23,0.092919,371.99,0.09292,476,0.093011,718.5,0.093077,580.68,0.093185,420,,,,,,,,,,,,,,,,,,,,,,,,,,,,,,,,,,,,,,,,,0.00005,
8,7,22,0.089808,0.08889,-1.0222,1774137154000,0.092001,1081.99,0.092,108.58,0.091985,500,0.091984,3679.23,0.091983,3179.23,0.091908,500,0.091907,3679.23,0.091906,3179.23,0.091795,3179.23,0.091785,500,0.092619,1163.9,0.09262,1003.76,0.092776,400.43,0.092778,3179.23,0.092919,371.99,0.09292,476,0.092942,718.5,0.093011,718.5,0.093077,580.68,0.093185,420,,,,,,,,,,,,,,,,,,,,,,,,,,,,,,,,,,,,,,,,,0.00005,
8,7,22,0.089803,0.08886,-1.0501,1774137155000,0.092002,1081.99,0.092001,500,0.092,108.58,0.091987,500,0.091986,581.99,0.091985,500,0.091984,3679.23,0.091983,3179.23,0.091908,500,0.091907,3679.23,0.092615,2417.61,0.092616,3006.55,0.09262,1003.76,0.092776,400.43,0.092778,3179.23,0.092919,371.99,0.09292,476,0.092942,718.5,0.093011,718.5,0.093077,580.68,,,,,,,,,,,,,,,,,,,,,,,,,,,,,,,,,,,,,,,,,0.00005,
8,7,22,0.089798,0.08969,-0.1203,1774137156000,0.092002,1081.99,0.092001,500,0.092,108.58,0.091987,500,0.091985,500,0.091984,3679.23,0.091983,3179.23,0.091908,500,0.091907,3679.23,0.091906,3179.23,0.092613,1253.71,0.092614,1003.76,0.092775,539.09,0.092776,400.43,0.092778,3179.23,0.092919,371.99,0.09292,476,0.092942,718.5,0.093011,718.5,0.093077,580.68,,,,,,,,,,,,,,,,,,,,,,,,,,,,,,,,,,,,,,,,,,
8,7,22,0.089006,0.08998,1.0943,1774137156800,0.092002,1081.99,0.092001,500,0.092,108.58,0.091987,500,0.091985,500,0.091984,500,0.091908,500,0.091907,3679.23,0.091906,3179.23,0.091795,3179.23,0.092613,1253.71,0.092614,1003.76,0.092775,539.09,0.092776,400.43,0.092778,3179.23,0.092919,371.99,0.09292,476,0.092942,718.5,0.093011,718.5,0.093077,580.68,,,,,,,,,,,,,,,,,,,,,,,,,,,,,,,,,,,,,,,,,0.00005,
8,7,22,0.089004,0.08998,1.0966,1774137157100,0.092002,581.99,0.092001,500,0.092,108.58,0.091987,500,0.091985,500,0.091984,500,0.091908,500,0.091907,3679.23,0.091906,3179.23,0.091795,3179.23,0.092612,1163.9,0.092613,1253.71,0.092614,1003.76,0.092775,539.09,0.092776,400.43,0.092778,3179.23,0.092919,371.99,0.09292,476,0.092942,718.5,0.093011,718.5,,,,,,,,,,,,,,,,,,,,,,,,,,,,,,,,,,,,,,,,,0.00005,
8,7,22,0.089001,0.08999,1.1112,1774137157401,0.092002,581.99,0.092,108.58,0.091907,3179.23,0.091906,3179.23,0.091795,3179.23,0.091785,500,0.091784,3179.23,0.091733,500,0.091732,3179.23,0.091635,3179.23,0.092612,4170.45,0.092614,1003.76,0.092775,539.09,0.092776,400.43,0.092778,3179.23,0.092919,371.99,0.09292,476,0.092942,718.5,0.093011,718.5,0.093077,580.68,,,,,,,,,,,,,,,,,,,,,,,,,,,,,,,,,,,,,,,,,0.00005,
8,7,22,0.088999,0.08999,1.1135,1774137157702,0.092002,581.99,0.092,108.58,0.091907,3179.23,0.091906,3179.23,0.091795,3179.23,0.091785,500,0.091784,3179.23,0.091733,500,0.091732,3179.23,0.091635,3179.23,0.092612,4170.45,0.092614,1003.76,0.092775,539.09,0.092776,400.43,0.092778,3179.23,0.092919,371.99,0.09292,476,0.092942,718.5,0.093011,718.5,0.093077,580.68,,,,,,,,,,,,,,,,,,,,,,,,,,,,,,,,,,,,,,,,,0.00005,
8,7,22,0.088999,0.09031,1.4731,1774137158003,0.092002,581.99,0.092,108.58,0.091907,3179.23,0.091795,3179.23,0.091785,500,0.091784,3179.23,0.091733,500,0.091732,3179.23,0.091635,3179.23,0.091598,7.15,0.09261,1163.9,0.092611,2257.47,0.092775,539.09,0.092776,400.43,0.092778,3179.23,0.092919,371.99,0.09292,476,0.092942,718.5,0.093011,718.5,0.093077,580.68,,,,,,,,,,,,,,,,,,,,,,,,,,,,,,,,,,,,,,,,,0.00005,
8,7,22,0.08916,0.09048,1.4805,1774137158304,0.092002,581.99,0.092,108.58,0.091907,3179.23,0.091795,3179.23,0.091785,500,0.091784,3179.23,0.091733,500,0.091732,3179.23,0.091635,3179.23,0.091598,7.15,0.09261,1163.9,0.092611,2257.47,0.092775,539.09,0.092776,400.43,0.092778,3179.23,0.092919,371.99,0.09292,476,0.092942,718.5,0.093011,718.5,0.093077,580.68,,,,,,,,,,,,,,,,,,,,,,,,,,,,,,,,,,,,,,,,,0.00005,
8,7,22,0.08916,0.09048,1.4805,1774137158605,0.092002,1081.99,0.092,108.58,0.091796,500,0.091795,3179.23,0.091785,500,0.091784,3179.23,0.091733,500,0.091732,3179.23,0.091635,3179.23,0.091598,7.15,0.092608,1163.9,0.092609,1253.71,0.092611,1003.76,0.092774,400.43,0.092775,539.09,0.092778,3179.23,0.092919,371.99,0.09292,476,0.092942,718.5,0.093011,718.5,,,,,,,,,,,,,,,,,,,,,,,,,,,,,,,,,,,,,,,,,0.00005,
8,7,22,0.08916,0.09049,1.4917,1774137158905,0.092,43.58,0.091796,500,0.091795,3179.23,0.091785,500,0.091784,3179.23,0.091733,500,0.091732,3179.23,0.091635,3179.23,0.091598,7.15,0.091465,21.81,0.092608,1163.9,0.092611,1003.76,0.092773,539.09,0.092774,400.43,0.092778,3179.23,0.092919,371.99,0.09292,476,0.092942,718.5,0.093011,718.5,0.093077,580.68,,,,,,,,,,,,,,,,,,,,,,,,,,,,,,,,,,,,,,,,,0.00005,
8,7,22,0.089782,0.09049,0.7886,1774137159206,0.092,43.58,0.091797,290.97,0.091796,500,0.091795,3179.23,0.091785,500,0.091784,3179.23,0.091733,500,0.091732,3179.23,0.091635,3179.23,0.091598,7.15,0.092607,1253.71,0.092608,1163.9,0.092611,1003.76,0.092773,539.09,0.092774,400.43,0.092778,3179.23,0.092919,371.99,0.09292,476,0.092942,718.5,0.093011,718.5,,,,,,,,,,,,,,,,,,,,,,,,,,,,,,,,,,,,,,,,,0.00005,
8,7,22,0.089809,0.09054,0.8139,1774137159506,0.092,43.58,0.091797,290.97,0.091796,500,0.091795,3179.23,0.091785,500,0.091784,3179.23,0.091733,500,0.091732,3179.23,0.091635,3179.23,0.091598,7.15,0.092606,4170.45,0.092607,1792.8,0.092611,1003.76,0.092774,400.43,0.092778,3179.23,0.092919,371.99,0.09292,476,0.092942,718.5,0.093011,718.5,0.093077,580.68,,,,,,,,,,,,,,,,,,,,,,,,,,,,,,,,,,,,,,,,,0.00005,
8,7,22,0.090027,0.09057,0.6032,1774137159807,0.092,43.58,0.091797,290.97,0.091796,500,0.091795,3179.23,0.091785,500,0.091784,3179.23,0.091733,500,0.091732,3179.23,0.091635,3179.23,0.091598,7.15,0.092605,2997.78,0.092611,1003.76,0.092773,538.95,0.092778,3179.23,0.092919,371.99,0.09292,476,0.092942,718.5,0.093011,718.5,0.093077,580.68,0.093093,718.5,,,,,,,,,,,,,,,,,,,,,,,,,,,,,,,,,,,,,,,,,0.00005,
8,7,22,0.090536,0.09058,0.0486,1774137160108,0.092,43.58,0.091797,290.97,0.091796,500,0.091795,3179.23,0.091785,500,0.091784,3179.23,0.091733,500,0.091732,3179.23,0.091635,3179.23,0.091598,7.15,0.092604,1163.9,0.092605,2548.5,0.09261,539.09,0.092773,538.95,0.092778,3179.23,0.092919,371.99,0.09292,476,0.092942,718.5,0.093011,718.5,0.093077,580.68,,,,,,,,,,,,,,,,,,,,,,,,,,,,,,,,,,,,,,,,,0.00005,
8,7,22,0.090533,0.09062,0.0961,1774137160408,0.092,43.58,0.091797,290.97,0.091796,500,0.091795,3179.23,0.091785,500,0.091784,3179.23,0.091733,500,0.091732,3179.23,0.091635,3179.23,0.091598,7.15,0.092603,1253.71,0.092604,4170.45,0.092605,1294.79,0.09261,539.09,0.092773,538.95,0.092778,3179.23,0.092919,371.99,0.09292,476,0.092942,718.5,0.093011,718.5,,,,,,,,,,,,,,,,,,,,,,,,,,,,,,,,,,,,,,,,,0.00005,
8,7,22,0.090826,0.09064,-0.2048,1774137160709,0.092,43.58,0.091797,290.97,0.091796,500,0.091795,3179.23,0.091785,500,0.091784,3179.23,0.091733,500,0.091732,3179.23,0.091635,3179.23,0.091598,7.15,0.092602,4709.54,0.092603,1253.71,0.092605,1294.79,0.092773,538.95,0.092778,3179.23,0.092919,371.99,0.09292,476,0.092942,718.5,0.093011,718.5,0.093077,580.68,,,,,,,,,,,,,,,,,,,,,,,,,,,,,,,,,,,,,,,,,0.00005,
8,7,22,0.090826,0.09066,-0.1828,1774137161010,0.092,43.58,0.091797,290.97,0.091796,500,0.091795,3179.23,0.091785,500,0.091784,3179.23,0.091733,500,0.091732,3179.23,0.091635,3179.23,0.091598,7.15,0.092601,5424.16,0.092602,539.09,0.092605,1294.79,0.092773,538.95,0.092778,3179.23,0.09292,476,0.092942,718.5,0.093011,718.5,0.093077,580.68,0.093093,718.5,,,,,,,,,,,,,,,,,,,,,,,,,,,,,,,,,,,,,,,,,0.00005,
8,7,22,0.090826,0.09068,-0.1607,1774137161310,0.091796,500,0.091795,3179.23,0.091785,500,0.091784,3179.23,0.091733,500,0.091732,3179.23,0.091635,3179.23,0.091598,7.15,0.091465,21.81,0.091416,11.07,0.0926,1663.9,0.092601,1253.71,0.092602,539.09,0.092605,1294.79,0.092772,371.99,0.092773,538.95,0.092778,3179.23,0.09292,476,0.092942,718.5,0.093011,718.5,,,,,,,,,,,,,,,,,,,,,,,,,,,,,,,,,,,,,,,,,0.00005,
8,7,22,0.090824,0.09069,-0.1475,1774137161611,0.091733,141.38,0.091732,3179.23,0.091636,3179.23,0.091635,3179.23,0.091598,7.15,0.091465,21.81,0.091416,11.07,0.091312,11.07,0.091282,540.88,0.091281,12481.4,0.092599,1663.9,0.0926,1753.71,0.092605,1294.79,0.092771,538.96,0.092772,371.99,0.092778,3179.23,0.09292,476,0.092942,718.5,0.093011,718.5,0.093077,580.68,,,,,,,,,,,,,,,,,,,,,,,,,,,,,,,,,,,,,,,,,0.00005,
8,7,22,0.090824,0.09066,-0.1806,1774137161912,0.091243,540.38,0.09101,556.19,0.090002,286,0.09,51441.79,0.089809,21.81,0.089745,28.1,0.089635,21442.28,0.089104,47.46,0.089006,207.82,0.089,1298.91,0.092597,500,0.092598,8807.74,0.092599,500,0.092605,1294.79,0.092772,371.99,0.092778,3179.23,0.09292,476,0.092942,718.5,0.093011,718.5,0.093077,580.68,,,,,,,,,,,,,,,,,,,,,,,,,,,,,,,,,,,,,,,,,0.00005,
8,7,22,0.090823,0.09066,-0.1795,1774137162212,0.089104,47.46,0.089006,207.82,0.089,1298.91,0.088932,57.3,0.088466,368,0.088154,2254.41,0.088153,21.81,0.088099,17.63,0.088,3266.92,0.087951,12381.89,0.09063,3570.24,0.091242,207.82,0.092272,556,0.092333,31.45,0.09236,707.82,0.092551,47.46,0.092596,1163.9,0.092597,500,0.092598,1940.29,0.092772,371.99,,,,,,,,,,,,,,,,,,,,,,,,,,,,,,,,,,,,,,,,,0.00005,
8,7,22,0.09082,0.09067,-0.1652,1774137162513,0.089006,175.18,0.089,1298.91,0.088932,57.3,0.088466,368,0.088402,1650,0.088154,2254.41,0.088153,21.81,0.088099,17.63,0.088,3266.92,0.087888,207.82,0.090629,5373.59,0.09063,3570.24,0.090988,111.3,0.091241,359.08,0.091242,207.82,0.091465,21.81,0.091598,7.15,0.092272,556,0.092309,28.1,0.092333,31.45,,,,,,,,,,,,,,,,,,,,,,,,,,,,,,,,,,,,,,,,,0.00005,
8,7,22,0.090818,0.09067,-0.163,1774137162813,0.088099,17.63,0.088,3266.92,0.087888,207.82,0.087778,31.45,0.087401,2855.23,0.08738,47.46,0.087181,9.54,0.08718,18.56,0.087001,79.33,0.087,350.47,0.090124,207.82,0.090628,6241.47,0.090629,1884.07,0.09063,1891.24,0.090827,47.46,0.090988,111.3,0.091242,207.82,0.091465,21.81,0.091598,7.15,0.092272,556,,,,,,,,,,,,,,,,,,,,,,,,,,,,,,,,,,,,,,,,,0.00005,
8,7,22,0.090816,0.09067,-0.1608,1774137163114,0.088366,28.24,0.0881,115.6,0.088099,17.63,0.088,3266.92,0.087888,207.82,0.087778,31.45,0.087402,5397.43,0.087401,2855.23,0.08738,47.46,0.087181,9.54,0.089809,21.81,0.090123,1623.32,0.090124,207.82,0.090336,472.5,0.090558,662.56,0.090627,3006.55,0.090628,1589.59,0.090629,1884.07,0.09063,212.24,0.090827,47.46,,,,,,,,,,,,,,,,,,,,,,,,,,,,,,,,,,,,,,,,,0.00005,
8,7,22,0.090814,0.09067,-0.1586,1774137163415,0.088366,28.24,0.0881,115.6,0.088099,17.63,0.088,3266.92,0.087888,207.82,0.087778,31.45,0.087403,95.88,0.087402,5397.43,0.087401,2855.23,0.08738,47.46,0.089809,21.81,0.09012,1109.63,0.090123,1623.32,0.090124,207.82,0.090558,662.56,0.090628,1589.59,0.090629,3137.78,0.09063,212.24,0.090827,47.46,0.090849,399.84,,,,,,,,,,,,,,,,,,,,,,,,,,,,,,,,,,,,,,,,,0.00005,
8,7,22,0.090813,0.09067,-0.1575,1774137163716,0.088366,28.24,0.0881,115.6,0.088099,17.63,0.088,3266.92,0.087888,207.82,0.087778,31.45,0.087403,95.88,0.087401,2855.23,0.08738,47.46,0.087181,9.54,0.089809,21.81,0.09012,1109.63,0.090123,459.42,0.090124,207.82,0.090153,500.22,0.090558,662.56,0.090628,1589.59,0.090629,1884.07,0.09063,212.24,0.090827,47.46,,,,,,,,,,,,,,,,,,,,,,,,,,,,,,,,,,,,,,,,,0.00005,
8,7,22,0.090815,0.09067,-0.1597,1774137164016,0.088366,28.24,0.0881,115.6,0.088099,17.63,0.088,3266.92,0.087888,207.82,0.087778,31.45,0.087403,95.88,0.087401,2855.23,0.08738,47.46,0.087181,9.54,0.089809,21.81,0.09012,1109.63,0.090124,207.82,0.090153,500.22,0.090558,662.56,0.090628,1589.59,0.090629,1884.07,0.09063,212.24,0.090827,47.46,0.090988,111.3,,,,,,,,,,,,,,,,,,,,,,,,,,,,,,,,,,,,,,,,,0.00005,
8,7,22,0.090815,0.09067,-0.1597,1774137164316,0.088366,28.24,0.0881,115.6,0.088099,17.63,0.088,3266.92,0.087888,207.82,0.087778,31.45,0.087403,95.88,0.087401,2855.23,0.08738,47.46,0.087181,9.54,0.089808,1163.9,0.089809,21.81,0.090122,458.67,0.090124,207.82,0.090153,500.22,0.090335,1253.71,0.090558,662.56,0.090628,1589.59,0.090629,1884.07,0.09063,212.24,,,,,,,,,,,,,,,,,,,,,,,,,,,,,,,,,,,,,,,,,0.00005,
8,7,22,0.090815,0.09067,-0.1597,1774137164617,0.088366,28.24,0.0881,115.6,0.088099,17.63,0.088,3266.92,0.087888,207.82,0.087778,31.45,0.087403,95.88,0.087401,2855.23,0.08738,47.46,0.087181,9.54,0.089807,2659.48,0.089808,1163.9,0.089809,21.81,0.090122,458.67,0.090124,207.82,0.090153,500.22,0.090558,662.56,0.090628,1589.59,0.090629,1884.07,0.09063,212.24,,,,,,,,,,,,,,,,,,,,,,,,,,,,,,,,,,,,,,,,,0.00005,
8,7,22,0.090815,0.09067,-0.1597,1774137164918,0.088366,28.24,0.0881,115.6,0.088099,17.63,0.088,3266.92,0.087888,207.82,0.087778,31.45,0.087403,95.88,0.087401,2855.23,0.08738,47.46,0.087181,9.54,0.089807,500,0.089809,21.81,0.090124,207.82,0.090153,500.22,0.090557,1253.71,0.090558,662.56,0.090628,1513.03,0.090629,1884.07,0.09063,212.24,0.090827,47.46,,,,,,,,,,,,,,,,,,,,,,,,,,,,,,,,,,,,,,,,,0.00005,
8,7,22,0.090815,0.09066,-0.1707,1774137165219,0.088366,28.24,0.0881,115.6,0.088099,17.63,0.088,3266.92,0.087888,207.82,0.087778,31.45,0.087403,95.88,0.087401,2855.23,0.08738,47.46,0.087181,9.54,0.089807,500,0.089809,21.81,0.090124,207.82,0.090153,500.22,0.090557,1253.71,0.090558,662.56,0.090628,1513.03,0.090629,1884.07,0.09063,212.24,0.090827,47.46,,,,,,,,,,,,,,,,,,,,,,,,,,,,,,,,,,,,,,,,,0.00005,
8,7,22,0.090815,0.09067,-0.1597,1774137165519,0.088366,28.24,0.0881,115.6,0.088099,17.63,0.088,3266.92,0.087888,207.82,0.087778,31.45,0.087404,5013.63,0.087403,95.88,0.087401,2855.23,0.08738,47.46,0.089806,2122.54,0.089807,500,0.089809,21.81,0.090124,207.82,0.090153,500.22,0.090558,662.56,0.090628,1513.03,0.090629,1884.07,0.09063,212.24,0.090827,47.46,,,,,,,,,,,,,,,,,,,,,,,,,,,,,,,,,,,,,,,,,0.00005,
8,7,22,0.090812,0.09067,-0.1564,1774137165819,0.088,2825.85,0.087888,207.82,0.087778,31.45,0.087403,95.88,0.087401,2855.23,0.08738,47.46,0.087181,9.54,0.08718,18.56,0.087,350.47,0.08677,207.82,0.089803,1008.93,0.089804,500,0.089805,8850,0.089809,21.81,0.090124,207.82,0.090153,500.22,0.090558,662.56,0.090629,1884.07,0.09063,212.24,0.090827,47.46,,,,,,,,,,,,,,,,,,,,,,,,,,,,,,,,,,,,,,,,,0.00005,
8,7,22,0.090813,0.09067,-0.1575,1774137166120,0.088,2825.85,0.087888,207.82,0.087778,31.45,0.087403,95.88,0.087401,2855.23,0.08738,47.46,0.087181,9.54,0.08718,18.56,0.087,350.47,0.08677,207.82,0.089803,1008.93,0.089804,500,0.089805,8850,0.089809,21.81,0.090124,207.82,0.090153,500.22,0.090558,662.56,0.090629,1884.07,0.09063,212.24,0.090827,47.46,,,,,,,,,,,,,,,,,,,,,,,,,,,,,,,,,,,,,,,,,0.00005,
8,7,22,0.090811,0.09067,-0.1553,1774137166420,0.088,1278.78,0.087888,207.82,0.087778,31.45,0.087403,95.88,0.087401,2855.23,0.08738,47.46,0.087181,9.54,0.08718,18.56,0.087,350.47,0.08677,207.82,0.089803,1008.93,0.089804,500,0.089805,8850,0.089809,21.81,0.090124,207.82,0.090153,500.22,0.090558,662.56,0.090629,1884.07,0.09063,212.24,0.090827,47.46,,,,,,,,,,,,,,,,,,,,,,,,,,,,,,,,,,,,,,,,,0.00005,
8,7,22,0.090811,0.09067,-0.1553,1774137166720,0.088,541.85,0.087888,207.82,0.087778,31.45,0.087403,95.88,0.087401,2855.23,0.08738,47.46,0.087181,9.54,0.08718,18.56,0.087,350.47,0.08677,207.82,0.089801,556.79,0.089802,3112.35,0.089803,1775.26,0.089804,500,0.089805,10103.71,0.089809,21.81,0.090124,207.82,0.090153,500.22,0.090558,662.56,0.090629,1884.07,,,,,,,,,,,,,,,,,,,,,,,,,,,,,,,,,,,,,,,,,0.00005,
8,7,22,0.090811,0.09067,-0.1553,1774137167020,0.088,541.85,0.087888,207.82,0.087778,31.45,0.087403,95.88,0.087401,2855.23,0.08738,47.46,0.087181,9.54,0.08718,18.56,0.087,350.47,0.08677,207.82,0.089801,556.79,0.089802,3112.35,0.089803,1775.26,0.089804,500,0.089805,10103.71,0.089809,21.81,0.090124,207.82,0.090153,500.22,0.090558,662.56,0.090629,1884.07,,,,,,,,,,,,,,,,,,,,,,,,,,,,,,,,,,,,,,,,,0.00005,
8,7,22,0.090269,0.09067,0.4442,1774137167322,0.088,541.85,0.087888,207.82,0.087778,31.45,0.087403,95.88,0.087401,2855.23,0.08738,47.46,0.087181,9.54,0.08718,18.56,0.087,350.47,0.08677,207.82,0.089801,556.79,0.089802,1253.71,0.089803,1775.26,0.089804,500,0.089805,8850,0.089809,21.81,0.090124,207.82,0.090153,500.22,0.090558,662.56,0.090629,1884.07,,,,,,,,,,,,,,,,,,,,,,,,,,,,,,,,,,,,,,,,,0.00005,
8,7,22,0.090268,0.09067,0.4453,1774137167623,0.088,541.85,0.087888,207.82,0.087778,31.45,0.087403,95.88,0.087401,2855.23,0.08738,47.46,0.087181,9.54,0.08718,18.56,0.087,350.47,0.08677,207.82,0.0898,4276.22,0.089803,611.36,0.089804,500,0.089805,8850,0.089809,21.81,0.090124,207.82,0.090153,500.22,0.090558,662.56,0.090629,1884.07,0.09063,212.24,,,,,,,,,,,,,,,,,,,,,,,,,,,,,,,,,,,,,,,,,0.00005,
8,7,22,0.090268,0.09067,0.4453,1774137167923,0.088,541.85,0.087888,207.82,0.087778,31.45,0.087403,95.88,0.087401,2855.23,0.08738,47.46,0.087181,9.54,0.08718,18.56,0.087,350.47,0.08677,207.82,0.089799,1299.97,0.0898,1706.55,0.089803,611.36,0.089804,500,0.089805,8850,0.089809,21.81,0.090124,207.82,0.090153,500.22,0.090558,662.56,0.090629,1884.07,,,,,,,,,,,,,,,,,,,,,,,,,,,,,,,,,,,,,,,,,0.00005,
8,7,22,0.090268,0.09067,0.4453,1774137168224,0.088,541.85,0.087888,207.82,0.087778,31.45,0.087403,95.88,0.087401,2855.23,0.08738,47.46,0.087181,9.54,0.08718,18.56,0.087,350.47,0.08677,207.82,0.089799,1299.97,0.0898,1706.55,0.089803,611.36,0.089804,500,0.089805,8850,0.089809,21.81,0.090124,207.82,0.090153,500.22,0.090558,662.56,0.090629,1884.07,,,,,,,,,,,,,,,,,,,,,,,,,,,,,,,,,,,,,,,,,0.00005,
8,7,22,0.090268,0.09067,0.4453,1774137168525,0.088,1041.85,0.087888,207.82,0.087778,31.45,0.087403,95.88,0.087401,2855.23,0.08738,47.46,0.087181,509.54,0.08718,18.56,0.087,350.47,0.08677,207.82,0.089798,2659.48,0.089799,452.81,0.0898,903.63,0.089803,611.36,0.089804,500,0.089805,8350,0.089809,21.81,0.090124,207.82,0.090153,500.22,0.090629,1884.07,,,,,,,,,,,,,,,,,,,,,,,,,,,,,,,,,,,,,,,,,0.00005,
8,7,22,0.090268,0.09067,0.4453,1774137168825,0.088,1041.85,0.087888,207.82,0.087778,31.45,0.087403,95.88,0.087401,2855.23,0.08738,47.46,0.087181,509.54,0.08718,18.56,0.087,350.47,0.08677,207.82,0.089798,2659.48,0.089799,452.81,0.0898,903.63,0.089803,611.36,0.089804,500,0.089805,8350,0.089809,21.81,0.090124,207.82,0.090153,500.22,0.090629,1884.07,,,,,,,,,,,,,,,,,,,,,,,,,,,,,,,,,,,,,,,,,0.00005,
8,7,22,0.090269,0.09056,0.3224,1774137169126,0.088,569.23,0.087888,207.82,0.087778,31.45,0.087403,95.88,0.08738,47.46,0.087181,509.54,0.08718,18.56,0.087,350.47,0.08677,207.82,0.086588,79.71,0.089795,1663.9,0.089796,1056.82,0.089797,500,0.0898,903.63,0.089803,111.36,0.089809,21.81,0.090124,207.82,0.09014,28.24,0.090153,500.22,0.090629,1884.07,,,,,,,,,,,,,,,,,,,,,,,,,,,,,,,,,,,,,,,,,0.00005,
8,7,22,0.090268,0.09056,0.3235,1774137169427,0.088,569.23,0.087888,207.82,0.087778,31.45,0.087403,95.88,0.08738,47.46,0.087181,509.54,0.08718,18.56,0.087,350.47,0.08677,207.82,0.086588,79.71,0.089795,1663.9,0.089796,1056.82,0.089797,500,0.0898,903.63,0.089803,111.36,0.089809,21.81,0.090124,207.82,0.09014,28.24,0.090153,500.22,0.090629,1884.07,,,,,,,,,,,,,,,,,,,,,,,,,,,,,,,,,,,,,,,,,0.00005,
8,7,22,0.090268,0.09056,0.3235,1774137169727,0.088,569.23,0.087888,207.82,0.087778,31.45,0.087403,95.88,0.08738,47.46,0.087181,509.54,0.08718,18.56,0.087,350.47,0.08677,207.82,0.086588,79.71,0.089794,1056.83,0.089795,500,0.089796,500,0.0898,903.63,0.089803,111.36,0.089809,21.81,0.090124,207.82,0.09014,28.24,0.090153,500.22,0.090629,1884.07,,,,,,,,,,,,,,,,,,,,,,,,,,,,,,,,,,,,,,,,,0.00005,
8,7,22,0.090268,0.09056,0.3235,1774137170027,0.088,569.23,0.087888,207.82,0.087778,31.45,0.087403,95.88,0.08738,47.46,0.087181,509.54,0.08718,18.56,0.087,350.47,0.08677,207.82,0.086588,79.71,0.089794,2310.54,0.089795,995.86,0.089796,500,0.0898,903.63,0.089809,21.81,0.090124,207.82,0.09014,28.24,0.090153,500.22,0.090629,1884.07,0.09063,212.24,,,,,,,,,,,,,,,,,,,,,,,,,,,,,,,,,,,,,,,,,0.00005,
8,7,22,0.090266,0.09036,0.1041,1774137170328,0.087778,31.45,0.087403,95.88,0.08738,47.46,0.087181,509.54,0.08718,18.56,0.087,350.47,0.08677,207.82,0.086588,79.71,0.086587,3464.72,0.086497,21.81,0.089793,611.37,0.089794,500,0.089795,995.86,0.0898,903.63,0.089809,21.81,0.090124,207.82,0.09014,28.24,0.090153,500.22,0.090629,1884.07,0.09063,212.24,,,,,,,,,,,,,,,,,,,,,,,,,,,,,,,,,,,,,,,,,0.00005,
8,7,22,0.090265,0.09036,0.1052,1774137170629,0.087404,500,0.087403,95.88,0.08738,47.46,0.087181,509.54,0.08718,18.56,0.087,350.47,0.08677,207.82,0.086588,79.71,0.086587,3464.72,0.086497,21.81,0.089793,1865.08,0.089794,500,0.089795,500,0.089809,21.81,0.090124,207.82,0.09014,28.24,0.090153,500.22,0.090629,1884.07,0.09063,212.24,0.090827,47.46,,,,,,,,,,,,,,,,,,,,,,,,,,,,,,,,,,,,,,,,,0.00005,
8,7,22,0.090395,0.09037,-0.0277,1774137170929,0.087404,427.81,0.08738,47.46,0.087181,509.54,0.08718,18.56,0.087,350.47,0.08677,207.82,0.086589,6651.98,0.086588,79.71,0.086587,3464.72,0.086497,21.81,0.08916,137.29,0.089792,3823.38,0.089793,611.37,0.089794,500,0.089795,500,0.089809,21.81,0.090056,31.45,0.090124,207.82,0.09014,28.24,0.090153,500.22,,,,,,,,,,,,,,,,,,,,,,,,,,,,,,,,,,,,,,,,,0.00005,
8,7,22,0.090394,0.09037,-0.0266,1774137171229,0.087404,427.81,0.08738,47.46,0.087181,509.54,0.08718,18.56,0.087,350.47,0.08677,207.82,0.086589,96.78,0.086588,79.71,0.086587,3464.72,0.086497,21.81,0.089006,207.82,0.08916,137.29,0.089791,2659.48,0.089793,611.37,0.089794,500,0.089795,500,0.089809,21.81,0.090056,31.45,0.090124,207.82,0.09014,28.24,,,,,,,,,,,,,,,,,,,,,,,,,,,,,,,,,,,,,,,,,0.00005,
8,7,22,0.090393,0.09037,-0.0254,1774137171530,0.087404,427.81,0.08738,47.46,0.087181,509.54,0.08718,18.56,0.087,350.47,0.08677,207.82,0.086589,96.78,0.086588,79.71,0.086587,3464.72,0.086497,21.81,0.089006,207.82,0.08916,137.29,0.089791,2659.48,0.089793,611.37,0.089794,500,0.089795,500,0.089809,21.81,0.090056,31.45,0.090124,207.82,0.09014,28.24,,,,,,,,,,,,,,,,,,,,,,,,,,,,,,,,,,,,,,,,,0.00005,
8,7,22,0.09039,0.09037,-0.0221,1774137171831,0.087404,157.81,0.08738,47.46,0.087181,509.54,0.08718,18.56,0.087,350.47,0.08677,207.82,0.086589,96.78,0.086588,579.71,0.086587,3464.72,0.086497,21.81,0.089005,2848.77,0.089006,207.82,0.08916,137.29,0.089455,914.06,0.089521,910.11,0.089561,287.55,0.089636,408.57,0.089793,611.37,0.089794,500,0.089809,21.81,,,,,,,,,,,,,,,,,,,,,,,,,,,,,,,,,,,,,,,,,0.00005,
8,7,22,0.090389,0.09037,-0.021,1774137172132,0.087404,157.81,0.08738,47.46,0.087181,509.54,0.08718,18.56,0.087,350.47,0.08677,207.82,0.086589,96.78,0.086588,579.71,0.086587,3464.72,0.086497,21.81,0.089004,1163.9,0.089005,1253.71,0.089006,207.82,0.08916,137.29,0.089455,914.06,0.089521,910.11,0.089561,287.55,0.089636,408.57,0.089793,611.37,0.089794,500,,,,,,,,,,,,,,,,,,,,,,,,,,,,,,,,,,,,,,,,,0.00005,
8,7,22,0.090388,0.09037,-0.0199,1774137172433,0.087404,157.81,0.08738,47.46,0.087181,509.54,0.08718,18.56,0.087,350.47,0.08677,207.82,0.086589,96.78,0.086588,579.71,0.086587,3464.72,0.086497,21.81,0.089003,431.12,0.089006,207.82,0.08916,137.29,0.089188,560.61,0.089455,914.06,0.089521,910.11,0.089561,287.55,0.089636,408.57,0.089793,611.37,0.089794,500,,,,,,,,,,,,,,,,,,,,,,,,,,,,,,,,,,,,,,,,,0.00005,
8,7,22,0.090388,0.09037,-0.0199,1774137172734,0.087404,157.81,0.08738,47.46,0.087181,509.54,0.08718,18.56,0.087,350.47,0.08677,207.82,0.08659,6022.72,0.086589,96.78,0.086588,579.71,0.086587,3464.72,0.089002,4323.38,0.089005,431.11,0.089006,207.82,0.08916,137.29,0.089269,560.1,0.089455,914.06,0.089521,910.11,0.089561,287.55,0.089636,408.57,0.089793,611.37,,,,,,,,,,,,,,,,,,,,,,,,,,,,,,,,,,,,,,,,,0.00005,
8,7,22,0.090468,0.09039,-0.0862,1774137173034,0.087404,157.81,0.08738,47.46,0.087181,509.54,0.08718,18.56,0.087,350.47,0.08677,207.82,0.08659,6022.72,0.086589,96.78,0.086588,579.71,0.086587,3464.72,0.089002,4323.38,0.089005,431.11,0.089006,207.82,0.08916,137.29,0.089269,560.1,0.089455,914.06,0.089521,910.11,0.089561,287.55,0.089636,408.57,0.089793,611.37,,,,,,,,,,,,,,,,,,,,,,,,,,,,,,,,,,,,,,,,,0.00005,
8,7,22,0.090467,0.09043,-0.0409,1774137173335,0.087404,157.81,0.08738,47.46,0.087181,509.54,0.08718,18.56,0.087,350.47,0.08677,207.82,0.08659,6022.72,0.086589,96.78,0.086588,579.71,0.086587,3464.72,0.089001,4754.47,0.089006,207.82,0.08916,137.29,0.089269,560.1,0.089455,914.06,0.089508,830.47,0.089521,910.11,0.089561,287.55,0.089636,408.57,0.089793,111.37,,,,,,,,,,,,,,,,,,,,,,,,,,,,,,,,,,,,,,,,,0.00005,
8,7,22,0.090467,0.09048,0.0144,1774137173635,0.087404,157.81,0.08738,47.46,0.087181,509.54,0.08718,18.56,0.087,350.47,0.08677,207.82,0.08659,6022.72,0.086589,96.78,0.086588,579.71,0.086587,3464.72,0.089001,4754.47,0.089006,207.82,0.08916,137.29,0.089269,560.1,0.089455,914.06,0.089508,830.47,0.089521,910.11,0.089561,287.55,0.089636,408.57,0.089793,111.37,,,,,,,,,,,,,,,,,,,,,,,,,,,,,,,,,,,,,,,,,0.00005,
8,7,22,0.090467,0.09052,0.0586,1774137173935,0.08738,47.46,0.087189,250.16,0.087181,509.54,0.08718,18.56,0.087,350.47,0.08677,207.82,0.08662,233.8,0.086589,96.78,0.086588,579.71,0.086587,3464.72,0.089,1291.73,0.089006,207.82,0.08916,137.29,0.089269,560.1,0.089455,914.06,0.089508,830.47,0.089517,849.58,0.089521,910.11,0.089561,287.55,0.089583,1051.58,,,,,,,,,,,,,,,,,,,,,,,,,,,,,,,,,,,,,,,,,0.00005,
8,7,22,0.090467,0.09062,0.1691,1774137174236,0.08738,47.46,0.087189,250.16,0.087181,509.54,0.08718,18.56,0.087,350.47,0.08677,207.82,0.08662,233.8,0.086589,96.78,0.086588,579.71,0.086587,3464.72,0.089,1291.73,0.089006,207.82,0.08916,137.29,0.089269,560.1,0.089455,914.06,0.089508,830.47,0.089517,849.58,0.089521,910.11,0.089561,287.55,0.089583,1051.58,,,,,,,,,,,,,,,,,,,,,,,,,,,,,,,,,,,,,,,,,0.00005,
8,7,22,0.090548,0.09064,0.1016,1774137174537,0.087405,1047.34,0.087381,500,0.08738,47.46,0.087189,250.16,0.087181,509.54,0.08718,18.56,0.087,350.47,0.086771,4659.49,0.08677,207.82,0.08662,233.8,0.088999,2048.6,0.089006,207.82,0.08916,137.29,0.089269,560.1,0.089508,830.47,0.089517,849.58,0.089561,287.55,0.089636,408.57,0.089809,21.81,0.089883,155,,,,,,,,,,,,,,,,,,,,,,,,,,,,,,,,,,,,,,,,,0.00005,
8,7,22,0.090548,0.09066,0.1237,1774137174837,0.087405,1047.34,0.087381,500,0.08738,47.46,0.087189,250.16,0.087181,509.54,0.08718,18.56,0.087,350.47,0.086771,4659.49,0.08677,207.82,0.08662,233.8,0.088999,2048.6,0.089006,207.82,0.08916,137.29,0.089269,560.1,0.089508,830.47,0.089517,849.58,0.089561,287.55,0.089636,408.57,0.089809,21.81,0.089883,155,,,,,,,,,,,,,,,,,,,,,,,,,,,,,,,,,,,,,,,,,0.00005,
8,7,22,0.090548,0.09066,0.1237,1774137175138,0.087406,1163.8,0.087405,500,0.087381,500,0.08738,47.46,0.087181,509.54,0.08718,18.56,0.087,350.47,0.086771,4659.49,0.08677,207.82,0.08662,233.8,0.088999,2048.6,0.089006,207.82,0.08916,137.29,0.089269,560.1,0.089342,914.14,0.089508,830.47,0.089517,849.58,0.089561,287.55,0.089636,408.57,0.089809,21.81,,,,,,,,,,,,,,,,,,,,,,,,,,,,,,,,,,,,,,,,,0.00005,
8,7,22,0.090548,0.09073,0.201,1774137175438,0.087406,1663.8,0.087381,500,0.08738,47.46,0.087181,509.54,0.08718,18.56,0.087,350.47,0.086771,4659.49,0.08677,207.82,0.08662,233.8,0.086589,96.78,0.088998,2659.48,0.088999,2048.6,0.089006,207.82,0.08916,137.29,0.089342,914.14,0.089508,830.47,0.089517,849.58,0.089561,287.55,0.089636,408.57,0.089809,21.81,,,,,,,,,,,,,,,,,,,,,,,,,,,,,,,,,,,,,,,,,0.00005,
8,7,22,0.090548,0.09074,0.212,1774137175739,0.087406,1663.8,0.087381,500,0.08738,47.46,0.087181,509.54,0.08718,18.56,0.087,350.47,0.086771,4659.49,0.08677,207.82,0.08662,233.8,0.086589,96.78,0.088998,2659.48,0.088999,2048.6,0.089006,207.82,0.08916,137.29,0.089342,914.14,0.089508,830.47,0.089517,849.58,0.089561,287.55,0.089636,408.57,0.089809,21.81,,,,,,,,,,,,,,,,,,,,,,,,,,,,,,,,,,,,,,,,,0.00005,
8,7,22,0.090548,0.09078,0.2562,1774137176040,0.087406,1663.8,0.087381,500,0.08738,47.46,0.087181,509.54,0.08718,18.56,0.087,350.47,0.08677,207.82,0.08662,233.8,0.086589,96.78,0.086588,579.71,0.088999,2048.6,0.089006,207.82,0.08916,137.29,0.089342,914.14,0.089508,830.47,0.089517,849.58,0.08956,695.33,0.089561,287.55,0.089809,21.81,0.089883,155,,,,,,,,,,,,,,,,,,,,,,,,,,,,,,,,,,,,,,,,,0.00005,
8,7,22,0.090548,0.09078,0.2562,1774137176340,0.087407,500,0.087406,1663.8,0.087381,500,0.08738,47.46,0.087181,509.54,0.08718,18.56,0.087001,6146.31,0.087,350.47,0.08677,207.82,0.08662,233.8,0.08916,137.29,0.089342,914.14,0.089508,830.47,0.089517,849.58,0.08956,695.33,0.089561,287.55,0.089809,21.81,0.089883,155,0.090056,31.45,0.090124,207.82,,,,,,,,,,,,,,,,,,,,,,,,,,,,,,,,,,,,,,,,,0.00005,
8,7,22,0.090548,0.09077,0.2452,1774137176641,0.087408,1994.27,0.087407,500,0.087406,500,0.087381,500,0.08738,47.46,0.087181,509.54,0.08718,18.56,0.087,350.47,0.08677,207.82,0.08662,233.8,0.08916,137.29,0.089342,914.14,0.089508,830.47,0.089517,849.58,0.08956,695.33,0.089561,287.55,0.089809,21.81,0.089883,155,0.090056,31.45,0.090124,207.82,,,,,,,,,,,,,,,,,,,,,,,,,,,,,,,,,,,,,,,,,0.00005,
8,7,22,0.090548,0.09076,0.2341,1774137176942,0.087408,1994.27,0.087407,500,0.087406,500,0.087381,500,0.08738,47.46,0.087181,509.54,0.08718,18.56,0.087,350.47,0.08677,207.82,0.08662,233.8,0.08916,137.29,0.089342,914.14,0.089508,830.47,0.089517,849.58,0.08956,695.33,0.089561,287.55,0.089809,21.81,0.089883,155,0.090056,31.45,0.090124,207.82,,,,,,,,,,,,,,,,,,,,,,,,,,,,,,,,,,,,,,,,,0.00005,
8,7,22,0.090548,0.09076,0.2341,1774137177243,0.087888,207.82,0.087409,1163.8,0.087408,830.47,0.087407,500,0.087406,500,0.087381,500,0.08738,47.46,0.087181,509.54,0.08718,18.56,0.087,350.47,0.08916,137.29,0.089449,365.57,0.08956,695.33,0.089809,21.81,0.089883,155,0.090056,31.45,0.090124,207.82,0.09014,28.24,0.090143,1123.51,0.090629,1884.07,,,,,,,,,,,,,,,,,,,,,,,,,,,,,,,,,,,,,,,,,0.00005,
8,7,22,0.090548,0.09076,0.2341,1774137177543,0.087888,207.82,0.087409,1163.8,0.087408,830.47,0.087407,500,0.087406,500,0.087381,500,0.08738,47.46,0.087181,509.54,0.08718,18.56,0.087,350.47,0.08916,137.29,0.089449,365.57,0.08956,695.33,0.089809,21.81,0.089883,155,0.090056,31.45,0.090124,207.82,0.09014,28.24,0.090143,1123.51,0.090629,1884.07,,,,,,,,,,,,,,,,,,,,,,,,,,,,,,,,,,,,,,,,,0.00005,
8,7,22,0.090616,0.09076,0.1589,1774137177844,0.087888,207.82,0.08741,5992.25,0.087408,830.47,0.087407,500,0.087406,500,0.087381,500,0.08738,47.46,0.087181,509.54,0.08718,18.56,0.087,350.47,0.08916,137.29,0.089341,695.33,0.089583,827.31,0.089648,287.55,0.089809,21.81,0.089883,155,0.090056,31.45,0.090124,207.82,0.090143,1123.51,0.090629,1884.07,,,,,,,,,,,,,,,,,,,,,,,,,,,,,,,,,,,,,,,,,0.00005,
8,7,22,0.090615,0.09077,0.1711,1774137178145,0.087888,207.82,0.08741,5992.25,0.087408,830.47,0.087407,500,0.087406,500,0.087381,500,0.08738,47.46,0.087181,509.54,0.08718,18.56,0.087,350.47,0.08916,137.29,0.089582,2659.48,0.089648,287.55,0.089809,21.81,0.089883,155,0.090056,31.45,0.090124,207.82,0.090629,1884.07,0.09063,212.24,0.090827,47.46,,,,,,,,,,,,,,,,,,,,,,,,,,,,,,,,,,,,,,,,,0.00005,
8,7,22,0.090615,0.09077,0.1711,1774137178445,0.087888,207.82,0.08741,5992.25,0.087408,830.47,0.087407,500,0.087406,500,0.087381,500,0.08738,47.46,0.087181,509.54,0.08718,18.56,0.087,350.47,0.08916,137.29,0.089559,695.33,0.089648,287.55,0.089809,21.81,0.089883,155,0.090016,1196.31,0.090056,31.45,0.090124,207.82,0.090629,1884.07,0.09063,212.24,,,,,,,,,,,,,,,,,,,,,,,,,,,,,,,,,,,,,,,,,0.00005,
8,7,22,0.090615,0.09077,0.1711,1774137178746,0.087889,1135.56,0.087888,207.82,0.08741,5992.25,0.087408,830.47,0.087407,500,0.087406,500,0.087381,500,0.08738,47.46,0.087181,509.54,0.08718,18.56,0.08916,637.29,0.089559,695.33,0.089648,287.55,0.089809,21.81,0.089883,155,0.089885,825.09,0.090016,1196.31,0.090056,31.45,0.090124,207.82,0.090629,1884.07,,,,,,,,,,,,,,,,,,,,,,,,,,,,,,,,,,,,,,,,,0.00005,
8,7,22,0.090615,0.09077,0.1711,1774137179046,0.087889,1135.56,0.087888,207.82,0.08741,5992.25,0.087408,830.47,0.087407,500,0.087381,500,0.08738,47.46,0.087181,509.54,0.08718,18.56,0.087,350.47,0.08916,637.29,0.089559,695.33,0.089809,21.81,0.089883,155,0.090049,287.55,0.090056,31.45,0.090124,207.82,0.090629,1884.07,0.09063,212.24,0.090827,47.46,,,,,,,,,,,,,,,,,,,,,,,,,,,,,,,,,,,,,,,,,0.00005,
8,7,22,0.090615,0.09077,0.1711,1774137179347,0.087889,1135.56,0.087888,207.82,0.08741,5992.25,0.087408,830.47,0.087407,500,0.087381,500,0.08738,47.46,0.087181,509.54,0.08718,18.56,0.087,350.47,0.08916,637.29,0.089559,695.33,0.089809,21.81,0.089883,155,0.090049,287.55,0.090056,31.45,0.090124,207.82,0.090629,1884.07,0.09063,212.24,0.090827,47.46,,,,,,,,,,,,,,,,,,,,,,,,,,,,,,,,,,,,,,,,,0.00005,
8,7,22,0.090615,0.09077,0.1711,1774137179648,0.087889,1635.56,0.087888,207.82,0.08741,5992.25,0.087408,830.47,0.087381,500,0.08738,47.46,0.087182,500,0.087181,509.54,0.08718,18.56,0.087,350.47,0.08916,637.29,0.089808,695.33,0.089809,21.81,0.089865,829,0.089883,155,0.090015,500,0.090049,287.55,0.090056,31.45,0.090124,207.82,0.090629,1884.07,,,,,,,,,,,,,,,,,,,,,,,,,,,,,,,,,,,,,,,,,0.00005,
8,7,22,0.090615,0.09077,0.1711,1774137179949,0.08789,1330.47,0.087889,1635.56,0.087888,207.82,0.08741,5992.25,0.087408,830.47,0.087381,500,0.08738,47.46,0.087182,500,0.087181,509.54,0.08718,18.56,0.08916,137.29,0.0898,910.11,0.089808,3354.81,0.089809,21.81,0.089865,829,0.089883,155,0.090015,500,0.090049,287.55,0.090056,31.45,0.090124,207.82,,,,,,,,,,,,,,,,,,,,,,,,,,,,,,,,,,,,,,,,,0.00005,
8,7,22,0.090614,0.09077,0.1722,1774137180250,0.087891,1635.56,0.08789,500,0.087889,500,0.087888,207.82,0.08741,5992.25,0.087381,500,0.08738,47.46,0.087182,500,0.087181,509.54,0.08718,18.56,0.089799,755.29,0.0898,910.11,0.089808,695.33,0.089809,21.81,0.089865,829,0.089883,155,0.090015,500,0.090049,287.55,0.090056,31.45,0.090124,207.82,,,,,,,,,,,,,,,,,,,,,,,,,,,,,,,,,,,,,,,,,0.00005,
8,7,22,0.090614,0.09077,0.1722,1774137180550,0.087892,1135.56,0.087891,500,0.08789,684,0.087889,500,0.087888,207.82,0.087381,500,0.08738,47.46,0.087182,500,0.087181,509.54,0.08718,18.56,0.089798,3159.48,0.089799,1812.09,0.0898,910.11,0.089809,21.81,0.089865,829,0.089883,155,0.090049,287.55,0.090056,31.45,0.090124,207.82,0.090438,1113.59,,,,,,,,,,,,,,,,,,,,,,,,,,,,,,,,,,,,,,,,,0.00005,
8,7,22,0.090614,0.09077,0.1722,1774137180851,0.087892,1135.56,0.087891,500,0.08789,684,0.087889,500,0.087888,207.82,0.087381,500,0.08738,47.46,0.087182,500,0.087181,509.54,0.08718,18.56,0.089798,3159.48,0.089799,1812.09,0.0898,910.11,0.089809,21.81,0.089865,829,0.089883,155,0.090049,287.55,0.090056,31.45,0.090124,207.82,0.090438,1113.59,,,,,,,,,,,,,,,,,,,,,,,,,,,,,,,,,,,,,,,,,0.00005,
8,7,22,0.090614,0.09077,0.1722,1774137181151,0.087892,1635.56,0.087891,500,0.08789,684,0.087889,500,0.087888,207.82,0.087383,272.45,0.087382,6504.09,0.087381,500,0.08738,47.46,0.087182,500,0.089792,668.21,0.089797,4653.15,0.089798,500,0.089799,1255.29,0.0898,910.11,0.089809,21.81,0.089865,829,0.089883,155,0.090049,287.55,0.090056,31.45,,,,,,,,,,,,,,,,,,,,,,,,,,,,,,,,,,,,,,,,,0.00005,
8,7,22,0.090709,0.09077,0.0672,1774137181452,0.087892,1635.56,0.087891,500,0.08789,684,0.087889,500,0.087888,207.82,0.087383,558.04,0.087382,6504.09,0.087381,500,0.08738,47.46,0.087182,500,0.089791,2296.21,0.089792,1768.21,0.089797,1298.34,0.089798,500,0.089799,1255.29,0.0898,910.11,0.089809,21.81,0.089865,829,0.089883,155,0.090049,287.55,,,,,,,,,,,,,,,,,,,,,,,,,,,,,,,,,,,,,,,,,0.00005,
8,7,22,0.090708,0.09077,0.0684,1774137181753,0.087892,1635.56,0.087891,500,0.08789,684,0.087889,500,0.087888,207.82,0.087383,558.04,0.087382,6504.09,0.087381,500,0.08738,47.46,0.087182,500,0.089791,2296.21,0.089792,1768.21,0.089797,1298.34,0.089798,500,0.089799,1255.29,0.0898,910.11,0.089809,21.81,0.089865,829,0.089883,155,0.090049,287.55,,,,,,,,,,,,,,,,,,,,,,,,,,,,,,,,,,,,,,,,,0.00005,
8,7,22,0.090707,0.09077,0.0695,1774137182054,0.087892,1635.56,0.087891,500,0.08789,684,0.087889,500,0.087888,207.82,0.087383,285.59,0.087382,272.41,0.087381,500,0.08738,47.46,0.087182,500,0.089789,723.57,0.08979,2659.48,0.089791,1136.52,0.089792,668.21,0.089797,1298.34,0.089798,500,0.089799,500,0.0898,910.11,0.089809,21.81,0.089865,829,,,,,,,,,,,,,,,,,,,,,,,,,,,,,,,,,,,,,,,,,0.00005,
8,7,22,0.090707,0.09077,0.0695,1774137182354,0.087892,1635.56,0.087891,500,0.08789,500,0.087889,500,0.087888,207.82,0.087383,285.59,0.087382,272.41,0.087381,500,0.08738,47.46,0.087182,500,0.089788,2659.48,0.089789,528.24,0.089791,1136.52,0.089792,668.21,0.089797,1298.34,0.089798,500,0.089799,500,0.0898,910.11,0.089809,21.81,0.089865,829,,,,,,,,,,,,,,,,,,,,,,,,,,,,,,,,,,,,,,,,,0.00005,
8,7,22,0.090707,0.09077,0.0695,1774137182654,0.087892,1635.56,0.087891,500,0.08789,500,0.087889,500,0.087888,207.82,0.087383,285.59,0.087381,500,0.08738,47.46,0.087183,6592.26,0.087182,500,0.089787,28.24,0.089788,2659.48,0.089789,500,0.089791,755.29,0.089792,668.21,0.089797,1298.34,0.089798,500,0.089799,500,0.0898,910.11,0.089809,21.81,,,,,,,,,,,,,,,,,,,,,,,,,,,,,,,,,,,,,,,,,0.00005,
8,7,22,0.090707,0.09077,0.0695,1774137182955,0.087892,1635.56,0.087891,500,0.08789,500,0.087889,500,0.087888,207.82,0.087383,285.59,0.087382,272.36,0.087381,500,0.08738,47.46,0.087183,6592.26,0.089787,1223.57,0.089788,3040.71,0.089791,755.29,0.089798,500,0.089799,500,0.0898,910.11,0.089809,21.81,0.08983,367,0.089865,829,0.089883,155,,,,,,,,,,,,,,,,,,,,,,,,,,,,,,,,,,,,,,,,,0.00005,
8,7,22,0.090707,0.09077,0.0695,1774137183255,0.087892,1635.56,0.087891,500,0.08789,500,0.087889,500,0.087888,207.82,0.087383,285.59,0.087382,272.36,0.087381,500,0.08738,47.46,0.087342,4963.57,0.089786,3354.81,0.089787,528.24,0.089788,381.23,0.089791,755.29,0.089798,500,0.089799,500,0.089809,21.81,0.089883,155,0.090056,31.45,0.090124,207.82,,,,,,,,,,,,,,,,,,,,,,,,,,,,,,,,,,,,,,,,,0.00005,
8,7,22,0.090707,0.09077,0.0695,1774137183556,0.087894,1635.56,0.087893,1330.47,0.087892,500,0.087891,500,0.08789,500,0.087889,500,0.087888,207.82,0.087384,5386.39,0.087383,285.59,0.087382,272.32,0.089783,1223.57,0.089784,500,0.089785,755.29,0.089787,500,0.089809,21.81,0.089883,155,0.090032,496.98,0.090056,31.45,0.090124,207.82,0.090257,823.22,,,,,,,,,,,,,,,,,,,,,,,,,,,,,,,,,,,,,,,,,0.00005,
8,7,22,0.090707,0.09077,0.0695,1774137183856,0.087895,1635.56,0.087894,500,0.087893,1330.47,0.087892,500,0.087891,500,0.08789,500,0.087889,500,0.087888,207.82,0.087384,5386.39,0.087383,285.59,0.089782,881.23,0.089783,1223.57,0.089784,500,0.089785,755.29,0.089809,21.81,0.089883,155,0.089936,3374.53,0.089956,3151.67,0.090031,6034.01,0.090032,496.98,,,,,,,,,,,,,,,,,,,,,,,,,,,,,,,,,,,,,,,,,0.00005,
8,7,22,0.090778,0.09077,-0.0088,1774137184157,0.087895,1635.56,0.087894,500,0.087893,1330.47,0.087892,500,0.087891,500,0.08789,500,0.087889,500,0.087888,207.82,0.087383,285.59,0.087382,272.32,0.089782,881.23,0.089783,1195.33,0.089784,500,0.089785,755.29,0.089809,21.81,0.089883,155,0.089956,3151.67,0.090031,6034.01,0.090032,496.98,0.090056,31.45,,,,,,,,,,,,,,,,,,,,,,,,,,,,,,,,,,,,,,,,,0.00005,
8,7,22,0.090827,0.09077,-0.0628,1774137184458,0.087895,1635.56,0.087894,500,0.087893,1330.47,0.087892,500,0.087891,500,0.08789,500,0.087889,500,0.087888,207.82,0.087383,285.59,0.087382,272.32,0.089782,881.23,0.089783,1195.33,0.089784,500,0.089785,755.29,0.089809,21.81,0.089883,155,0.090031,2659.48,0.090032,496.98,0.090056,31.45,0.090099,3151.67,,,,,,,,,,,,,,,,,,,,,,,,,,,,,,,,,,,,,,,,,0.00005,
8,7,22,0.090827,0.09077,-0.0628,1774137184759,0.087896,5998.96,0.087895,1635.56,0.087894,500,0.087893,830.47,0.087889,500,0.087888,207.82,0.087383,285.59,0.087382,272.32,0.087381,500,0.08738,47.46,0.089742,218.06,0.089781,28.24,0.089782,881.23,0.089783,500,0.089784,500,0.089785,755.29,0.089809,21.81,0.090031,2659.48,0.090032,496.98,0.090056,31.45,,,,,,,,,,,,,,,,,,,,,,,,,,,,,,,,,,,,,,,,,0.00005,
8,7,22,0.090827,0.09077,-0.0628,1774137185060,0.087897,1135.56,0.087896,844,0.087895,500,0.087894,500,0.087893,830.47,0.087889,500,0.087888,207.82,0.087383,285.59,0.087382,271.57,0.087381,500,0.089742,218.06,0.089781,28.24,0.089782,881.23,0.089783,500,0.089784,500,0.089785,755.29,0.089809,21.81,0.09003,695.33,0.090031,2659.48,0.090032,496.98,,,,,,,,,,,,,,,,,,,,,,,,,,,,,,,,,,,,,,,,,0.00005,
8,7,22,0.090827,0.09077,-0.0628,1774137185360,0.087898,6808.58,0.087897,1635.56,0.087896,844,0.087895,500,0.087894,500,0.087893,830.47,0.087889,500,0.087888,207.82,0.087383,285.59,0.087382,271.57,0.089741,1255.29,0.089742,218.06,0.089782,500,0.089783,500,0.089784,500,0.089785,755.29,0.089809,21.81,0.09003,695.33,0.090032,496.98,0.090056,31.45,,,,,,,,,,,,,,,,,,,,,,,,,,,,,,,,,,,,,,,,,0.00005,
8,7,22,0.091058,0.09077,-0.3163,1774137185661,0.087899,1966.03,0.087898,6808.58,0.087897,500,0.087896,844,0.087895,500,0.087894,500,0.087893,830.47,0.087889,500,0.087888,207.82,0.087384,95.9,0.089741,1255.29,0.089742,218.06,0.089781,381.23,0.089782,500,0.089783,500,0.089784,500,0.089809,21.81,0.09003,695.33,0.090032,496.98,0.090056,31.45,,,,,,,,,,,,,,,,,,,,,,,,,,,,,,,,,,,,,,,,,0.00005,
8,7,22,0.091058,0.09077,-0.3163,1774137185962,0.087899,830.47,0.087897,500,0.087896,844,0.087895,500,0.087894,500,0.087889,500,0.087888,207.82,0.087384,95.9,0.087383,285.59,0.087382,271.57,0.08974,1057.17,0.089741,1255.29,0.089742,218.06,0.089781,381.23,0.089782,500,0.089783,500,0.089809,21.81,0.09003,695.33,0.090056,31.45,0.090099,3151.67,,,,,,,,,,,,,,,,,,,,,,,,,,,,,,,,,,,,,,,,,0.00005,
8,7,22,0.091058,0.09078,-0.3053,1774137186263,0.087899,830.47,0.087897,500,0.087896,844,0.087895,500,0.087894,500,0.087889,500,0.087888,207.82,0.087384,95.9,0.087383,285.59,0.087382,271.57,0.08974,1057.17,0.089741,1255.29,0.089742,218.06,0.089781,381.23,0.089782,500,0.089783,500,0.089809,21.81,0.09003,695.33,0.090056,31.45,0.090099,3151.67,,,,,,,,,,,,,,,,,,,,,,,,,,,,,,,,,,,,,,,,,0.00005,
8,7,22,0.091058,0.09081,-0.2724,1774137186563,0.087901,1135.56,0.0879,6173.26,0.087899,830.47,0.087897,500,0.087896,844,0.087895,500,0.087889,500,0.087888,207.82,0.087384,95.9,0.087383,285.59,0.089739,528.24,0.08974,500,0.089741,1255.29,0.089742,218.06,0.089781,381.23,0.089782,500,0.089809,21.81,0.09003,695.33,0.090056,31.45,0.090121,2659.48,,,,,,,,,,,,,,,,,,,,,,,,,,,,,,,,,,,,,,,,,0.00005,
8,7,22,0.091058,0.09084,-0.2394,1774137186864,0.087903,6940.1,0.087902,500,0.0879,500,0.087899,830.47,0.087897,500,0.087889,500,0.087888,207.82,0.087384,95.9,0.087383,285.59,0.087382,271.57,0.089809,21.81,0.09003,695.33,0.090056,31.45,0.090124,207.82,0.090352,3374.53,0.090385,3151.67,0.090459,3374.53,0.090528,3151.67,0.090566,3374.53,0.09063,212.24,,,,,,,,,,,,,,,,,,,,,,,,,,,,,,,,,,,,,,,,,0.00005,
8,7,22,0.091058,0.0909,-0.1735,1774137187165,0.087904,2343.68,0.087903,500,0.087902,500,0.0879,500,0.087899,830.47,0.087897,500,0.087889,500,0.087888,207.82,0.087384,95.9,0.087383,285.59,0.089809,21.81,0.09003,695.33,0.090056,31.45,0.090124,207.82,0.090352,3374.53,0.090385,3151.67,0.090459,3374.53,0.090528,3151.67,0.090566,3374.53,0.09063,212.24,,,,,,,,,,,,,,,,,,,,,,,,,,,,,,,,,,,,,,,,,0.00005,
8,7,22,0.091058,0.09092,-0.1516,1774137187466,0.087904,2343.68,0.087903,500,0.087902,500,0.0879,500,0.087899,830.47,0.087897,500,0.087889,500,0.087888,207.82,0.087384,95.9,0.087383,285.59,0.089809,21.81,0.09003,695.33,0.090056,31.45,0.090124,207.82,0.090352,3374.53,0.090385,3151.67,0.090459,3374.53,0.090528,3151.67,0.090566,3374.53,0.09063,212.24,,,,,,,,,,,,,,,,,,,,,,,,,,,,,,,,,,,,,,,,,0.00005,
8,7,22,0.091123,0.09093,-0.2118,1774137187766,0.088153,21.81,0.087906,6368.16,0.087905,1479.42,0.087904,1708.12,0.087889,500,0.087888,207.82,0.087384,95.9,0.087383,285.59,0.087381,500,0.08738,47.46,0.09003,1195.33,0.090056,31.45,0.090124,207.82,0.090351,2659.48,0.090352,3374.53,0.090385,3151.67,0.090459,3374.53,0.090528,3151.67,0.090566,3374.53,0.09063,212.24,,,,,,,,,,,,,,,,,,,,,,,,,,,,,,,,,,,,,,,,,0.00005,
8,7,22,0.091123,0.09098,-0.1569,1774137188067,0.088155,1479.56,0.088154,500,0.088153,21.81,0.087905,343.86,0.087904,1208.12,0.087889,500,0.087888,207.82,0.087384,95.9,0.087383,285.59,0.087381,500,0.09003,500,0.090056,31.45,0.090124,207.82,0.09035,695.33,0.090351,2659.48,0.090384,3374.53,0.090385,3151.67,0.090459,3374.53,0.090528,3151.67,0.090566,3374.53,,,,,,,,,,,,,,,,,,,,,,,,,,,,,,,,,,,,,,,,,0.00005,
8,7,22,0.091123,0.09101,-0.124,1774137188367,0.088156,6885.77,0.088155,344,0.088154,500,0.088153,21.81,0.087904,1208.12,0.087889,500,0.087888,207.82,0.087384,95.9,0.087383,285.59,0.087381,500,0.090029,28.24,0.090056,31.45,0.090124,207.82,0.090268,3151.67,0.090302,3374.53,0.09035,695.33,0.090351,2659.48,0.090384,3374.53,0.090385,3151.67,0.090459,3374.53,,,,,,,,,,,,,,,,,,,,,,,,,,,,,,,,,,,,,,,,,0.00005,
8,7,22,0.091123,0.09102,-0.113,1774137188668,0.088157,6535.55,0.088156,343.86,0.088155,344,0.088154,500,0.088153,21.81,0.087904,1208.12,0.087889,500,0.087888,207.82,0.087384,95.9,0.087383,285.59,0.090029,528.24,0.090056,31.45,0.090124,207.82,0.090267,2659.48,0.090268,3151.67,0.090301,76.56,0.090302,3374.53,0.09035,695.33,0.090384,3374.53,0.090385,3151.67,,,,,,,,,,,,,,,,,,,,,,,,,,,,,,,,,,,,,,,,,0.00005,
8,7,22,0.091123,0.09105,-0.0801,1774137188969,0.088158,1635.56,0.088156,343.86,0.088155,344,0.088154,500,0.088153,21.81,0.087904,1208.12,0.087889,500,0.087888,207.82,0.087384,95.9,0.087383,285.59,0.090029,528.24,0.090056,31.45,0.090124,207.82,0.090267,2659.48,0.090268,3151.67,0.090301,76.56,0.090302,3374.53,0.09035,695.33,0.090384,3374.53,0.090385,3151.67,,,,,,,,,,,,,,,,,,,,,,,,,,,,,,,,,,,,,,,,,0.00005,
8,7,22,0.091123,0.09107,-0.0582,1774137189269,0.088159,7258.45,0.088156,343.86,0.088155,344,0.088154,500,0.088153,21.81,0.087904,1208.12,0.087889,500,0.087888,207.82,0.087384,95.9,0.087383,285.59,0.090029,528.24,0.090056,31.45,0.090124,207.82,0.090267,2659.48,0.090268,3151.67,0.090301,76.56,0.090302,3374.53,0.09035,695.33,0.090384,3374.53,0.090385,3151.67,,,,,,,,,,,,,,,,,,,,,,,,,,,,,,,,,,,,,,,,,0.00005,
8,7,22,0.091123,0.09109,-0.0362,1774137189570,0.088161,7160.23,0.08816,343.86,0.088154,500,0.088153,21.81,0.087904,1208.12,0.087889,500,0.087888,207.82,0.087384,95.9,0.087383,285.59,0.087381,500,0.090028,688.82,0.090029,28.24,0.090056,31.45,0.090124,207.82,0.090267,2659.48,0.090268,3151.67,0.090301,76.56,0.090302,3374.53,0.09035,695.33,0.090384,3374.53,,,,,,,,,,,,,,,,,,,,,,,,,,,,,,,,,,,,,,,,,0.00005,
8,7,22,0.091123,0.09111,-0.0143,1774137189871,0.088162,1396.94,0.088161,500,0.08816,343.86,0.088154,500,0.088153,21.81,0.087889,500,0.087888,207.82,0.087384,95.9,0.087383,285.59,0.087381,500,0.090028,688.82,0.090029,28.24,0.090056,31.45,0.090124,207.82,0.090267,2659.48,0.090268,3151.67,0.090301,76.56,0.090302,3374.53,0.09035,695.33,0.090384,3374.53,,,,,,,,,,,,,,,,,,,,,,,,,,,,,,,,,,,,,,,,,0.00005,
8,7,22,0.091123,0.09113,0.0077,1774137190171,0.088163,6077.37,0.088162,2532.5,0.088161,500,0.088154,500,0.088153,21.81,0.087889,500,0.087888,207.82,0.087384,95.9,0.087383,285.59,0.087381,500,0.090027,528.24,0.090028,688.82,0.090056,31.45,0.090124,207.82,0.090267,2659.48,0.090268,3151.67,0.090302,3374.53,0.09035,695.33,0.090384,3374.53,0.090385,3151.67,,,,,,,,,,,,,,,,,,,,,,,,,,,,,,,,,,,,,,,,,0.00005,
8,7,22,0.091123,0.09115,0.0296,1774137190472,0.088164,1135.56,0.088163,843.86,0.088162,1396.94,0.088161,500,0.088154,500,0.088153,21.81,0.087889,500,0.087888,207.82,0.087384,95.9,0.087383,285.59,0.090027,500,0.090028,688.82,0.090056,31.45,0.090124,207.82,0.090267,2659.48,0.09035,695.33,0.090384,3374.53,0.090385,3151.67,0.090459,3374.53,0.090528,3151.67,,,,,,,,,,,,,,,,,,,,,,,,,,,,,,,,,,,,,,,,,0.00005,
8,7,22,0.091123,0.09119,0.0735,1774137190773,0.088164,7595.15,0.088163,843.86,0.088162,1396.94,0.088161,500,0.088154,500,0.088153,21.81,0.087889,500,0.087888,207.82,0.087384,95.9,0.087383,285.59,0.090027,500,0.090028,688.82,0.090056,31.45,0.090124,207.82,0.090349,2659.48,0.09035,695.33,0.090384,3374.53,0.090385,3151.67,0.090459,3374.53,0.090511,552.42,,,,,,,,,,,,,,,,,,,,,,,,,,,,,,,,,,,,,,,,,0.00005,
8,7,22,0.091177,0.09121,0.0362,1774137191074,0.088165,7759.65,0.088164,1135.56,0.088163,843.86,0.088162,1396.94,0.088154,500,0.088153,21.81,0.087889,500,0.087888,207.82,0.087384,95.9,0.087383,285.59,0.090028,688.82,0.090056,31.45,0.090124,207.82,0.09035,695.33,0.090459,3374.53,0.090515,552.39,0.090528,3151.67,0.090566,3374.53,0.09063,212.24,0.090671,3151.67,,,,,,,,,,,,,,,,,,,,,,,,,,,,,,,,,,,,,,,,,0.00005,
8,7,22,0.091177,0.09123,0.0581,1774137191374,0.088166,7801.08,0.088165,2240.94,0.088163,500,0.088154,500,0.088153,21.81,0.087889,500,0.087888,207.82,0.087384,95.9,0.087383,285.59,0.087381,500,0.09035,598.6,0.090514,2659.48,0.090528,3151.67,0.090566,3374.53,0.09063,212.24,0.090671,3151.67,0.090673,3374.53,0.09078,3374.53,0.090814,3151.67,0.090827,47.46,,,,,,,,,,,,,,,,,,,,,,,,,,,,,,,,,,,,,,,,,0.00005,
8,7,22,0.091177,0.09123,0.0581,1774137191674,0.088166,7801.08,0.088165,2240.94,0.088163,500,0.088154,500,0.088153,21.81,0.087889,500,0.087888,207.82,0.087384,95.9,0.087383,285.59,0.087381,500,0.09035,598.6,0.090514,2659.48,0.090528,3151.67,0.090566,3374.53,0.09063,212.24,0.090671,3151.67,0.090673,3374.53,0.09078,3374.53,0.090814,3151.67,0.090827,47.46,,,,,,,,,,,,,,,,,,,,,,,,,,,,,,,,,,,,,,,,,0.00005,
8,7,22,0.091177,0.09127,0.102,1774137191975,0.089006,707.82,0.088166,343.86,0.088165,1740.94,0.088154,500,0.088153,21.81,0.087889,500,0.087888,207.82,0.087778,31.45,0.08769,282.01,0.087384,95.9,0.090349,28.24,0.090629,598.6,0.09063,212.24,0.090671,3151.67,0.090673,3374.53,0.09078,3374.53,0.090814,3151.67,0.090827,47.46,0.090866,3374.53,0.090867,485.41,,,,,,,,,,,,,,,,,,,,,,,,,,,,,,,,,,,,,,,,,0.00005,
8,7,22,0.091177,0.09129,0.1239,1774137192276,0.089007,1635.56,0.089006,207.82,0.088166,343.86,0.088165,1740.94,0.088154,500,0.088153,21.81,0.087889,500,0.087888,207.82,0.087778,31.45,0.08769,282.01,0.090628,28.24,0.09063,212.24,0.090671,3151.67,0.090673,3374.53,0.09078,3374.53,0.090814,3151.67,0.090827,47.46,0.090866,3374.53,0.090867,485.41,0.09088,725.28,,,,,,,,,,,,,,,,,,,,,,,,,,,,,,,,,,,,,,,,,0.00005,
8,7,22,0.09124,0.09131,0.0767,1774137192577,0.089008,343.86,0.089007,500,0.089006,207.82,0.088165,1396.94,0.088154,500,0.088153,21.81,0.088021,229.59,0.087889,500,0.087888,207.82,0.087778,31.45,0.090628,28.24,0.09063,212.24,0.090671,3151.67,0.090673,3374.53,0.09078,3374.53,0.090814,3151.67,0.090827,47.46,0.090866,3374.53,0.090867,485.41,0.090879,598.6,,,,,,,,,,,,,,,,,,,,,,,,,,,,,,,,,,,,,,,,,0.00005,
8,7,22,0.09124,0.09133,0.0986,1774137192877,0.089009,1635.56,0.089008,500,0.089007,843.86,0.089006,207.82,0.088166,5462.15,0.088165,1396.94,0.088154,500,0.088153,21.81,0.088021,229.59,0.087889,500,0.090536,128.16,0.090627,840.09,0.090628,28.24,0.09063,212.24,0.09067,2659.48,0.090671,3151.67,0.090673,3374.53,0.09078,3374.53,0.090814,3151.67,0.090827,47.46,,,,,,,,,,,,,,,,,,,,,,,,,,,,,,,,,,,,,,,,,0.00005,
8,7,22,0.09124,0.09135,0.1206,1774137193178,0.08901,1135.56,0.089009,500,0.089008,500,0.089007,843.86,0.089006,207.82,0.088348,568.38,0.088165,1396.94,0.088154,500,0.088153,21.81,0.088021,229.59,0.090536,128.16,0.090626,92.97,0.090627,840.09,0.090628,28.24,0.09063,212.24,0.09067,2659.48,0.090671,3151.67,0.090673,3374.53,0.09078,3374.53,0.090814,3151.67,,,,,,,,,,,,,,,,,,,,,,,,,,,,,,,,,,,,,,,,,0.00005,
8,7,22,0.09124,0.0914,0.1754,1774137193478,0.08901,1135.56,0.089009,500,0.089008,500,0.089007,843.86,0.089006,207.82,0.088348,568.38,0.088165,1396.94,0.088154,500,0.088153,21.81,0.088021,229.59,0.090399,356,0.090535,28.24,0.090536,128.16,0.090626,92.97,0.090627,840.09,0.09063,212.24,0.090634,551.67,0.09067,2659.48,0.090671,3151.67,0.090673,3374.53,,,,,,,,,,,,,,,,,,,,,,,,,,,,,,,,,,,,,,,,,0.00005,
8,7,22,0.091242,0.0914,0.1732,1774137193780,0.089011,5492.69,0.08901,1135.56,0.089009,500,0.089008,500,0.089007,500,0.089006,207.82,0.088348,568.38,0.088165,1396.94,0.088154,500,0.088153,21.81,0.090399,356,0.090535,28.24,0.090536,128.16,0.090625,551.72,0.090626,92.97,0.090627,840.09,0.09063,212.24,0.09067,2659.48,0.090671,3151.67,0.09078,3374.53,,,,,,,,,,,,,,,,,,,,,,,,,,,,,,,,,,,,,,,,,0.00005,
8,7,22,0.091242,0.09144,0.217,1774137194081,0.089013,6814.03,0.089012,1667.44,0.089011,1187.86,0.089009,500,0.089008,500,0.089007,500,0.089006,207.82,0.088348,568.38,0.088154,500,0.088153,21.81,0.090626,92.97,0.090627,840.09,0.09063,212.24,0.090813,2659.48,0.090814,3151.67,0.090827,47.46,0.090866,3374.53,0.090879,598.6,0.090925,287.55,0.090947,485.41,,,,,,,,,,,,,,,,,,,,,,,,,,,,,,,,,,,,,,,,,0.00005,
8,7,22,0.091242,0.09146,0.2389,1774137194381,0.089014,8317.18,0.089012,1667.44,0.089011,687.86,0.089009,500,0.089008,500,0.089007,500,0.089006,207.82,0.088348,568.38,0.088154,500,0.088153,21.81,0.090626,92.97,0.090627,840.09,0.09063,212.24,0.090803,1407.92,0.090813,2659.48,0.090814,3151.67,0.090827,47.46,0.090866,3374.53,0.090879,598.6,0.090925,287.55,,,,,,,,,,,,,,,,,,,,,,,,,,,,,,,,,,,,,,,,,0.00005,
8,7,22,0.091427,0.0915,0.0798,1774137194682,0.089016,6516.29,0.089015,500,0.089014,343.86,0.089012,1667.44,0.089011,344,0.089009,500,0.089007,500,0.089006,207.82,0.088348,568.38,0.088154,500,0.090626,92.97,0.090627,840.09,0.09063,212.24,0.090827,47.46,0.090879,598.6,0.090956,3374.53,0.090957,3151.67,0.091064,3374.53,0.0911,3151.67,0.091153,593.46,,,,,,,,,,,,,,,,,,,,,,,,,,,,,,,,,,,,,,,,,0.00005,
8,7,22,0.091427,0.09153,0.1127,1774137194983,0.089018,1163.8,0.089017,1999.4,0.089015,500,0.089014,343.86,0.089007,500,0.089006,207.82,0.088348,568.38,0.088154,500,0.088153,21.81,0.088021,229.59,0.090535,202.19,0.090626,92.97,0.090627,840.09,0.09063,212.24,0.090827,47.46,0.090879,598.6,0.090955,4463.41,0.090956,3374.53,0.090957,3151.67,0.091064,3374.53,,,,,,,,,,,,,,,,,,,,,,,,,,,,,,,,,,,,,,,,,0.00005,
8,7,22,0.091427,0.09155,0.1345,1774137195284,0.089018,2007.66,0.089017,1999.4,0.089015,500,0.089007,500,0.089006,207.82,0.088348,568.38,0.088154,500,0.088153,21.81,0.088021,229.59,0.087889,500,0.090535,202.19,0.090626,92.97,0.090627,840.09,0.09063,212.24,0.090827,47.46,0.090879,598.6,0.090955,4463.41,0.090956,3374.53,0.090957,3151.67,0.091064,3374.53,,,,,,,,,,,,,,,,,,,,,,,,,,,,,,,,,,,,,,,,,0.00005,
8,7,22,0.091427,0.09161,0.2002,1774137195585,0.089018,2007.66,0.089017,1999.4,0.089015,500,0.089007,500,0.089006,207.82,0.088348,568.38,0.088154,500,0.088153,21.81,0.088021,229.59,0.087889,500,0.090535,202.19,0.090626,92.97,0.090627,840.09,0.09063,212.24,0.090827,47.46,0.090879,598.6,0.090955,4463.41,0.090956,3374.53,0.090957,3151.67,0.091064,3374.53,,,,,,,,,,,,,,,,,,,,,,,,,,,,,,,,,,,,,,,,,0.00005,
8,7,22,0.091427,0.09164,0.233,1774137195886,0.089018,7715.31,0.089017,1999.4,0.089015,500,0.089007,500,0.089006,207.82,0.088154,500,0.088153,21.81,0.088021,229.59,0.087889,500,0.087888,207.82,0.090534,92.97,0.090535,202.19,0.090627,840.09,0.09063,212.24,0.090827,47.46,0.090879,598.6,0.090955,4463.41,0.090956,3374.53,0.090957,3151.67,0.091064,3374.53,,,,,,,,,,,,,,,,,,,,,,,,,,,,,,,,,,,,,,,,,0.00005,
8,7,22,0.091427,0.09167,0.2658,1774137196187,0.089019,344,0.089018,7715.31,0.089017,1999.4,0.089015,500,0.089007,500,0.089006,207.82,0.088154,500,0.088153,21.81,0.088021,229.59,0.087889,500,0.090533,1172.12,0.090534,92.97,0.090535,202.19,0.090627,840.09,0.09063,212.24,0.090827,47.46,0.090879,598.6,0.090955,4463.41,0.090956,3374.53,0.090957,3151.67,,,,,,,,,,,,,,,,,,,,,,,,,,,,,,,,,,,,,,,,,0.00005,
8,7,22,0.091427,0.09165,0.2439,1774137196487,0.08902,7361.7,0.089019,1187.86,0.089018,500,0.089017,1999.4,0.089007,500,0.089006,207.82,0.088154,500,0.088153,21.81,0.088021,229.59,0.087889,500,0.090533,1172.12,0.090534,92.97,0.090535,202.19,0.09063,212.24,0.090827,47.46,0.090879,5062.01,0.090956,3374.53,0.090957,3151.67,0.091064,3374.53,0.0911,3151.67,,,,,,,,,,,,,,,,,,,,,,,,,,,,,,,,,,,,,,,,,0.00005,
8,7,22,0.091427,0.09166,0.2548,1774137196788,0.089021,3663.2,0.08902,500,0.089019,1187.86,0.089018,500,0.089017,1999.4,0.089007,500,0.089006,207.82,0.088154,500,0.088153,21.81,0.088021,229.59,0.090827,47.46,0.090878,3151.67,0.090879,598.6,0.090956,3374.53,0.090957,3151.67,0.091064,3374.53,0.0911,3151.67,0.091131,335.75,0.091172,3374.53,0.091242,207.82,,,,,,,,,,,,,,,,,,,,,,,,,,,,,,,,,,,,,,,,,0.00005,
8,7,22,0.091427,0.09168,0.2767,1774137197089,0.089021,3663.2,0.08902,500,0.089019,1187.86,0.089018,500,0.089017,1999.4,0.089007,500,0.089006,207.82,0.088154,500,0.088153,21.81,0.088021,229.59,0.090827,47.46,0.090878,3151.67,0.090879,598.6,0.090956,3374.53,0.090957,3151.67,0.091064,3374.53,0.0911,3151.67,0.091131,335.75,0.091172,3374.53,0.091242,207.82,,,,,,,,,,,,,,,,,,,,,,,,,,,,,,,,,,,,,,,,,0.00005,
8,7,22,0.091427,0.09174,0.3423,1774137197390,0.089021,2499.4,0.08902,500,0.089019,1187.86,0.089018,500,0.089007,500,0.089006,207.82,0.088155,78.29,0.088154,500,0.088153,21.81,0.088021,229.59,0.090827,47.46,0.090878,6526.2,0.090879,598.6,0.090956,3374.53,0.090957,3151.67,0.091064,3374.53,0.0911,3151.67,0.091131,335.75,0.091172,3374.53,0.091242,207.82,,,,,,,,,,,,,,,,,,,,,,,,,,,,,,,,,,,,,,,,,0.00005,
8,7,22,0.091427,0.09178,0.3861,1774137197691,0.089022,1163.8,0.089021,2499.4,0.08902,500,0.089019,1187.86,0.089007,500,0.089006,207.82,0.088155,78.29,0.088154,500,0.088153,21.81,0.088021,229.59,0.090826,586.06,0.090827,47.46,0.090878,6526.2,0.090879,598.6,0.090956,3374.53,0.090957,3151.67,0.091064,3374.53,0.0911,3151.67,0.091131,335.75,0.091172,3374.53,,,,,,,,,,,,,,,,,,,,,,,,,,,,,,,,,,,,,,,,,0.00005,
8,7,22,0.091427,0.09171,0.3095,1774137197992,0.089023,6333.31,0.089022,2007.66,0.089021,2499.4,0.08902,500,0.089019,844,0.089007,500,0.089006,207.82,0.088155,78.29,0.088154,500,0.088153,21.81,0.090826,586.06,0.090827,47.46,0.090878,6526.2,0.090879,598.6,0.090956,3374.53,0.090957,3151.67,0.091064,3374.53,0.0911,3151.67,0.091131,335.75,0.091172,3374.53,,,,,,,,,,,,,,,,,,,,,,,,,,,,,,,,,,,,,,,,,0.00005,
8,7,22,0.091427,0.09171,0.3095,1774137198292,0.089023,6333.31,0.089022,2007.66,0.089021,2499.4,0.08902,500,0.089019,844,0.089007,500,0.089006,207.82,0.088155,78.29,0.088154,500,0.088153,21.81,0.090826,586.06,0.090827,47.46,0.090878,6526.2,0.090879,598.6,0.090956,3374.53,0.090957,3151.67,0.091064,3374.53,0.0911,3151.67,0.091131,335.75,0.091172,3374.53,,,,,,,,,,,,,,,,,,,,,,,,,,,,,,,,,,,,,,,,,0.00005,
8,7,22,0.091427,0.09171,0.3095,1774137198593,0.089025,4642.88,0.089024,2585.46,0.089022,843.86,0.089021,500,0.08902,500,0.089007,500,0.089006,207.82,0.088155,78.29,0.088154,500,0.088153,21.81,0.090826,586.06,0.090827,47.46,0.090877,4463.41,0.090878,6526.2,0.090879,598.6,0.090956,3374.53,0.090957,3151.67,0.091064,3374.53,0.0911,3151.67,0.091131,335.75,,,,,,,,,,,,,,,,,,,,,,,,,,,,,,,,,,,,,,,,,0.00005,
8,7,22,0.091427,0.0917,0.2986,1774137198894,0.089026,1163.8,0.089025,5142.88,0.089024,2585.46,0.089022,843.86,0.089021,500,0.08902,500,0.089007,500,0.089006,207.82,0.088154,500,0.088153,21.81,0.090826,586.06,0.090827,47.46,0.090877,4463.41,0.090878,6526.2,0.090879,598.6,0.090956,3374.53,0.090957,3151.67,0.091064,3374.53,0.0911,3151.67,0.091131,335.75,,,,,,,,,,,,,,,,,,,,,,,,,,,,,,,,,,,,,,,,,0.00005,
8,7,22,0.091427,0.09168,0.2767,1774137199195,0.089026,1163.8,0.089025,5142.88,0.089024,2585.46,0.089022,843.86,0.089021,500,0.08902,500,0.089007,500,0.089006,207.82,0.088154,500,0.088153,21.81,0.090826,586.06,0.090827,47.46,0.090877,4463.41,0.090878,6526.2,0.090879,598.6,0.090956,3374.53,0.090957,3151.67,0.091064,3374.53,0.0911,3151.67,0.091131,335.75,,,,,,,,,,,,,,,,,,,,,,,,,,,,,,,,,,,,,,,,,0.00005,
8,7,22,0.091426,0.09166,0.2559,1774137199495,0.089028,1163.8,0.089027,343.86,0.089025,500,0.089024,2585.46,0.089022,500,0.089021,500,0.08902,500,0.089007,500,0.089006,207.82,0.088154,500,0.090826,586.06,0.090827,47.46,0.090877,4463.41,0.090878,6526.2,0.090879,598.6,0.090956,3374.53,0.090957,3151.67,0.091064,3374.53,0.0911,3151.67,0.091131,335.75,,,,,,,,,,,,,,,,,,,,,,,,,,,,,,,,,,,,,,,,,0.00005,
8,7,22,0.091426,0.09166,0.2559,1774137199796,0.089028,1163.8,0.089027,343.86,0.089025,500,0.089024,2585.46,0.089022,500,0.089021,500,0.08902,500,0.089007,500,0.089006,207.82,0.088154,500,0.090826,586.06,0.090827,47.46,0.090877,4463.41,0.090878,6526.2,0.090879,598.6,0.090956,3374.53,0.090957,3151.67,0.091064,3374.53,0.0911,3151.67,0.091131,335.75,,,,,,,,,,,,,,,,,,,,,,,,,,,,,,,,,,,,,,,,,0.00005,
8,7,22,0.091426,0.09166,0.2559,1774137200097,0.089028,1163.8,0.089027,343.86,0.089025,500,0.089024,2585.46,0.089022,500,0.089021,500,0.08902,500,0.089007,500,0.089006,207.82,0.088155,6096.57,0.090825,4463.41,0.090826,586.06,0.090827,47.46,0.090878,6526.2,0.090879,598.6,0.090956,3374.53,0.090957,3151.67,0.091064,3374.53,0.0911,3151.67,0.091131,335.75,,,,,,,,,,,,,,,,,,,,,,,,,,,,,,,,,,,,,,,,,0.00005,
8,7,22,0.091426,0.09166,0.2559,1774137200397,0.089028,1163.8,0.089027,343.86,0.089025,500,0.089024,2585.46,0.089022,500,0.089021,500,0.08902,500,0.089007,500,0.089006,207.82,0.088154,500,0.090824,586.06,0.090825,4463.41,0.090826,586.06,0.090827,47.46,0.090878,6526.2,0.090879,598.6,0.090956,3374.53,0.090957,3151.67,0.091064,3374.53,0.0911,3151.67,,,,,,,,,,,,,,,,,,,,,,,,,,,,,,,,,,,,,,,,,0.00005,
8,7,22,0.091426,0.09166,0.2559,1774137200697,0.089028,1163.8,0.089027,343.86,0.089025,500,0.089024,2585.46,0.089022,500,0.089021,500,0.08902,500,0.089007,500,0.089006,207.82,0.088154,500,0.090824,586.06,0.090827,47.46,0.090878,6526.2,0.090879,598.6,0.090956,3374.53,0.090957,3151.67,0.091064,3374.53,0.0911,3151.67,0.091131,335.75,0.091172,3374.53,,,,,,,,,,,,,,,,,,,,,,,,,,,,,,,,,,,,,,,,,0.00005,
8,7,22,0.091426,0.09166,0.2559,1774137200999,0.089028,1163.8,0.089027,343.86,0.089025,500,0.089024,2585.46,0.089022,500,0.08902,500,0.089007,500,0.089006,207.82,0.088154,500,0.088153,21.81,0.090824,586.06,0.090827,47.46,0.090878,6526.2,0.090879,598.6,0.090956,3374.53,0.090957,3151.67,0.091064,3374.53,0.0911,3151.67,0.091131,335.75,0.091172,3374.53,,,,,,,,,,,,,,,,,,,,,,,,,,,,,,,,,,,,,,,,,0.00005,
8,7,22,0.091426,0.09165,0.245,1774137201299,0.08903,1163.8,0.089029,843.86,0.089025,500,0.089007,500,0.089006,207.82,0.088154,500,0.088153,21.81,0.088021,229.59,0.087888,207.82,0.087778,31.45,0.090824,586.06,0.090827,47.46,0.090878,6526.2,0.090879,598.6,0.090956,3374.53,0.090957,3151.67,0.091064,3374.53,0.0911,3151.67,0.091131,335.75,0.091172,3374.53,,,,,,,,,,,,,,,,,,,,,,,,,,,,,,,,,,,,,,,,,0.00005,
8,7,22,0.091426,0.09165,0.245,1774137201600,0.08903,1163.8,0.089029,843.86,0.089025,500,0.089007,500,0.089006,207.82,0.088154,500,0.088153,21.81,0.088021,229.59,0.087888,207.82,0.087778,31.45,0.090824,586.06,0.090827,47.46,0.090878,6526.2,0.090879,598.6,0.090956,3374.53,0.090957,3151.67,0.091064,3374.53,0.0911,3151.67,0.091131,335.75,0.091172,3374.53,,,,,,,,,,,,,,,,,,,,,,,,,,,,,,,,,,,,,,,,,0.00005,
8,7,22,0.091426,0.09165,0.245,1774137201900,0.089031,6263.85,0.08903,500,0.089029,343.86,0.089007,500,0.089006,207.82,0.088154,500,0.088153,21.81,0.088021,229.59,0.087888,207.82,0.087778,31.45,0.090824,586.06,0.090827,47.46,0.090877,4463.41,0.090878,6526.2,0.090879,598.6,0.090956,3374.53,0.090957,3151.67,0.091064,3374.53,0.0911,3151.67,0.091131,335.75,,,,,,,,,,,,,,,,,,,,,,,,,,,,,,,,,,,,,,,,,0.00005,
8,7,22,0.091426,0.09165,0.245,1774137202201,0.089032,6581.37,0.089031,500,0.08903,500,0.089007,500,0.089006,207.82,0.088154,500,0.088153,21.81,0.088021,229.59,0.087888,207.82,0.087778,31.45,0.090824,586.06,0.090827,47.46,0.090878,6526.2,0.090879,598.6,0.090956,3374.53,0.090957,3151.67,0.091064,3374.53,0.0911,3151.67,0.091131,335.75,0.091172,3374.53,,,,,,,,,,,,,,,,,,,,,,,,,,,,,,,,,,,,,,,,,0.00005,
8,7,22,0.091426,0.09165,0.245,1774137202502,0.089033,1163.8,0.089032,843.86,0.089031,500,0.08903,500,0.089007,500,0.089006,207.82,0.088155,5744.33,0.088154,500,0.088153,21.81,0.088021,229.59,0.090823,4463.41,0.090824,586.06,0.090827,47.46,0.090878,6526.2,0.090879,598.6,0.090956,3374.53,0.090957,3151.67,0.091064,3374.53,0.0911,3151.67,0.091131,335.75,,,,,,,,,,,,,,,,,,,,,,,,,,,,,,,,,,,,,,,,,0.00005,
8,7,22,0.091426,0.09165,0.245,1774137202803,0.089035,1163.8,0.089032,843.86,0.089031,500,0.08903,500,0.089007,500,0.089006,207.82,0.088154,500,0.088153,21.81,0.088021,229.59,0.087888,207.82,0.090821,4463.41,0.090822,586.06,0.090827,47.46,0.090878,6526.2,0.090879,598.6,0.090956,3374.53,0.090957,3151.67,0.091064,3374.53,0.0911,3151.67,0.091172,3374.53,,,,,,,,,,,,,,,,,,,,,,,,,,,,,,,,,,,,,,,,,0.00005,
8,7,22,0.091465,0.09162,0.1695,1774137203103,0.089036,343.86,0.089035,1163.8,0.089032,500,0.089031,500,0.08903,500,0.089007,500,0.089006,207.82,0.088154,500,0.088153,21.81,0.088021,229.59,0.09082,550.54,0.090821,4463.41,0.090822,586.06,0.090827,47.46,0.090878,6526.2,0.090879,598.6,0.090956,3374.53,0.090957,3151.67,0.091064,3374.53,0.0911,3151.67,,,,,,,,,,,,,,,,,,,,,,,,,,,,,,,,,,,,,,,,,0.00005,
8,7,22,0.091465,0.09162,0.1695,1774137203404,0.089037,1163.8,0.089036,343.86,0.089032,500,0.089031,500,0.08903,500,0.089007,500,0.089006,207.82,0.088154,500,0.088153,21.81,0.088021,229.59,0.090819,4463.41,0.09082,550.54,0.090822,586.06,0.090827,47.46,0.090878,6526.2,0.090879,598.6,0.090956,3374.53,0.090957,3151.67,0.091064,3374.53,0.0911,3151.67,,,,,,,,,,,,,,,,,,,,,,,,,,,,,,,,,,,,,,,,,0.00005,
8,7,22,0.091465,0.09162,0.1695,1774137203705,0.089037,1163.8,0.089036,343.86,0.089032,500,0.089031,500,0.089007,500,0.089006,207.82,0.088154,500,0.088153,21.81,0.088021,229.59,0.087888,207.82,0.090818,550.55,0.090819,4463.41,0.090822,586.06,0.090827,47.46,0.090878,6526.2,0.090879,598.6,0.090956,3374.53,0.090957,3151.67,0.091064,3374.53,0.0911,3151.67,,,,,,,,,,,,,,,,,,,,,,,,,,,,,,,,,,,,,,,,,0.00005,
8,7,22,0.091465,0.09162,0.1695,1774137204005,0.089038,4934.63,0.089037,1163.8,0.089036,343.86,0.089032,500,0.089031,500,0.089007,500,0.089006,207.82,0.088517,229.85,0.088154,500,0.088153,21.81,0.090816,162.2,0.090817,4463.41,0.090822,586.06,0.090827,47.46,0.090878,6526.2,0.090879,598.6,0.090956,3374.53,0.090957,3151.67,0.091064,3374.53,0.0911,3151.67,,,,,,,,,,,,,,,,,,,,,,,,,,,,,,,,,,,,,,,,,0.00005,
8,7,22,0.091465,0.09162,0.1695,1774137204306,0.089038,4934.63,0.089037,1163.8,0.089036,343.86,0.089032,500,0.089031,500,0.089007,500,0.089006,207.82,0.088517,229.85,0.088154,500,0.088153,21.81,0.090816,162.2,0.090817,4463.41,0.090822,586.06,0.090827,47.46,0.090878,6526.2,0.090879,598.6,0.090956,3374.53,0.090957,3151.67,0.091064,3374.53,0.0911,3151.67,,,,,,,,,,,,,,,,,,,,,,,,,,,,,,,,,,,,,,,,,0.00005,
8,7,22,0.091465,0.09162,0.1695,1774137204607,0.089039,3749.26,0.089038,4934.63,0.089036,343.86,0.089032,500,0.089031,500,0.089007,500,0.089006,207.82,0.088517,229.85,0.088154,500,0.088153,21.81,0.090816,162.2,0.090817,4463.41,0.090822,586.06,0.090827,47.46,0.090878,6526.2,0.090879,598.6,0.090956,3374.53,0.090957,3151.67,0.091064,3374.53,0.0911,3151.67,,,,,,,,,,,,,,,,,,,,,,,,,,,,,,,,,,,,,,,,,0.00005,
8,7,22,0.091465,0.09162,0.1695,1774137204908,0.089039,4093.12,0.089038,4934.63,0.089032,500,0.089031,500,0.089007,500,0.089006,207.82,0.088517,229.85,0.088154,500,0.088153,21.81,0.088072,562.38,0.090815,586.06,0.090817,4463.41,0.090822,586.06,0.090827,47.46,0.090878,6526.2,0.090879,598.6,0.090956,3374.53,0.090957,3151.67,0.091064,3374.53,0.0911,3151.67,,,,,,,,,,,,,,,,,,,,,,,,,,,,,,,,,,,,,,,,,0.00005,
8,7,22,0.091465,0.09162,0.1695,1774137205208,0.08904,1163.8,0.089039,2929.32,0.089032,500,0.089031,500,0.089007,500,0.089006,207.82,0.088517,229.85,0.088154,500,0.088153,21.81,0.088072,562.38,0.090814,550.58,0.090815,586.06,0.090827,47.46,0.090878,6526.2,0.090879,598.6,0.090956,3374.53,0.090957,3151.67,0.091064,3374.53,0.0911,3151.67,0.091182,850.35,,,,,,,,,,,,,,,,,,,,,,,,,,,,,,,,,,,,,,,,,0.00005,
8,7,22,0.091465,0.09155,0.0929,1774137205509,0.08904,1163.8,0.089039,2929.32,0.089032,500,0.089031,500,0.089007,500,0.089006,207.82,0.088517,229.85,0.088154,500,0.088153,21.81,0.088072,562.38,0.090814,550.58,0.090815,586.06,0.090827,47.46,0.090878,6526.2,0.090879,598.6,0.090956,3374.53,0.090957,3151.67,0.091064,3374.53,0.0911,3151.67,0.091182,850.35,,,,,,,,,,,,,,,,,,,,,,,,,,,,,,,,,,,,,,,,,0.00005,
8,7,22,0.091465,0.09155,0.0929,1774137205809,0.08904,1163.8,0.089032,500,0.089031,500,0.089007,500,0.089006,207.82,0.088517,229.85,0.088154,500,0.088153,21.81,0.088072,562.38,0.087888,207.82,0.090814,550.58,0.090815,586.06,0.090827,47.46,0.090878,6526.2,0.090879,598.6,0.090956,3374.53,0.090957,3151.67,0.091064,3374.53,0.0911,3151.67,0.091182,850.35,,,,,,,,,,,,,,,,,,,,,,,,,,,,,,,,,,,,,,,,,0.00005,
8,7,22,0.091465,0.09155,0.0929,1774137206110,0.089042,4529.85,0.089041,343.86,0.08904,1163.8,0.089007,500,0.089006,207.82,0.088517,229.85,0.088154,500,0.088153,21.81,0.087888,207.82,0.087778,31.45,0.090814,550.58,0.090815,586.06,0.090827,47.46,0.090878,6526.2,0.090879,598.6,0.090956,3374.53,0.090957,3151.67,0.091064,3374.53,0.0911,3151.67,0.091182,850.35,,,,,,,,,,,,,,,,,,,,,,,,,,,,,,,,,,,,,,,,,0.00005,
8,7,22,0.091465,0.09155,0.0929,1774137206411,0.089232,11.27,0.089128,11.27,0.089043,1163.8,0.089042,4529.85,0.089041,343.86,0.089007,500,0.089006,207.82,0.088597,229.83,0.088154,500,0.088153,21.81,0.090815,586.06,0.090827,47.46,0.090878,6526.2,0.090879,598.6,0.090955,333.95,0.090956,3374.53,0.090957,3151.67,0.091064,3374.53,0.0911,3151.67,0.091242,207.82,,,,,,,,,,,,,,,,,,,,,,,,,,,,,,,,,,,,,,,,,0.00005,
8,7,22,0.091465,0.09155,0.0929,1774137206711,0.089233,1163.8,0.089232,11.27,0.089128,11.27,0.089044,5702.45,0.089041,343.86,0.089007,500,0.089006,207.82,0.088597,229.83,0.088154,500,0.088153,21.81,0.090815,586.06,0.090827,47.46,0.090877,4463.41,0.090878,6526.2,0.090879,598.6,0.090956,3374.53,0.090957,3151.67,0.091064,3374.53,0.0911,3151.67,0.091242,207.82,,,,,,,,,,,,,,,,,,,,,,,,,,,,,,,,,,,,,,,,,0.00005,
8,7,22,0.091465,0.09155,0.0929,1774137207012,0.089233,1163.8,0.089232,11.27,0.089128,11.27,0.089044,5702.45,0.089041,343.86,0.089007,500,0.089006,207.82,0.088597,229.83,0.088154,500,0.088153,21.81,0.090815,586.06,0.090827,47.46,0.090877,4463.41,0.090878,6526.2,0.090879,598.6,0.090956,3374.53,0.090957,3151.67,0.091064,3374.53,0.0911,3151.67,0.091242,207.82,,,,,,,,,,,,,,,,,,,,,,,,,,,,,,,,,,,,,,,,,0.00005,
8,7,22,0.091465,0.09155,0.0929,1774137207313,0.089233,1163.8,0.089232,11.27,0.089129,4772.17,0.089128,11.27,0.089044,343.86,0.089007,500,0.089006,207.82,0.088597,229.83,0.088154,500,0.088153,21.81,0.090815,586.06,0.090827,47.46,0.090877,4463.41,0.090878,6526.2,0.090879,598.6,0.090956,3374.53,0.090957,3151.67,0.090971,477.16,0.091064,3374.53,0.0911,3151.67,,,,,,,,,,,,,,,,,,,,,,,,,,,,,,,,,,,,,,,,,0.00005,
8,7,22,0.091465,0.09155,0.0929,1774137207613,0.089233,1163.8,0.089232,11.27,0.089129,4772.17,0.089128,11.27,0.089007,500,0.089006,207.82,0.088597,229.83,0.088154,500,0.088153,21.81,0.087888,207.82,0.090815,586.06,0.090827,47.46,0.090877,4463.41,0.090878,6526.2,0.090879,598.6,0.090956,3374.53,0.090957,3151.67,0.090971,477.16,0.091064,3374.53,0.0911,3151.67,,,,,,,,,,,,,,,,,,,,,,,,,,,,,,,,,,,,,,,,,0.00005,
8,7,22,0.091465,0.09155,0.0929,1774137207914,0.089235,1163.8,0.089232,11.27,0.08913,343.86,0.089129,4772.17,0.089128,11.27,0.089007,500,0.089006,207.82,0.088343,281.29,0.088154,500,0.088153,21.81,0.090815,586.06,0.090827,47.46,0.090877,4463.41,0.090878,6526.2,0.090879,598.6,0.090956,3374.53,0.090957,3151.67,0.090971,477.16,0.091064,3374.53,0.0911,3151.67,,,,,,,,,,,,,,,,,,,,,,,,,,,,,,,,,,,,,,,,,0.00005,
8,7,22,0.091465,0.09155,0.0929,1774137208215,0.089235,1163.8,0.089232,11.27,0.08913,343.86,0.089129,4772.17,0.089128,11.27,0.089007,500,0.089006,207.82,0.088153,21.81,0.087888,207.82,0.087778,31.45,0.090815,586.06,0.090827,47.46,0.090877,4463.41,0.090878,6526.2,0.090879,598.6,0.090956,3374.53,0.090957,3151.67,0.090971,477.16,0.091064,3374.53,0.0911,3151.67,,,,,,,,,,,,,,,,,,,,,,,,,,,,,,,,,,,,,,,,,0.00005,
8,7,22,0.091465,0.09155,0.0929,1774137208515,0.089236,343.86,0.089232,11.27,0.089129,4772.17,0.089128,11.27,0.089007,500,0.089006,207.82,0.088153,21.81,0.087888,207.82,0.087778,31.45,0.08738,47.46,0.090815,586.06,0.090827,47.46,0.090877,4463.41,0.090878,6526.2,0.090879,598.6,0.090956,3374.53,0.090957,3151.67,0.090971,477.16,0.091064,3374.53,0.0911,3151.67,,,,,,,,,,,,,,,,,,,,,,,,,,,,,,,,,,,,,,,,,0.00005,
8,7,22,0.091465,0.09155,0.0929,1774137208816,0.089237,1163.8,0.089232,11.27,0.08913,343.86,0.089129,4772.17,0.089128,11.27,0.089007,500,0.089006,207.82,0.088329,229.33,0.088153,21.81,0.087888,207.82,0.090815,586.06,0.090827,47.46,0.090877,4463.41,0.090878,6526.2,0.090879,598.6,0.090956,3374.53,0.090957,3151.67,0.090971,477.16,0.091064,3374.53,0.0911,3151.67,,,,,,,,,,,,,,,,,,,,,,,,,,,,,,,,,,,,,,,,,0.00005,
8,7,22,0.091465,0.09155,0.0929,1774137209116,0.089237,1163.8,0.089232,11.27,0.08913,343.86,0.089129,4772.17,0.089128,11.27,0.089007,500,0.089006,207.82,0.088329,229.33,0.088153,21.81,0.088037,564.88,0.090815,586.06,0.090827,47.46,0.090877,4463.41,0.090878,6526.2,0.090879,598.6,0.090956,3374.53,0.090957,3151.67,0.090971,477.16,0.091064,3374.53,0.0911,3151.67,,,,,,,,,,,,,,,,,,,,,,,,,,,,,,,,,,,,,,,,,0.00005,
8,7,22,0.091465,0.09155,0.0929,1774137209417,0.089237,1163.8,0.089232,11.27,0.089129,4772.17,0.089128,11.27,0.089007,500,0.089006,207.82,0.088329,229.33,0.088153,21.81,0.088037,564.88,0.087888,207.82,0.090815,586.06,0.090827,47.46,0.090877,4463.41,0.090878,6526.2,0.090879,598.6,0.090956,3374.53,0.090957,3151.67,0.090971,477.16,0.091064,3374.53,0.0911,3151.67,,,,,,,,,,,,,,,,,,,,,,,,,,,,,,,,,,,,,,,,,0.00005,
8,7,22,0.091465,0.09155,0.0929,1774137209718,0.089237,1163.8,0.089232,11.27,0.089129,4772.17,0.089128,11.27,0.089007,500,0.089006,207.82,0.088329,229.33,0.088153,21.81,0.088037,564.88,0.087888,207.82,0.090815,586.06,0.090827,47.46,0.090877,4463.41,0.090878,6526.2,0.090879,598.6,0.090956,3374.53,0.090957,3151.67,0.090971,477.16,0.091064,3374.53,0.0911,3151.67,,,,,,,,,,,,,,,,,,,,,,,,,,,,,,,,,,,,,,,,,0.00005,
8,7,22,0.091465,0.09155,0.0929,1774137210019,0.089237,1163.8,0.089232,11.27,0.089129,4772.17,0.089128,11.27,0.089007,500,0.089006,207.82,0.088329,229.33,0.088153,21.81,0.088037,564.88,0.087888,207.82,0.090815,586.06,0.090827,47.46,0.090877,4463.41,0.090878,6526.2,0.090879,598.6,0.090956,3374.53,0.090957,3151.67,0.090971,477.16,0.091064,3374.53,0.0911,3151.67,,,,,,,,,,,,,,,,,,,,,,,,,,,,,,,,,,,,,,,,,0.00005,
8,7,22,0.091465,0.09155,0.0929,1774137210319,0.089237,1163.8,0.089232,11.27,0.089129,4772.17,0.089128,11.27,0.089007,500,0.089006,207.82,0.088329,229.33,0.088153,21.81,0.088037,564.88,0.087888,207.82,0.090815,586.06,0.090827,47.46,0.090877,4463.41,0.090878,6526.2,0.090879,598.6,0.090956,3374.53,0.090957,3151.67,0.090971,477.16,0.091064,3374.53,0.0911,3151.67,,,,,,,,,,,,,,,,,,,,,,,,,,,,,,,,,,,,,,,,,0.00005,
8,7,22,0.091465,0.09155,0.0929,1774137210619,0.089237,1163.8,0.089232,11.27,0.089129,4772.17,0.089128,11.27,0.089007,500,0.089006,207.82,0.088329,229.33,0.088153,21.81,0.088037,564.88,0.087888,207.82,0.090815,586.06,0.090827,47.46,0.090877,4463.41,0.090878,6526.2,0.090879,598.6,0.090956,3374.53,0.090957,3151.67,0.090971,477.16,0.091064,3374.53,0.0911,3151.67,,,,,,,,,,,,,,,,,,,,,,,,,,,,,,,,,,,,,,,,,0.00005,
8,7,22,0.091465,0.09155,0.0929,1774137210920,0.089237,1163.8,0.089232,11.27,0.089129,4772.17,0.089128,11.27,0.089007,500,0.089006,207.82,0.088329,229.33,0.088153,21.81,0.088037,564.88,0.087888,207.82,0.090815,586.06,0.090827,47.46,0.090877,4463.41,0.090878,6526.2,0.090879,598.6,0.090956,3374.53,0.090957,3151.67,0.090971,477.16,0.091064,3374.53,0.0911,3151.67,,,,,,,,,,,,,,,,,,,,,,,,,,,,,,,,,,,,,,,,,0.00005,
8,7,22,0.091465,0.09155,0.0929,1774137211220,0.089237,1163.8,0.089232,11.27,0.089129,4772.17,0.089128,11.27,0.089007,500,0.089006,207.82,0.088329,229.33,0.088153,21.81,0.088037,564.88,0.087888,207.82,0.090815,586.06,0.090827,47.46,0.090877,4463.41,0.090878,6526.2,0.090879,598.6,0.090956,3374.53,0.090957,3151.67,0.090971,477.16,0.091064,3374.53,0.0911,3151.67,,,,,,,,,,,,,,,,,,,,,,,,,,,,,,,,,,,,,,,,,0.00005,
8,7,22,0.091465,0.09155,0.0929,1774137211521,0.089237,1163.8,0.089232,11.27,0.089129,4772.17,0.089128,11.27,0.089007,500,0.089006,207.82,0.088329,229.33,0.088153,21.81,0.088037,564.88,0.087888,207.82,0.090815,586.06,0.090827,47.46,0.090877,4463.41,0.090878,6526.2,0.090879,598.6,0.090956,3374.53,0.090957,3151.67,0.090971,477.16,0.091064,3374.53,0.0911,3151.67,,,,,,,,,,,,,,,,,,,,,,,,,,,,,,,,,,,,,,,,,0.00005,
8,7,22,0.091465,0.09155,0.0929,1774137211821,0.089237,1163.8,0.089232,11.27,0.089129,4772.17,0.089128,11.27,0.089007,500,0.089006,207.82,0.088329,229.33,0.088153,21.81,0.088037,564.88,0.087888,207.82,0.090815,586.06,0.090827,47.46,0.090877,4463.41,0.090878,6526.2,0.090879,598.6,0.090956,3374.53,0.090957,3151.67,0.090971,477.16,0.091064,3374.53,0.0911,3151.67,,,,,,,,,,,,,,,,,,,,,,,,,,,,,,,,,,,,,,,,,0.00005,
8,7,22,0.091465,0.09155,0.0929,1774137212122,0.089237,1163.8,0.089232,11.27,0.089129,4772.17,0.089128,11.27,0.089007,500,0.089006,207.82,0.088329,229.33,0.088153,21.81,0.088037,564.88,0.087888,207.82,0.090815,586.06,0.090827,47.46,0.090877,4463.41,0.090878,6526.2,0.090879,598.6,0.090956,3374.53,0.090957,3151.67,0.090971,477.16,0.091064,3374.53,0.0911,3151.67,,,,,,,,,,,,,,,,,,,,,,,,,,,,,,,,,,,,,,,,,0.00005,
8,7,22,0.091465,0.09155,0.0929,1774137212423,0.089237,1163.8,0.089232,11.27,0.089129,4772.17,0.089128,11.27,0.089007,500,0.089006,207.82,0.088329,229.33,0.088153,21.81,0.088037,564.88,0.087888,207.82,0.090815,586.06,0.090827,47.46,0.090877,4463.41,0.090878,6526.2,0.090879,598.6,0.090956,3374.53,0.090957,3151.67,0.090971,477.16,0.091064,3374.53,0.0911,3151.67,,,,,,,,,,,,,,,,,,,,,,,,,,,,,,,,,,,,,,,,,0.00005,
8,7,22,0.091465,0.09155,0.0929,1774137212723,0.089237,1163.8,0.089232,11.27,0.089129,4772.17,0.089128,11.27,0.089007,500,0.089006,207.82,0.088329,229.33,0.088153,21.81,0.088037,564.88,0.087888,207.82,0.090815,586.06,0.090827,47.46,0.090877,4463.41,0.090878,6526.2,0.090879,598.6,0.090956,3374.53,0.090957,3151.67,0.090971,477.16,0.091064,3374.53,0.0911,3151.67,,,,,,,,,,,,,,,,,,,,,,,,,,,,,,,,,,,,,,,,,0.00005,
8,7,22,0.091465,0.09155,0.0929,1774137213024,0.089237,1163.8,0.089232,11.27,0.089129,4772.17,0.089128,11.27,0.089007,500,0.089006,207.82,0.088329,229.33,0.088153,21.81,0.088037,564.88,0.087888,207.82,0.090815,586.06,0.090827,47.46,0.090877,4463.41,0.090878,6526.2,0.090879,598.6,0.090956,3374.53,0.090957,3151.67,0.090971,477.16,0.091064,3374.53,0.0911,3151.67,,,,,,,,,,,,,,,,,,,,,,,,,,,,,,,,,,,,,,,,,0.00005,
8,7,22,0.091465,0.09155,0.0929,1774137213325,0.089237,1163.8,0.089232,11.27,0.089129,4772.17,0.089128,11.27,0.089007,500,0.089006,207.82,0.088329,229.33,0.088153,21.81,0.088037,564.88,0.087888,207.82,0.090815,586.06,0.090827,47.46,0.090877,4463.41,0.090878,6526.2,0.090879,598.6,0.090956,3374.53,0.090957,3151.67,0.090971,477.16,0.091064,3374.53,0.0911,3151.67,,,,,,,,,,,,,,,,,,,,,,,,,,,,,,,,,,,,,,,,,0.00005,
8,7,22,0.091465,0.09155,0.0929,1774137213626,0.089237,1163.8,0.089232,11.27,0.089129,4772.17,0.089128,11.27,0.089007,500,0.089006,207.82,0.088329,229.33,0.088153,21.81,0.088037,564.88,0.087888,207.82,0.090815,586.06,0.090827,47.46,0.090877,4463.41,0.090878,6526.2,0.090879,598.6,0.090956,3374.53,0.090957,3151.67,0.090971,477.16,0.091064,3374.53,0.0911,3151.67,,,,,,,,,,,,,,,,,,,,,,,,,,,,,,,,,,,,,,,,,0.00005,
8,7,22,0.091465,0.09155,0.0929,1774137213927,0.089237,1163.8,0.089232,11.27,0.089129,4772.17,0.089128,11.27,0.089007,500,0.089006,207.82,0.088329,229.33,0.088153,21.81,0.088037,564.88,0.087888,207.82,0.090815,586.06,0.090827,47.46,0.090877,4463.41,0.090878,6526.2,0.090879,598.6,0.090956,3374.53,0.090957,3151.67,0.090971,477.16,0.091064,3374.53,0.0911,3151.67,,,,,,,,,,,,,,,,,,,,,,,,,,,,,,,,,,,,,,,,,0.00005,
8,7,22,0.091465,0.09155,0.0929,1774137214228,0.089237,1163.8,0.089232,11.27,0.089129,4772.17,0.089128,11.27,0.089007,500,0.089006,207.82,0.088329,229.33,0.088153,21.81,0.088037,564.88,0.087888,207.82,0.090815,586.06,0.090827,47.46,0.090877,4463.41,0.090878,6526.2,0.090879,598.6,0.090956,3374.53,0.090957,3151.67,0.090971,477.16,0.091064,3374.53,0.0911,3151.67,,,,,,,,,,,,,,,,,,,,,,,,,,,,,,,,,,,,,,,,,0.00005,
8,7,22,0.091465,0.09155,0.0929,1774137214529,0.089237,1163.8,0.089232,11.27,0.089129,4772.17,0.089128,11.27,0.089007,500,0.089006,207.82,0.088329,229.33,0.088153,21.81,0.088037,564.88,0.087888,207.82,0.090815,586.06,0.090827,47.46,0.090877,4463.41,0.090878,6526.2,0.090879,598.6,0.090956,3374.53,0.090957,3151.67,0.090971,477.16,0.091064,3374.53,0.0911,3151.67,,,,,,,,,,,,,,,,,,,,,,,,,,,,,,,,,,,,,,,,,0.00005,
8,7,22,0.091465,0.09155,0.0929,1774137214830,0.089237,1163.8,0.089232,11.27,0.089129,4772.17,0.089128,11.27,0.089007,500,0.089006,207.82,0.088329,229.33,0.088153,21.81,0.088037,564.88,0.087888,207.82,0.090815,586.06,0.090827,47.46,0.090877,4463.41,0.090878,6526.2,0.090879,598.6,0.090956,3374.53,0.090957,3151.67,0.090971,477.16,0.091064,3374.53,0.0911,3151.67,,,,,,,,,,,,,,,,,,,,,,,,,,,,,,,,,,,,,,,,,0.00005,
8,7,22,0.091465,0.09155,0.0929,1774137215130,0.090475,1163.8,0.090426,376.6,0.090425,2266.69,0.090371,3151.67,0.090125,520.17,0.090124,207.82,0.089788,233.72,0.089734,250.24,0.089265,77.32,0.089264,93.88,0.091465,21.81,0.091502,328.59,0.091503,3151.67,0.091536,3085.69,0.091578,3151.67,0.091598,7.15,0.091646,3085.69,0.091713,2659.48,0.091714,3085.69,0.091724,3151.67,,,,,,,,,,,,,,,,,,,,,,,,,,,,,,,,,,,,,,,,,0.00005,
8,7,22,0.091465,0.09155,0.0929,1774137215431,0.090475,1163.8,0.090426,376.6,0.090425,2266.69,0.090371,3151.67,0.090126,520.28,0.090125,6265.6,0.090124,207.82,0.089788,233.72,0.089734,250.24,0.089263,277.59,0.091465,21.81,0.091502,328.59,0.091503,3151.67,0.091536,3085.69,0.091578,3151.67,0.091598,7.15,0.091646,3085.69,0.091713,2659.48,0.091714,3085.69,0.091724,3151.67,,,,,,,,,,,,,,,,,,,,,,,,,,,,,,,,,,,,,,,,,0.00005,
8,7,22,0.091465,0.09155,0.0929,1774137215731,0.090475,1163.8,0.090426,376.6,0.090425,2266.69,0.090371,3151.67,0.090126,520.28,0.090124,207.82,0.089789,4723.98,0.089788,233.72,0.089734,250.24,0.089263,277.59,0.091465,21.81,0.091502,328.59,0.091503,3151.67,0.091536,3085.69,0.091578,3151.67,0.091598,7.15,0.091646,3085.69,0.091714,3085.69,0.091724,3151.67,0.09179,653.66,,,,,,,,,,,,,,,,,,,,,,,,,,,,,,,,,,,,,,,,,0.00005,
8,7,22,0.091465,0.09155,0.0929,1774137216032,0.090475,1163.8,0.090426,376.6,0.090425,2266.69,0.090371,3151.67,0.090125,520.28,0.090124,207.82,0.089789,4723.98,0.089788,233.72,0.089734,250.24,0.089263,277.59,0.091465,21.81,0.091502,328.59,0.091503,3151.67,0.091536,3085.69,0.091577,2659.48,0.091578,3151.67,0.091598,7.15,0.091646,3085.69,0.091714,3085.69,0.091724,3151.67,,,,,,,,,,,,,,,,,,,,,,,,,,,,,,,,,,,,,,,,,0.00005,
8,7,22,0.091465,0.09155,0.0929,1774137216332,0.090426,376.6,0.090425,2266.69,0.090371,3151.67,0.090125,520.28,0.090124,207.82,0.089789,4723.98,0.089788,233.72,0.089734,250.24,0.089263,277.59,0.089104,47.46,0.091465,21.81,0.091502,328.59,0.091503,3151.67,0.091536,3085.69,0.091577,2659.48,0.091578,3151.67,0.091598,7.15,0.091646,3085.69,0.091714,3085.69,0.091724,3151.67,,,,,,,,,,,,,,,,,,,,,,,,,,,,,,,,,,,,,,,,,0.00005,
8,7,22,0.091465,0.09155,0.0929,1774137216632,0.090429,1163.8,0.090428,376.6,0.090425,2266.69,0.090371,3151.67,0.090125,520.04,0.090124,207.82,0.089789,4723.98,0.089788,233.72,0.089734,250.24,0.089263,277.59,0.091465,21.81,0.091502,328.59,0.091503,3151.67,0.091536,3085.69,0.091578,3151.67,0.091598,7.15,0.091645,2659.48,0.091646,3085.69,0.091714,3085.69,0.091724,3151.67,,,,,,,,,,,,,,,,,,,,,,,,,,,,,,,,,,,,,,,,,0.00005,
8,7,22,0.091465,0.09155,0.0929,1774137216933,0.090431,1163.8,0.09043,376.6,0.090425,2266.69,0.090371,3151.67,0.090125,520.04,0.090124,207.82,0.089789,4723.98,0.089788,233.72,0.089734,250.24,0.089263,277.59,0.091465,21.81,0.091502,328.59,0.091503,3151.67,0.091536,3085.69,0.091578,3151.67,0.091598,7.15,0.091646,3085.69,0.091714,3085.69,0.091724,3151.67,0.09179,653.66,,,,,,,,,,,,,,,,,,,,,,,,,,,,,,,,,,,,,,,,,0.00005,
8,7,22,0.091465,0.09155,0.0929,1774137217233,0.090433,1163.8,0.090426,376.6,0.090425,2266.69,0.090371,3151.67,0.090125,520.04,0.090124,207.82,0.089789,4723.98,0.089788,233.72,0.089734,250.24,0.089263,277.59,0.091465,21.81,0.091502,328.59,0.091503,3151.67,0.091536,3085.69,0.091578,3151.67,0.091598,7.15,0.091645,2659.48,0.091646,3085.69,0.091714,3085.69,0.091724,3151.67,,,,,,,,,,,,,,,,,,,,,,,,,,,,,,,,,,,,,,,,,0.00005,
8,7,22,0.091465,0.09155,0.0929,1774137217533,0.090437,1163.8,0.090435,376.6,0.090434,1585.76,0.090425,2266.69,0.090371,3151.67,0.090125,520.04,0.090124,207.82,0.089789,4723.98,0.089788,233.72,0.089734,250.24,0.091465,21.81,0.091502,328.59,0.091503,3151.67,0.091536,3085.69,0.091578,3151.67,0.091598,7.15,0.091646,3085.69,0.091713,2659.48,0.091714,3085.69,0.091724,3151.67,,,,,,,,,,,,,,,,,,,,,,,,,,,,,,,,,,,,,,,,,0.00005,
8,7,22,0.091465,0.09155,0.0929,1774137217833,0.090437,1163.8,0.090435,376.6,0.090434,1585.76,0.090425,2266.69,0.090371,3151.67,0.090125,520.04,0.090124,207.82,0.089789,4723.98,0.089788,233.72,0.089734,250.24,0.091465,21.81,0.091502,328.59,0.091503,3151.67,0.091536,3085.69,0.091578,3151.67,0.091598,7.15,0.091646,3085.69,0.091713,2659.48,0.091714,3085.69,0.091724,3151.67,,,,,,,,,,,,,,,,,,,,,,,,,,,,,,,,,,,,,,,,,0.00005,
8,7,22,0.091465,0.09155,0.0929,1774137218134,0.090437,1163.8,0.090435,376.6,0.090425,2266.69,0.090371,3151.67,0.090125,520.04,0.090124,207.82,0.089788,233.72,0.089734,250.24,0.089263,277.59,0.089104,47.46,0.091465,21.81,0.091502,328.59,0.091503,3151.67,0.091536,3085.69,0.091578,3151.67,0.091598,7.15,0.091646,3085.69,0.091712,335.75,0.091713,2659.48,0.091714,3085.69,,,,,,,,,,,,,,,,,,,,,,,,,,,,,,,,,,,,,,,,,0.00005,
8,7,22,0.091465,0.09155,0.0929,1774137218435,0.090438,376.6,0.090437,1163.8,0.090425,2266.69,0.090371,3151.67,0.090125,520.04,0.090124,207.82,0.089789,6336.47,0.089788,233.72,0.089734,250.24,0.089263,277.59,0.091465,21.81,0.091502,328.59,0.091503,3151.67,0.091536,3085.69,0.091578,3151.67,0.091598,7.15,0.091646,3085.69,0.091712,335.75,0.091713,2659.48,0.091714,3085.69,,,,,,,,,,,,,,,,,,,,,,,,,,,,,,,,,,,,,,,,,0.00005,
8,7,22,0.091465,0.09155,0.0929,1774137218736,0.090439,1163.8,0.090426,376.6,0.090425,2266.69,0.090371,3151.67,0.090125,520.04,0.090124,207.82,0.089789,5701.21,0.089788,233.72,0.089734,250.24,0.089263,277.59,0.091465,21.81,0.091502,328.59,0.091503,3151.67,0.091536,3085.69,0.091578,3151.67,0.091598,7.15,0.091646,3085.69,0.091712,335.75,0.091713,2659.48,0.091714,3085.69,,,,,,,,,,,,,,,,,,,,,,,,,,,,,,,,,,,,,,,,,0.00005,
8,7,22,0.091465,0.09155,0.0929,1774137219036,0.090439,1163.8,0.090426,376.6,0.090425,2266.69,0.090371,3151.67,0.090125,520.04,0.090124,207.82,0.089789,5701.21,0.089788,233.72,0.089734,250.24,0.089264,77.32,0.091465,21.81,0.091502,328.59,0.091503,3151.67,0.091536,3085.69,0.091578,3151.67,0.091598,7.15,0.091646,3085.69,0.091712,335.75,0.091713,2659.48,0.091714,3085.69,,,,,,,,,,,,,,,,,,,,,,,,,,,,,,,,,,,,,,,,,0.00005,
8,7,22,0.091465,0.09155,0.0929,1774137219337,0.090441,1163.8,0.090426,376.6,0.090425,2266.69,0.090371,3151.67,0.090127,520.11,0.090124,207.82,0.089789,5701.21,0.089788,233.72,0.089734,250.24,0.089264,77.32,0.091465,21.81,0.091502,328.59,0.091503,3151.67,0.091536,3085.69,0.091578,3151.67,0.091598,7.15,0.091646,3085.69,0.091712,335.75,0.091713,2659.48,0.091714,3085.69,,,,,,,,,,,,,,,,,,,,,,,,,,,,,,,,,,,,,,,,,0.00005,
