spot_source_id,fut_source_id,symbol_id,ask_spot,bid_futures,spread_pct,ts,s_b1,s_b2,s_b3,s_b4,s_b5,s_b6,s_b7,s_b8,s_b9,s_b10,s_bq1,s_bq2,s_bq3,s_bq4,s_bq5,s_bq6,s_bq7,s_bq8,s_bq9,s_bq10,s_a1,s_a2,s_a3,s_a4,s_a5,s_a6,s_a7,s_a8,s_a9,s_a10,s_aq1,s_aq2,s_aq3,s_aq4,s_aq5,s_aq6,s_aq7,s_aq8,s_aq9,s_aq10,f_b1,f_b2,f_b3,f_b4,f_b5,f_b6,f_b7,f_b8,f_b9,f_b10,f_bq1,f_bq2,f_bq3,f_bq4,f_bq5,f_bq6,f_bq7,f_bq8,f_bq9,f_bq10,f_a1,f_a2,f_a3,f_a4,f_a5,f_a6,f_a7,f_a8,f_a9,f_a10,f_aq1,f_aq2,f_aq3,f_aq4,f_aq5,f_aq6,f_aq7,f_aq8,f_aq9,f_aq10,fr_r,fr_ft
2,7,54,0.6803,0.6795,-0.1176,1774137102000,0.6802,11.55,0.6801,22.93,0.68,5695.84,0.6799,1511.5,0.6798,2786.26,0.6797,3058.03,0.6796,449.59,0.6795,5188.91,0.6794,1672.06,0.6793,32126.33,0.6804,2026.36,0.6805,1613.87,0.6806,1258.65,0.6807,1269.77,0.6808,1389.33,0.6809,1697.21,0.681,1269.76,0.6811,1441.12,0.6812,1546.17,0.6813,11795.93,,,,,,,,,,,,,,,,,,,,,,,,,,,,,,,,,,,,,,,,,0.000022,
2,7,54,0.6801,0.6795,-0.0882,1774137103000,0.6802,11.55,0.6801,22.93,0.68,5695.84,0.6799,1950.07,0.6798,2786.26,0.6797,115.45,0.6796,1755.72,0.6795,5277.1,0.6794,1672.06,0.6793,32126.33,0.6804,156.59,0.6805,1613.87,0.6806,1258.65,0.6807,1269.77,0.6808,2691.23,0.6809,1697.21,0.681,1269.76,0.6811,1441.12,0.6812,1546.17,0.6813,12060.51,,,,,,,,,,,,,,,,,,,,,,,,,,,,,,,,,,,,,,,,,0.000022,
2,7,54,0.68,0.6793,-0.1029,1774137104000,0.68,5684.81,0.6799,1511.5,0.6798,290.93,0.6797,3058.22,0.6796,449.59,0.6795,4079.09,0.6794,13.9,0.6793,4540.05,0.6792,1935.24,0.6791,4854.42,0.6802,894.28,0.6803,1415.24,0.6804,1258.74,0.6805,2377.9,0.6806,1258.65,0.6807,1357.99,0.6808,2691.23,0.6809,4032.63,0.681,1831.34,0.6811,33115.17,,,,,,,,,,,,,,,,,,,,,,,,,,,,,,,,,,,,,,,,,0.000022,
2,7,54,0.6798,0.6788,-0.1471,1774137105000,0.68,5684.81,0.6799,1511.5,0.6798,3007.96,0.6797,115.45,0.6796,449.59,0.6795,4079.09,0.6794,1110.48,0.6793,4540.05,0.6792,1935.24,0.6791,4854.42,0.6803,11.03,0.6804,587.61,0.6805,1437.91,0.6806,1591.2,0.6807,1357.99,0.6808,2691.23,0.6809,1697.21,0.681,1831.34,0.6811,35450.59,0.6812,3722.73,,,,,,,,,,,,,,,,,,,,,,,,,,,,,,,,,,,,,,,,,0.000022,
2,7,54,0.6791,0.6783,-0.1178,1774137106000,0.68,5684.81,0.6799,1511.5,0.6798,3007.96,0.6797,115.45,0.6796,449.59,0.6795,4079.09,0.6794,2540.58,0.6793,4540.05,0.6792,1935.24,0.6791,4854.42,0.6803,11.03,0.6804,11.03,0.6805,1678.51,0.6806,1258.65,0.6807,1357.99,0.6808,2691.23,0.6809,1697.21,0.681,1831.34,0.6811,35450.59,0.6812,3722.73,,,,,,,,,,,,,,,,,,,,,,,,,,,,,,,,,,,,,,,,,,
2,7,54,0.6796,0.6788,-0.1177,1774137107000,0.68,5684.81,0.6799,1511.5,0.6798,5950.1,0.6797,115.45,0.6796,449.59,0.6795,4079.09,0.6794,1110.48,0.6793,4540.05,0.6792,1935.24,0.6791,4854.42,0.6803,11.03,0.6804,503.26,0.6805,846.79,0.6806,1258.65,0.6807,1357.99,0.6808,2691.23,0.6809,1697.21,0.681,1831.34,0.6811,35450.59,0.6812,3722.73,,,,,,,,,,,,,,,,,,,,,,,,,,,,,,,,,,,,,,,,,0.000022,
2,7,54,0.6798,0.6789,-0.1324,1774137108000,0.68,5684.81,0.6799,1511.5,0.6798,3233.07,0.6797,115.45,0.6796,449.59,0.6795,4079.09,0.6794,13.9,0.6793,4540.05,0.6792,1935.24,0.6791,4854.42,0.6802,11.03,0.6803,1415.24,0.6804,1269.77,0.6805,1546.18,0.6806,1258.65,0.6807,1357.99,0.6808,2691.23,0.6809,1697.21,0.681,1831.34,0.6811,35450.59,,,,,,,,,,,,,,,,,,,,,,,,,,,,,,,,,,,,,,,,,0.000022,
2,7,54,0.6798,0.679,-0.1177,1774137109000,0.68,5212.16,0.6799,1511.5,0.6798,290.93,0.6797,3058.37,0.6796,1762.66,0.6795,3990.9,0.6794,13.9,0.6793,4540.05,0.6792,1373.66,0.6791,4854.42,0.6802,1312.62,0.6803,1415.24,0.6804,1269.77,0.6805,1546.18,0.6806,1258.65,0.6807,1269.77,0.6808,2691.23,0.6809,2491.2,0.681,1831.34,0.6811,34656.62,,,,,,,,,,,,,,,,,,,,,,,,,,,,,,,,,,,,,,,,,0.000022,
2,7,54,0.6798,0.6788,-0.1471,1774137110000,0.68,5212.16,0.6799,1511.5,0.6798,1538.55,0.6797,3058.37,0.6796,1762.66,0.6795,3990.9,0.6794,13.9,0.6793,4540.05,0.6792,1373.66,0.6791,4854.42,0.6802,1312.62,0.6803,1415.24,0.6804,1269.77,0.6805,1546.18,0.6806,1258.65,0.6807,1269.77,0.6808,2691.23,0.6809,2491.2,0.681,1831.34,0.6811,34656.62,,,,,,,,,,,,,,,,,,,,,,,,,,,,,,,,,,,,,,,,,,
2,7,54,0.6797,0.6788,-0.1324,1774137111000,0.6798,268.95,0.6797,104.43,0.6796,11.02,0.6795,2531.47,0.6794,13.9,0.6793,1890.77,0.6792,1373.66,0.6791,835.69,0.679,36116.1,0.6789,4820.08,0.6801,943.2,0.6802,1067.2,0.6803,1415.24,0.6804,1413.17,0.6805,1546.18,0.6806,3594.07,0.6807,3448.16,0.6808,9773.43,0.6809,5966.64,0.681,1831.34,,,,,,,,,,,,,,,,,,,,,,,,,,,,,,,,,,,,,,,,,,
2,7,54,0.6798,0.6788,-0.1471,1774137112000,0.6798,268.95,0.6797,104.43,0.6796,11.02,0.6795,2531.47,0.6794,2957.8,0.6793,1890.77,0.6792,1373.66,0.6791,835.69,0.679,36116.1,0.6789,4398,0.68,884.1,0.6801,11.04,0.6802,449.6,0.6803,1415.24,0.6804,1413.17,0.6805,1546.18,0.6806,3594.07,0.6807,4878.26,0.6808,9773.43,0.6809,5966.64,,,,,,,,,,,,,,,,,,,,,,,,,,,,,,,,,,,,,,,,,,
2,7,54,0.6798,0.6789,-0.1324,1774137113000,0.6793,193.47,0.6792,670.95,0.6791,11.02,0.679,1404.13,0.6789,1269.7,0.6788,62.42,0.6787,15.4,0.6786,3930.97,0.6785,33178.34,0.6784,4856.24,0.6798,759.07,0.6799,1049.77,0.68,1258.66,0.6801,2648.29,0.6802,449.6,0.6803,2596.23,0.6804,1413.17,0.6805,1546.18,0.6806,4022.98,0.6807,5407.94,,,,,,,,,,,,,,,,,,,,,,,,,,,,,,,,,,,,,,,,,,
2,7,54,0.6798,0.6788,-0.1471,1774137114000,0.6793,193.47,0.6792,518.79,0.6791,622.29,0.679,3155.77,0.6789,2566.45,0.6788,2605.22,0.6787,1511.98,0.6786,4685.81,0.6785,30913.84,0.6784,4856.24,0.6798,759.07,0.6799,1049.77,0.68,1258.66,0.6801,2980.84,0.6802,449.6,0.6803,2688.75,0.6804,1413.17,0.6805,1546.18,0.6806,4022.98,0.6807,35778.78,,,,,,,,,,,,,,,,,,,,,,,,,,,,,,,,,,,,,,,,,,
2,7,54,0.6796,0.6789,-0.103,1774137115000,0.6793,193.47,0.6792,518.79,0.6791,622.29,0.679,3155.77,0.6789,2566.45,0.6788,2605.22,0.6787,3198.19,0.6786,4774.1,0.6785,30913.84,0.6784,4856.24,0.6797,222.19,0.6798,759.07,0.6799,1551.77,0.68,1258.66,0.6801,2648.29,0.6802,449.6,0.6803,2688.75,0.6804,1413.17,0.6805,1546.18,0.6806,4022.98,,,,,,,,,,,,,,,,,,,,,,,,,,,,,,,,,,,,,,,,,0.000022,
2,7,54,0.6797,0.6787,-0.1471,1774137116000,0.6793,1879.66,0.6792,1301.43,0.6791,11.02,0.679,3425,0.6789,1269.7,0.6788,2605.22,0.6787,1768.09,0.6786,4685.81,0.6785,30913.84,0.6784,4856.24,0.6798,759.07,0.6799,611.2,0.68,1493.06,0.6801,2736.58,0.6802,449.6,0.6803,3983.38,0.6804,1413.17,0.6805,1546.18,0.6806,4022.98,0.6807,34348.68,,,,,,,,,,,,,,,,,,,,,,,,,,,,,,,,,,,,,,,,,,
2,7,54,0.6797,0.6787,-0.1471,1774137117000,0.6793,193.47,0.6792,1301.43,0.6791,2956.23,0.679,3155.77,0.6789,2592.21,0.6788,2605.22,0.6787,1856.39,0.6786,4685.81,0.6785,30913.84,0.6784,4856.24,0.6797,2166.94,0.6798,2006.78,0.6799,1049.77,0.68,1258.66,0.6801,2736.58,0.6802,449.6,0.6803,3983.38,0.6804,1413.17,0.6805,1546.18,0.6806,4022.98,,,,,,,,,,,,,,,,,,,,,,,,,,,,,,,,,,,,,,,,,,
2,7,54,0.6797,0.6787,-0.1471,1774137118000,0.6786,2946.84,0.6785,1365,0.6784,411.04,0.6783,1780.6,0.6782,2656.86,0.6781,1576.59,0.678,32683.63,0.6779,690.93,0.6778,1288.22,0.6777,449.54,0.6793,493.5,0.6794,1415.26,0.6795,1269.81,0.6796,1634.54,0.6797,1258.67,0.6798,3365.71,0.6799,2479.87,0.68,3594.08,0.6801,4118.92,0.6802,31370.6,,,,,,,,,,,,,,,,,,,,,,,,,,,,,,,,,,,,,,,,,,
2,7,54,0.6797,0.6788,-0.1324,1774137119000,0.6787,1247.71,0.6786,1697.24,0.6785,1588.33,0.6784,1658.75,0.6783,1780.6,0.6782,2656.86,0.6781,1576.59,0.678,1760.35,0.6779,690.93,0.6778,32222.88,0.6791,1258.67,0.6792,167.64,0.6793,449.62,0.6794,1258.67,0.6795,1269.81,0.6796,3013.44,0.6797,1258.67,0.6798,3365.71,0.6799,33414.53,0.68,3594.08,,,,,,,,,,,,,,,,,,,,,,,,,,,,,,,,,,,,,,,,,0.000022,
2,7,54,0.6795,0.6786,-0.1325,1774137120000,0.6791,601.51,0.679,1115.7,0.6789,726.2,0.6788,411.05,0.6787,2571.83,0.6786,1708.29,0.6785,2549.91,0.6784,2395.94,0.6783,3210.7,0.6782,2568.49,0.6793,11.05,0.6794,1415.26,0.6795,1269.81,0.6796,537.96,0.6797,1258.67,0.6798,4088.98,0.6799,3858.77,0.68,3594.08,0.6801,1269.79,0.6802,34846.04,,,,,,,,,,,,,,,,,,,,,,,,,,,,,,,,,,,,,,,,,0.000022,
2,7,54,0.6788,0.6785,-0.0442,1774137121000,0.679,1356.58,0.6789,449.62,0.6788,411.05,0.6787,5115.83,0.6786,1708.29,0.6785,2549.91,0.6784,2958.6,0.6783,1780.6,0.6782,24.99,0.6781,32497.59,0.6794,1247.62,0.6795,22.1,0.6796,537.96,0.6797,1258.67,0.6798,3837.68,0.6799,5165.56,0.68,1258.66,0.6801,1832.45,0.6802,31370.6,0.6803,8813.29,,,,,,,,,,,,,,,,,,,,,,,,,,,,,,,,,,,,,,,,,0.000023,
2,7,54,0.6788,0.6776,-0.1768,1774137122000,0.6792,11.04,0.6791,1004.08,0.679,920.43,0.6789,460.66,0.6788,411.05,0.6787,5115.83,0.6786,2445.27,0.6785,1195.95,0.6784,2221.41,0.6783,1780.6,0.6795,22.1,0.6796,11.05,0.6797,1258.67,0.6798,1269.8,0.6799,2479.87,0.68,2817.98,0.6801,3211.35,0.6802,31370.6,0.6803,8813.29,0.6804,3748.59,,,,,,,,,,,,,,,,,,,,,,,,,,,,,,,,,,,,,,,,,0.000023,
2,7,54,0.6786,0.6776,-0.1474,1774137123000,0.6791,449.36,0.679,11.05,0.6789,22.09,0.6788,411.05,0.6787,2571.83,0.6786,2445.27,0.6785,1195.95,0.6784,2221.41,0.6783,6628.3,0.6782,24.99,0.6795,22.1,0.6796,11.05,0.6797,1258.67,0.6798,1269.8,0.6799,1049.77,0.68,2817.98,0.6801,3211.35,0.6802,32704.48,0.6803,8813.29,0.6804,3748.59,,,,,,,,,,,,,,,,,,,,,,,,,,,,,,,,,,,,,,,,,0.000023,
2,7,54,0.6784,0.6773,-0.1621,1774137124000,0.6792,1104.65,0.6791,602.91,0.679,11.04,0.6789,1708.28,0.6788,1001.68,0.6787,2571.83,0.6786,1708.29,0.6785,3174.48,0.6784,9706.93,0.6783,1780.6,0.6795,22.1,0.6796,11.05,0.6797,1258.67,0.6798,22.09,0.6799,1049.77,0.68,1346.97,0.6801,2648.69,0.6802,34122.29,0.6803,6104.95,0.6804,6123.23,,,,,,,,,,,,,,,,,,,,,,,,,,,,,,,,,,,,,,,,,0.000023,
2,7,54,0.6784,0.677,-0.2064,1774137125000,0.6793,438.57,0.6792,1104.65,0.679,224.69,0.6789,4241.08,0.6788,411.05,0.6787,4827.1,0.6786,1708.29,0.6785,2437.4,0.6784,38069.48,0.6783,1780.6,0.6796,11.05,0.6797,11.05,0.6798,22.09,0.6799,1049.77,0.68,1346.97,0.6801,2648.69,0.6802,3201.29,0.6803,1258.65,0.6804,1678.18,0.6805,32983.37,,,,,,,,,,,,,,,,,,,,,,,,,,,,,,,,,,,,,,,,,0.000023,
2,7,54,0.6783,0.6772,-0.1622,1774137126000,0.6795,1104.65,0.6794,3243.33,0.6793,2138.66,0.6792,1126.73,0.6791,747.47,0.679,99.3,0.6789,7187.55,0.6788,6564.58,0.6787,33582.57,0.6786,1708.29,0.6799,611.2,0.68,11.04,0.6801,1126.73,0.6802,449.6,0.6803,1258.65,0.6804,1358.38,0.6805,1546.18,0.6806,2579.31,0.6807,1269.77,0.6808,33242.5,,,,,,,,,,,,,,,,,,,,,,,,,,,,,,,,,,,,,,,,,0.000023,
2,7,54,0.6783,0.677,-0.1917,1774137127000,0.6794,671.6,0.6793,11.04,0.6792,22.08,0.6791,11.04,0.679,835.84,0.6789,7187.55,0.6788,411.05,0.6787,32152.47,0.6786,1708.29,0.6785,1107.62,0.6796,1247.62,0.6798,11.04,0.6799,1049.77,0.68,1258.66,0.6801,22.08,0.6802,449.6,0.6803,1258.65,0.6804,1358.38,0.6805,1546.18,0.6806,2579.31,,,,,,,,,,,,,,,,,,,,,,,,,,,,,,,,,,,,,,,,,0.000023,
2,7,54,0.6778,0.6773,-0.0738,1774137128000,0.6794,586.43,0.6793,597.47,0.6792,1929.97,0.6791,1324.11,0.679,2553.95,0.6789,7187.55,0.6788,1841.15,0.6787,32152.47,0.6786,1708.29,0.6785,1107.62,0.6798,11.04,0.6799,1049.77,0.68,1258.66,0.6801,1126.73,0.6802,449.6,0.6803,1258.65,0.6804,2700.21,0.6805,2107.84,0.6806,2579.31,0.6807,3443.91,,,,,,,,,,,,,,,,,,,,,,,,,,,,,,,,,,,,,,,,,,
2,7,54,0.678,0.6769,-0.1622,1774137129000,0.6795,586.39,0.6794,597.47,0.6793,1702.12,0.6792,1929.97,0.6791,1324.11,0.679,2553.95,0.6789,7187.55,0.6788,1841.15,0.6787,32152.47,0.6786,1708.29,0.6798,11.04,0.6799,1580.77,0.68,1258.66,0.6801,1126.73,0.6802,1829.5,0.6803,1969.05,0.6804,1270.11,0.6805,2107.84,0.6806,2579.31,0.6807,2064.41,,,,,,,,,,,,,,,,,,,,,,,,,,,,,,,,,,,,,,,,,0.000023,
2,7,54,0.6779,0.6772,-0.1033,1774137130000,0.6795,586.39,0.6794,3541.45,0.6793,1115.69,0.6792,1929.97,0.6791,1324.11,0.679,2553.95,0.6789,4977.73,0.6788,1841.15,0.6787,32152.47,0.6786,1708.29,0.6798,11.04,0.6799,1580.77,0.68,1258.66,0.6801,1126.73,0.6802,449.6,0.6803,1969.05,0.6804,2650.21,0.6805,2107.84,0.6806,2579.31,0.6807,2064.41,,,,,,,,,,,,,,,,,,,,,,,,,,,,,,,,,,,,,,,,,0.000023,
2,7,54,0.6777,0.6771,-0.0885,1774137131000,0.6793,1104.65,0.6792,1929.97,0.6791,1324.11,0.679,2553.95,0.6789,4977.73,0.6788,1841.15,0.6787,32152.47,0.6786,1708.29,0.6785,1107.62,0.6784,1821.41,0.6798,820.49,0.6799,1049.77,0.68,1258.66,0.6801,1126.73,0.6802,537.89,0.6803,1969.05,0.6804,2650.21,0.6805,2107.84,0.6806,1258.65,0.6807,2064.41,,,,,,,,,,,,,,,,,,,,,,,,,,,,,,,,,,,,,,,,,,
2,7,54,0.6781,0.677,-0.1622,1774137132000,0.6793,1104.65,0.6792,1929.97,0.6791,1324.11,0.679,2553.95,0.6789,4977.73,0.6788,1841.15,0.6787,32152.47,0.6786,1708.29,0.6785,1107.62,0.6784,1821.41,0.6798,820.49,0.6799,1049.77,0.68,1258.66,0.6801,1126.73,0.6802,537.89,0.6803,1969.05,0.6804,4080.31,0.6805,3434.98,0.6806,1258.65,0.6807,2064.41,,,,,,,,,,,,,,,,,,,,,,,,,,,,,,,,,,,,,,,,,0.000023,
2,7,54,0.6778,0.6767,-0.1623,1774137133000,,,,,,,,,,,,,,,,,,,,,,,,,,,,,,,,,,,,,,,,,,,,,,,,,,,,,,,,,,,,,,,,,,,,,,,,,,,,,,,,,0.000023,
2,7,54,0.6778,0.6761,-0.2508,1774137134000,0.6794,521.31,0.6793,1115.69,0.6792,1929.97,0.6791,1324.11,0.679,2953.95,0.6789,4977.73,0.6788,2729.15,0.6787,32152.47,0.6786,1708.29,0.6785,1107.62,0.6798,11.04,0.6799,611.2,0.68,1258.66,0.6801,1126.73,0.6802,537.89,0.6803,1258.65,0.6804,4080.31,0.6805,2107.84,0.6806,1258.65,0.6807,2064.41,,,,,,,,,,,,,,,,,,,,,,,,,,,,,,,,,,,,,,,,,0.000023,
2,7,54,0.6779,0.6744,-0.5163,1774137135000,0.6796,400,0.6795,411.04,0.6794,246.63,0.6793,1115.69,0.6792,1708.27,0.6791,2060.54,0.679,2953.95,0.6789,4241.08,0.6788,4535.27,0.6787,32152.47,0.6798,11.04,0.6799,611.2,0.68,1258.66,0.6801,1126.73,0.6802,537.89,0.6803,1258.65,0.6804,3969.29,0.6805,2107.84,0.6806,1258.65,0.6807,2064.41,,,,,,,,,,,,,,,,,,,,,,,,,,,,,,,,,,,,,,,,,0.000023,
2,7,54,0.6777,0.6747,-0.4427,1774137136000,0.6794,11.04,0.6793,1115.69,0.6792,1708.27,0.6791,2060.54,0.679,2953.95,0.6789,4241.08,0.6788,4535.27,0.6787,32152.47,0.6786,1708.29,0.6785,1107.62,0.6798,597.56,0.6799,902.41,0.68,1258.66,0.6801,1459.28,0.6802,537.89,0.6803,1258.65,0.6804,3969.29,0.6805,3537.94,0.6806,1258.65,0.6807,2064.41,,,,,,,,,,,,,,,,,,,,,,,,,,,,,,,,,,,,,,,,,0.000023,
2,7,54,0.6777,0.6749,-0.4132,1774137137000,0.6793,1104.65,0.6792,1955.47,0.6791,1324.11,0.679,2953.95,0.6789,4977.73,0.6788,2729.15,0.6787,32152.47,0.6786,1708.29,0.6785,1107.62,0.6784,1821.41,0.6798,597.56,0.6799,449.61,0.68,1258.66,0.6801,1459.28,0.6802,537.89,0.6803,1258.65,0.6804,3969.29,0.6805,3537.94,0.6806,1258.65,0.6807,2064.41,,,,,,,,,,,,,,,,,,,,,,,,,,,,,,,,,,,,,,,,,0.000023,
2,7,54,0.6775,0.6749,-0.3838,1774137138000,0.6793,1104.65,0.6792,1708.27,0.6791,1324.11,0.679,2553.95,0.6789,4977.73,0.6788,1841.15,0.6787,32152.47,0.6786,1708.29,0.6785,1107.62,0.6784,1821.41,0.6798,827.24,0.6799,449.61,0.68,1258.66,0.6801,1126.73,0.6802,537.89,0.6803,1258.65,0.6804,3969.29,0.6805,3537.94,0.6806,1258.65,0.6807,2064.41,,,,,,,,,,,,,,,,,,,,,,,,,,,,,,,,,,,,,,,,,0.000023,
2,7,54,0.6771,0.6753,-0.2658,1774137139000,0.6793,1104.65,0.6792,1708.27,0.6791,1324.11,0.679,2841.6,0.6789,4241.08,0.6788,1841.15,0.6787,32152.47,0.6786,1708.29,0.6785,1107.62,0.6784,1821.41,0.6798,827.24,0.6799,986.61,0.68,1258.66,0.6801,1126.73,0.6802,537.89,0.6803,1258.65,0.6804,3969.29,0.6805,3537.94,0.6806,1258.65,0.6807,2064.41,,,,,,,,,,,,,,,,,,,,,,,,,,,,,,,,,,,,,,,,,0.000023,
2,7,54,0.6764,0.6758,-0.0887,1774137140000,0.6794,585.91,0.6793,4060.4,0.6792,1708.27,0.6791,1324.11,0.679,2841.6,0.6789,4241.08,0.6788,2577.91,0.6787,32152.47,0.6786,1708.29,0.6785,1107.62,0.6798,1702.21,0.6799,986.61,0.68,1564.53,0.6801,1126.73,0.6802,537.89,0.6803,1258.65,0.6804,3969.29,0.6805,3537.94,0.6806,1258.65,0.6807,2064.41,,,,,,,,,,,,,,,,,,,,,,,,,,,,,,,,,,,,,,,,,0.000023,
2,7,54,0.6757,0.6759,0.0296,1774137141000,0.6793,2944.71,0.6792,22.08,0.6791,1324.11,0.679,2841.6,0.6789,4241.08,0.6788,2577.91,0.6787,32152.47,0.6786,1708.29,0.6785,1107.62,0.6784,1821.41,0.6797,1247.62,0.6798,1115.69,0.6799,449.61,0.68,1564.53,0.6801,1126.73,0.6802,537.89,0.6803,1258.65,0.6804,3969.29,0.6805,3537.94,0.6806,1258.65,,,,,,,,,,,,,,,,,,,,,,,,,,,,,,,,,,,,,,,,,0.000023,
2,7,54,0.6752,0.6755,0.0444,1774137142000,0.6793,1104.65,0.6792,1708.27,0.6791,1324.11,0.679,2841.6,0.6789,4241.08,0.6788,2577.91,0.6787,1258.76,0.6786,1708.29,0.6785,1107.62,0.6784,32728.76,0.6798,1393.99,0.6799,449.61,0.68,1258.66,0.6801,1126.73,0.6802,537.89,0.6803,1258.65,0.6804,3969.29,0.6805,34445.29,0.6806,1258.65,0.6807,2064.41,,,,,,,,,,,,,,,,,,,,,,,,,,,,,,,,,,,,,,,,,0.000023,
2,7,54,0.6755,0.6747,-0.1184,1774137143000,,,,,,,,,,,,,,,,,,,,,,,,,,,,,,,,,,,,,,,,,,,,,,,,,,,,,,,,,,,,,,,,,,,,,,,,,,,,,,,,,0.000023,
2,7,54,0.6755,0.671,-0.6662,1774137144000,0.6793,1104.65,0.6792,1708.27,0.6791,1324.11,0.679,2841.6,0.6789,4241.08,0.6788,2577.91,0.6787,1258.76,0.6786,1708.29,0.6785,1107.62,0.6784,32728.76,0.6797,519.71,0.6798,1991.99,0.6799,449.61,0.68,1258.66,0.6801,1126.73,0.6802,537.89,0.6803,1258.65,0.6804,3969.29,0.6805,34445.29,0.6806,1258.65,,,,,,,,,,,,,,,,,,,,,,,,,,,,,,,,,,,,,,,,,0.000023,
2,7,54,0.6721,0.6693,-0.4166,1774137149000,0.6794,987.14,0.6793,1115.69,0.6792,4653.19,0.6791,1324.11,0.679,1491.6,0.6789,5590.22,0.6788,1441.15,0.6787,1995.63,0.6786,1708.29,0.6785,1107.62,0.6798,1115.69,0.6799,449.61,0.68,1522.28,0.6801,1126.73,0.6802,537.89,0.6803,1258.65,0.6804,2650.21,0.6805,34445.29,0.6806,1523.51,0.6807,1269.77,,,,,,,,,,,,,,,,,,,,,,,,,,,,,,,,,,,,,,,,,0.000023,
2,7,54,0.6714,0.6703,-0.1638,1774137150000,0.6794,587.14,0.6793,1115.69,0.6792,4653.19,0.6791,1324.11,0.679,1891.6,0.6789,5590.22,0.6788,1441.15,0.6787,1995.63,0.6786,1708.29,0.6785,1107.62,0.6798,1115.69,0.6799,969.61,0.68,1258.66,0.6801,1459.28,0.6802,537.89,0.6803,2599.85,0.6804,2650.21,0.6805,34445.29,0.6806,1523.51,0.6807,1269.77,,,,,,,,,,,,,,,,,,,,,,,,,,,,,,,,,,,,,,,,,0.000023,
2,7,54,0.6701,0.6683,-0.2686,1774137151000,0.6794,499.9,0.6793,4060.24,0.6792,1708.27,0.6791,1324.11,0.679,1603.95,0.6789,5590.22,0.6788,1441.15,0.6787,1995.63,0.6786,1708.29,0.6785,1107.62,0.6798,1431.46,0.6799,969.61,0.68,1258.66,0.6801,1126.73,0.6802,537.89,0.6803,2599.85,0.6804,2650.21,0.6805,34445.29,0.6806,2053.27,0.6807,1269.77,,,,,,,,,,,,,,,,,,,,,,,,,,,,,,,,,,,,,,,,,0.000023,
2,7,54,0.6694,0.6639,-0.8216,1774137152000,,,,,,,,,,,,,,,,,,,,,,,,,,,,,,,,,,,,,,,,,,,,,,,,,,,,,,,,,,,,,,,,,,,,,,,,,,,,,,,,,0.000023,
2,7,54,0.6683,0.6613,-1.0474,1774137153000,0.6794,499.9,0.6793,4060.24,0.6792,1708.27,0.6791,1324.11,0.679,1603.95,0.6789,5590.22,0.6788,1441.15,0.6787,1995.63,0.6786,1708.29,0.6785,1107.62,0.6798,1431.46,0.6799,969.61,0.68,1258.66,0.6801,1126.73,0.6802,537.89,0.6803,3399.05,0.6804,2650.21,0.6805,34445.29,0.6806,2053.27,0.6807,1269.77,,,,,,,,,,,,,,,,,,,,,,,,,,,,,,,,,,,,,,,,,0.000023,
2,7,54,0.6669,0.6616,-0.7947,1774137154000,0.6795,988.37,0.6794,3444.18,0.6793,1115.69,0.6792,1708.27,0.6791,1614.16,0.679,1603.95,0.6789,6326.87,0.6788,1441.15,0.6787,1258.76,0.6786,1708.29,0.6798,846.81,0.6799,449.61,0.68,1258.66,0.6801,1126.73,0.6802,537.89,0.6803,2057.85,0.6804,2650.21,0.6805,34445.29,0.6806,2053.27,0.6807,1269.77,,,,,,,,,,,,,,,,,,,,,,,,,,,,,,,,,,,,,,,,,0.000023,
2,7,54,0.6626,0.6645,0.2867,1774137155000,0.6795,588.37,0.6794,2944.28,0.6793,2801.88,0.6792,22.08,0.6791,1324.11,0.679,1603.95,0.6789,4977.73,0.6788,1441.15,0.6787,1258.76,0.6786,1708.29,0.6798,11.04,0.6799,1258.66,0.68,11.04,0.6801,1126.73,0.6802,537.89,0.6803,2057.85,0.6804,2650.21,0.6805,34445.29,0.6806,2053.27,0.6807,1269.77,,,,,,,,,,,,,,,,,,,,,,,,,,,,,,,,,,,,,,,,,0.000023,
2,7,54,0.6579,0.6657,1.1856,1774137155598,0.6795,588.37,0.6794,2955.32,0.6793,2801.88,0.6792,22.08,0.6791,1324.11,0.679,1603.95,0.6789,4241.08,0.6788,1441.15,0.6787,1258.76,0.6786,1708.29,0.6798,11.04,0.6799,1258.66,0.68,239.48,0.6801,1126.73,0.6802,537.89,0.6803,2057.85,0.6804,2650.21,0.6805,34445.29,0.6806,2053.27,0.6807,1269.77,,,,,,,,,,,,,,,,,,,,,,,,,,,,,,,,,,,,,,,,,0.000023,
2,7,54,0.6585,0.668,1.4427,1774137155898,0.6795,588.37,0.6794,2955.32,0.6793,2801.88,0.6792,22.08,0.6791,1324.11,0.679,2939.05,0.6789,4241.08,0.6788,1441.15,0.6787,1258.76,0.6786,1708.29,0.6798,84.59,0.6799,1258.66,0.68,239.48,0.6801,1126.73,0.6802,537.89,0.6803,2057.85,0.6804,3968.38,0.6805,33015.19,0.6806,2053.27,0.6807,1269.77,,,,,,,,,,,,,,,,,,,,,,,,,,,,,,,,,,,,,,,,,0.000023,
2,7,54,0.6606,0.6672,0.9991,1774137156199,0.6795,588.37,0.6794,2955.32,0.6793,2801.88,0.6792,22.08,0.6791,1324.11,0.679,2939.05,0.6789,4241.08,0.6788,1441.15,0.6787,1258.76,0.6786,1708.29,0.6798,84.59,0.6799,1258.66,0.68,239.48,0.6801,1126.73,0.6802,537.89,0.6803,2057.85,0.6804,3968.38,0.6805,33015.19,0.6806,2053.27,0.6807,1269.77,,,,,,,,,,,,,,,,,,,,,,,,,,,,,,,,,,,,,,,,,0.000023,
2,7,54,0.6606,0.6673,1.0142,1774137156500,0.6795,588.37,0.6794,2955.32,0.6793,2801.88,0.6792,22.08,0.6791,1324.11,0.679,2939.05,0.6789,4241.08,0.6788,1441.15,0.6787,1258.76,0.6786,1708.29,0.6798,84.59,0.6799,1258.66,0.68,239.48,0.6801,1126.73,0.6802,537.89,0.6803,2057.85,0.6804,3968.38,0.6805,33015.19,0.6806,2053.27,0.6807,1269.77,,,,,,,,,,,,,,,,,,,,,,,,,,,,,,,,,,,,,,,,,0.000023,
2,7,54,0.6606,0.6678,1.0899,1774137156800,0.6795,588.37,0.6794,2955.32,0.6793,2801.88,0.6792,22.08,0.6791,1324.11,0.679,2939.05,0.6789,4241.08,0.6788,1441.15,0.6787,1258.76,0.6786,1708.29,0.6798,84.59,0.6799,1258.66,0.68,239.48,0.6801,1126.73,0.6802,537.89,0.6803,2057.85,0.6804,3968.38,0.6805,33015.19,0.6806,2053.27,0.6807,1269.77,,,,,,,,,,,,,,,,,,,,,,,,,,,,,,,,,,,,,,,,,0.000023,
2,7,54,0.6606,0.6678,1.0899,1774137157100,0.6793,4487.93,0.6792,22.08,0.6791,1324.11,0.679,1603.95,0.6789,4241.08,0.6788,11.05,0.6787,1258.76,0.6786,1708.29,0.6785,1107.62,0.6784,34986.59,0.6798,786.93,0.6799,1258.66,0.68,11.04,0.6801,1126.73,0.6802,537.89,0.6803,2057.85,0.6804,3968.38,0.6805,33015.19,0.6806,2053.27,0.6807,1269.77,,,,,,,,,,,,,,,,,,,,,,,,,,,,,,,,,,,,,,,,,0.000023,
2,7,54,0.6606,0.6678,1.0899,1774137157401,0.6793,4487.93,0.6792,22.08,0.6791,1324.11,0.679,1603.95,0.6789,4241.08,0.6788,11.05,0.6787,1258.76,0.6786,1708.29,0.6785,1107.62,0.6784,34986.59,0.6798,786.93,0.6799,1258.66,0.68,11.04,0.6801,1126.73,0.6802,537.89,0.6803,2057.85,0.6804,3968.38,0.6805,33015.19,0.6806,2053.27,0.6807,1269.77,,,,,,,,,,,,,,,,,,,,,,,,,,,,,,,,,,,,,,,,,0.000023,
2,7,54,0.6606,0.6678,1.0899,1774137157702,0.6793,4487.93,0.6792,22.08,0.6791,1324.11,0.679,1603.95,0.6789,4241.08,0.6788,11.05,0.6787,1258.76,0.6786,1708.29,0.6785,1107.62,0.6784,34986.59,0.6797,619,0.6798,713.38,0.6799,1258.66,0.68,11.04,0.6801,1126.73,0.6802,537.89,0.6803,2057.85,0.6804,3968.38,0.6805,33015.19,0.6806,2053.27,,,,,,,,,,,,,,,,,,,,,,,,,,,,,,,,,,,,,,,,,0.000023,
2,7,54,0.6606,0.667,0.9688,1774137158003,0.6793,4487.93,0.6792,22.08,0.6791,1324.11,0.679,1603.95,0.6789,5540.99,0.6788,11.05,0.6787,1258.76,0.6786,1708.29,0.6785,1107.62,0.6784,34986.59,0.6798,2283.08,0.6799,1258.66,0.68,11.04,0.6801,1126.73,0.6802,537.89,0.6803,3487.95,0.6804,3968.38,0.6805,33015.19,0.6806,2053.27,0.6807,1269.77,,,,,,,,,,,,,,,,,,,,,,,,,,,,,,,,,,,,,,,,,0.000023,
2,7,54,0.6606,0.6664,0.878,1774137158304,0.6793,4487.93,0.6792,22.08,0.6791,1324.11,0.679,1892.82,0.6789,5540.99,0.6788,2177.91,0.6787,1258.76,0.6786,1708.29,0.6785,1107.62,0.6784,34986.59,0.6798,2283.08,0.6799,1258.66,0.68,11.04,0.6801,1126.73,0.6802,537.89,0.6803,3487.95,0.6804,3968.38,0.6805,33015.19,0.6806,2053.27,0.6807,1269.77,,,,,,,,,,,,,,,,,,,,,,,,,,,,,,,,,,,,,,,,,0.000023,
2,7,54,0.6606,0.6661,0.8326,1774137158605,0.6793,4487.93,0.6792,22.08,0.6791,1324.11,0.679,1892.82,0.6789,5540.99,0.6788,2177.91,0.6787,1258.76,0.6786,1708.29,0.6785,1107.62,0.6784,34986.59,0.6798,2283.08,0.6799,1877.66,0.68,11.04,0.6801,1126.73,0.6802,537.89,0.6803,3487.95,0.6804,3968.38,0.6805,33015.19,0.6806,2053.27,0.6807,1269.77,,,,,,,,,,,,,,,,,,,,,,,,,,,,,,,,,,,,,,,,,0.000023,
2,7,54,0.6606,0.6664,0.878,1774137158905,0.6793,4487.93,0.6792,22.08,0.6791,1324.11,0.679,1892.82,0.6789,5540.99,0.6788,2177.91,0.6787,1258.76,0.6786,1708.29,0.6785,1107.62,0.6784,34986.59,0.6798,2283.08,0.6799,1877.66,0.68,11.04,0.6801,1126.73,0.6802,537.89,0.6803,3487.95,0.6804,3968.38,0.6805,33015.19,0.6806,2053.27,0.6807,1269.77,,,,,,,,,,,,,,,,,,,,,,,,,,,,,,,,,,,,,,,,,0.000023,
2,7,54,0.6606,0.6661,0.8326,1774137159206,0.6793,4049.36,0.6792,1269.7,0.6791,1724.11,0.679,1892.82,0.6789,5540.99,0.6788,2177.91,0.6787,1258.76,0.6786,1708.29,0.6785,1107.62,0.6784,34986.59,0.6798,2283.08,0.6799,1877.66,0.68,11.04,0.6801,1126.73,0.6802,537.89,0.6803,3487.95,0.6804,3968.38,0.6805,33015.19,0.6806,2053.27,0.6807,1269.77,,,,,,,,,,,,,,,,,,,,,,,,,,,,,,,,,,,,,,,,,0.000023,
2,7,54,0.6606,0.6661,0.8326,1774137159506,0.6793,1104.65,0.6792,1269.7,0.6791,4269.52,0.679,1892.82,0.6789,5540.99,0.6788,1441.15,0.6787,1258.76,0.6786,1708.29,0.6785,1107.62,0.6784,32728.76,0.6797,751.38,0.6798,3123.96,0.6799,1877.66,0.68,11.04,0.6801,1126.73,0.6802,537.89,0.6803,3487.95,0.6804,3968.38,0.6805,33015.19,0.6806,2053.27,,,,,,,,,,,,,,,,,,,,,,,,,,,,,,,,,,,,,,,,,0.000023,
2,7,54,0.6606,0.6665,0.8931,1774137159807,0.6793,1104.65,0.6792,1269.7,0.6791,4269.52,0.679,1892.82,0.6789,5540.99,0.6788,1441.15,0.6787,1258.76,0.6786,1708.29,0.6785,1107.62,0.6784,32728.76,0.6797,751.38,0.6798,3123.96,0.6799,1877.66,0.68,11.04,0.6801,1126.73,0.6802,537.89,0.6803,3487.95,0.6804,3968.38,0.6805,33015.19,0.6806,2053.27,,,,,,,,,,,,,,,,,,,,,,,,,,,,,,,,,,,,,,,,,0.000023,
2,7,54,0.6606,0.6669,0.9537,1774137160108,0.6793,1104.65,0.6792,1269.7,0.6791,1324.11,0.679,1892.82,0.6789,5540.99,0.6788,1441.15,0.6787,1258.76,0.6786,1708.29,0.6785,1107.62,0.6784,32728.76,0.6797,751.38,0.6798,3123.96,0.6799,1877.66,0.68,11.04,0.6801,1126.73,0.6802,537.89,0.6803,3487.95,0.6804,3968.38,0.6805,33015.19,0.6806,2053.27,,,,,,,,,,,,,,,,,,,,,,,,,,,,,,,,,,,,,,,,,0.000023,
2,7,54,0.6606,0.6667,0.9234,1774137160408,0.6793,1104.65,0.6792,1269.7,0.6791,1324.11,0.679,1892.82,0.6789,5540.99,0.6788,1441.15,0.6787,1258.76,0.6786,1708.29,0.6785,1107.62,0.6784,32728.76,0.6797,751.38,0.6798,3123.96,0.6799,1877.66,0.68,11.04,0.6801,1126.73,0.6802,537.89,0.6803,3487.95,0.6804,2650.21,0.6805,33015.19,0.6806,2053.27,,,,,,,,,,,,,,,,,,,,,,,,,,,,,,,,,,,,,,,,,0.000023,
2,7,54,0.6606,0.6661,0.8326,1774137160709,0.6793,1104.65,0.6792,1269.7,0.6791,1324.11,0.679,1892.82,0.6789,5540.99,0.6788,1441.15,0.6787,1258.76,0.6786,1708.29,0.6785,1107.62,0.6784,32728.76,0.6797,751.38,0.6798,3123.96,0.6799,1877.66,0.68,11.04,0.6801,1126.73,0.6802,537.89,0.6803,3487.95,0.6804,2650.21,0.6805,33015.19,0.6806,2053.27,,,,,,,,,,,,,,,,,,,,,,,,,,,,,,,,,,,,,,,,,0.000023,
2,7,54,0.6606,0.6654,0.7266,1774137161010,0.6793,1104.65,0.6792,1269.7,0.6791,1324.11,0.679,1892.82,0.6789,4241.08,0.6788,1441.15,0.6787,1258.76,0.6786,2445.27,0.6785,1107.62,0.6784,32728.76,0.6797,751.38,0.6798,3123.96,0.6799,1877.66,0.68,11.04,0.6801,1126.73,0.6802,537.89,0.6803,4830.07,0.6804,2650.21,0.6805,33015.19,0.6806,2053.27,,,,,,,,,,,,,,,,,,,,,,,,,,,,,,,,,,,,,,,,,0.000023,
2,7,54,0.6669,0.6654,-0.2249,1774137161310,0.6793,1104.65,0.6792,1269.7,0.6791,1324.11,0.679,1892.82,0.6789,4241.08,0.6788,1441.15,0.6787,1258.76,0.6786,2445.27,0.6785,1107.62,0.6784,32728.76,0.6797,751.38,0.6798,3123.96,0.6799,1877.66,0.68,11.04,0.6801,1126.73,0.6802,537.89,0.6803,4830.07,0.6804,2650.21,0.6805,33015.19,0.6806,2053.27,,,,,,,,,,,,,,,,,,,,,,,,,,,,,,,,,,,,,,,,,0.000023,
2,7,54,0.6665,0.6646,-0.2851,1774137161611,0.6793,1104.65,0.6792,1269.7,0.6791,1324.11,0.679,1892.82,0.6789,4241.08,0.6788,1441.15,0.6787,1258.76,0.6786,2445.27,0.6785,1107.62,0.6784,32728.76,0.6797,751.38,0.6798,3123.96,0.6799,1877.66,0.68,11.04,0.6801,1126.73,0.6802,537.89,0.6803,4830.07,0.6804,2650.21,0.6805,33015.19,0.6806,2053.27,,,,,,,,,,,,,,,,,,,,,,,,,,,,,,,,,,,,,,,,,0.000021,
2,7,54,0.6661,0.6653,-0.1201,1774137161912,0.6793,1104.65,0.6792,1269.7,0.6791,1324.11,0.679,1892.82,0.6789,4641.08,0.6788,2748.74,0.6787,1258.76,0.6786,2445.27,0.6785,1107.62,0.6784,32728.76,0.6796,588.42,0.6797,762.42,0.6798,1554.26,0.6799,1877.66,0.68,11.04,0.6801,1126.73,0.6802,537.89,0.6803,4830.07,0.6804,2650.21,0.6805,33015.19,,,,,,,,,,,,,,,,,,,,,,,,,,,,,,,,,,,,,,,,,0.000021,
2,7,54,0.6666,0.6656,-0.15,1774137162212,0.6793,1104.65,0.6792,1269.7,0.6791,1324.11,0.679,1892.82,0.6789,4641.08,0.6788,2748.74,0.6787,1258.76,0.6786,2445.27,0.6785,1107.62,0.6784,32728.76,0.6796,588.42,0.6797,762.42,0.6798,1554.26,0.6799,1877.66,0.68,11.04,0.6801,1126.73,0.6802,537.89,0.6803,4830.07,0.6804,2650.21,0.6805,33015.19,,,,,,,,,,,,,,,,,,,,,,,,,,,,,,,,,,,,,,,,,0.000023,
2,7,54,0.6664,0.6648,-0.2401,1774137162513,0.6793,1104.65,0.6792,1269.7,0.6791,1324.11,0.679,1603.95,0.6789,4641.08,0.6788,1318.64,0.6787,1258.76,0.6786,2445.27,0.6785,1107.62,0.6784,32728.76,0.6796,588.42,0.6797,762.42,0.6798,1554.26,0.6799,1877.66,0.68,11.04,0.6801,1126.73,0.6802,537.89,0.6803,4830.07,0.6804,2650.21,0.6805,33015.19,,,,,,,,,,,,,,,,,,,,,,,,,,,,,,,,,,,,,,,,,0.000023,
2,7,54,0.6664,0.6654,-0.1501,1774137162813,0.6793,1104.65,0.6792,1269.7,0.6791,1324.11,0.679,1603.95,0.6789,4641.08,0.6788,1318.64,0.6787,1258.76,0.6786,2445.27,0.6785,1107.62,0.6784,32728.76,0.6796,588.42,0.6797,762.42,0.6798,1554.26,0.6799,1877.66,0.68,11.04,0.6801,1126.73,0.6802,537.89,0.6803,4830.07,0.6804,2650.21,0.6805,33015.19,,,,,,,,,,,,,,,,,,,,,,,,,,,,,,,,,,,,,,,,,0.000023,
2,7,54,0.667,0.6663,-0.1049,1774137163114,0.6793,1104.65,0.6792,1269.7,0.6791,1324.11,0.679,1603.95,0.6789,4641.08,0.6788,1318.64,0.6787,2688.86,0.6786,2445.27,0.6785,1107.62,0.6784,32728.76,0.6796,588.42,0.6797,762.42,0.6798,1554.26,0.6799,1877.66,0.68,11.04,0.6801,1126.73,0.6802,537.89,0.6803,4830.07,0.6804,2650.21,0.6805,33015.19,,,,,,,,,,,,,,,,,,,,,,,,,,,,,,,,,,,,,,,,,0.000023,
2,7,54,0.6675,0.6665,-0.1498,1774137163415,0.6793,1104.65,0.6792,4214.85,0.6791,1324.11,0.679,1603.95,0.6789,4641.08,0.6788,1318.64,0.6787,2688.86,0.6786,2445.27,0.6785,1107.62,0.6784,32728.76,0.6796,588.42,0.6797,264.25,0.6798,1554.26,0.6799,1877.66,0.68,11.04,0.6801,1126.73,0.6802,537.89,0.6803,4830.07,0.6804,2650.21,0.6805,33015.19,,,,,,,,,,,,,,,,,,,,,,,,,,,,,,,,,,,,,,,,,0.000023,
2,7,54,0.6677,0.667,-0.1048,1774137163716,0.6793,1104.65,0.6792,4214.85,0.6791,1324.11,0.679,1603.95,0.6789,4641.08,0.6788,1318.64,0.6787,2688.86,0.6786,2445.27,0.6785,1107.62,0.6784,32728.76,0.6796,588.42,0.6797,264.25,0.6798,1554.26,0.6799,1877.66,0.68,11.04,0.6801,1126.73,0.6802,537.89,0.6803,4830.07,0.6804,2650.21,0.6805,33015.19,,,,,,,,,,,,,,,,,,,,,,,,,,,,,,,,,,,,,,,,,0.000023,
2,7,54,0.6683,0.6673,-0.1496,1774137164016,0.6793,1104.65,0.6792,4214.85,0.6791,1324.11,0.679,1603.95,0.6789,4641.08,0.6788,1318.64,0.6787,2688.86,0.6786,2445.27,0.6785,1107.62,0.6784,32728.76,0.6797,2164.56,0.6798,1554.26,0.6799,1258.66,0.68,11.04,0.6801,1126.73,0.6802,537.89,0.6803,4830.07,0.6804,2650.21,0.6805,33015.19,0.6806,2053.27,,,,,,,,,,,,,,,,,,,,,,,,,,,,,,,,,,,,,,,,,0.000023,
2,7,54,0.668,0.6668,-0.1796,1774137164316,0.6793,1104.65,0.6792,4214.85,0.6791,1324.11,0.679,1603.95,0.6789,4641.08,0.6788,1318.64,0.6787,2688.86,0.6786,2445.27,0.6785,1107.62,0.6784,32728.76,0.6797,2164.56,0.6798,1554.26,0.6799,1258.66,0.68,11.04,0.6801,1126.73,0.6802,537.89,0.6803,4830.07,0.6804,2650.21,0.6805,33015.19,0.6806,2053.27,,,,,,,,,,,,,,,,,,,,,,,,,,,,,,,,,,,,,,,,,0.000023,
2,7,54,0.668,0.6667,-0.1946,1774137164617,0.6793,1104.65,0.6792,4214.85,0.6791,1324.11,0.679,1603.95,0.6789,4641.08,0.6788,1318.64,0.6787,2688.86,0.6786,2445.27,0.6785,1107.62,0.6784,32728.76,0.6797,2164.56,0.6798,1554.26,0.6799,1258.66,0.68,11.04,0.6801,1126.73,0.6802,537.89,0.6803,4830.07,0.6804,2650.21,0.6805,33015.19,0.6806,2053.27,,,,,,,,,,,,,,,,,,,,,,,,,,,,,,,,,,,,,,,,,0.000023,
2,7,54,0.6681,0.667,-0.1646,1774137164918,0.6793,1104.65,0.6792,1269.7,0.6791,4269.7,0.679,1603.95,0.6789,4641.08,0.6788,1318.64,0.6787,2688.86,0.6786,2445.27,0.6785,1107.62,0.6784,32728.76,0.6797,2164.56,0.6798,1554.26,0.6799,1258.66,0.68,11.04,0.6801,1126.73,0.6802,537.89,0.6803,4830.07,0.6804,2650.21,0.6805,33015.19,0.6806,2053.27,,,,,,,,,,,,,,,,,,,,,,,,,,,,,,,,,,,,,,,,,0.000023,
2,7,54,0.6681,0.6673,-0.1197,1774137165219,0.6793,1104.65,0.6792,1269.7,0.6791,4269.7,0.679,1203.95,0.6789,4241.08,0.6788,1318.64,0.6787,2688.86,0.6786,2445.27,0.6785,1107.62,0.6784,32728.76,0.6797,2164.56,0.6798,1554.26,0.6799,1258.66,0.68,11.04,0.6801,1126.73,0.6802,537.89,0.6803,4830.07,0.6804,2650.21,0.6805,33015.19,0.6806,2053.27,,,,,,,,,,,,,,,,,,,,,,,,,,,,,,,,,,,,,,,,,0.000023,
2,7,54,0.6681,0.667,-0.1646,1774137165519,0.6793,1104.65,0.6792,1269.7,0.6791,4269.7,0.679,1203.95,0.6789,4241.08,0.6788,1318.64,0.6787,2688.86,0.6786,2445.27,0.6785,1107.62,0.6784,32728.76,0.6797,2164.56,0.6798,1554.26,0.6799,1258.66,0.68,11.04,0.6801,1126.73,0.6802,537.89,0.6803,4830.07,0.6804,2650.21,0.6805,33015.19,0.6806,2053.27,,,,,,,,,,,,,,,,,,,,,,,,,,,,,,,,,,,,,,,,,0.000023,
2,7,54,0.6679,0.6667,-0.1797,1774137165819,0.6793,1104.65,0.6792,4214.77,0.6791,1324.11,0.679,1203.95,0.6789,4241.08,0.6788,1318.64,0.6787,2688.86,0.6786,2445.27,0.6785,1107.62,0.6784,32728.76,0.6797,1911.35,0.6798,1811.61,0.6799,1258.66,0.68,11.04,0.6801,1126.73,0.6802,537.89,0.6803,4830.07,0.6804,2650.21,0.6805,33015.19,0.6806,5530.96,,,,,,,,,,,,,,,,,,,,,,,,,,,,,,,,,,,,,,,,,0.000023,
2,7,54,0.668,0.6672,-0.1198,1774137166120,0.6793,1104.65,0.6792,1269.7,0.6791,1324.11,0.679,1203.95,0.6789,4241.08,0.6788,1318.64,0.6787,2688.86,0.6786,2445.27,0.6785,1107.62,0.6784,32728.76,0.6797,84.6,0.6798,1811.61,0.6799,1258.66,0.68,11.04,0.6801,1126.73,0.6802,537.89,0.6803,2057.85,0.6804,2650.21,0.6805,33015.19,0.6806,5530.96,,,,,,,,,,,,,,,,,,,,,,,,,,,,,,,,,,,,,,,,,0.000023,
2,7,54,0.6681,0.667,-0.1646,1774137166420,0.6793,1104.65,0.6792,1269.7,0.6791,1324.11,0.679,1203.95,0.6789,4241.08,0.6788,2055.4,0.6787,2688.86,0.6786,1708.29,0.6785,1107.62,0.6784,32728.76,0.6797,84.6,0.6798,1811.61,0.6799,1258.66,0.68,11.04,0.6801,1126.73,0.6802,537.89,0.6803,2057.85,0.6804,2650.21,0.6805,33015.19,0.6806,5530.96,,,,,,,,,,,,,,,,,,,,,,,,,,,,,,,,,,,,,,,,,0.000023,
2,7,54,0.6684,0.6673,-0.1646,1774137166720,0.6793,1104.65,0.6792,1269.7,0.6791,1324.11,0.679,1203.95,0.6789,4641.08,0.6788,2055.4,0.6787,2688.86,0.6786,1708.29,0.6785,1107.62,0.6784,32728.76,0.6797,158.16,0.6798,1811.61,0.6799,1258.66,0.68,11.04,0.6801,1126.73,0.6802,537.89,0.6803,2057.85,0.6804,2650.21,0.6805,33015.19,0.6806,5959.87,,,,,,,,,,,,,,,,,,,,,,,,,,,,,,,,,,,,,,,,,0.000023,
2,7,54,0.6685,0.6677,-0.1197,1774137167020,0.6793,1104.65,0.6792,1269.7,0.6791,1324.11,0.679,1203.95,0.6789,4641.08,0.6788,2055.4,0.6787,2688.86,0.6786,1708.29,0.6785,1107.62,0.6784,32728.76,0.6797,158.16,0.6798,1811.61,0.6799,1258.66,0.68,11.04,0.6801,1126.73,0.6802,537.89,0.6803,2688.75,0.6804,2650.21,0.6805,33015.19,0.6806,5959.87,,,,,,,,,,,,,,,,,,,,,,,,,,,,,,,,,,,,,,,,,0.000023,
2,7,54,0.6684,0.6671,-0.1945,1774137167322,0.6793,1104.65,0.6792,1269.7,0.6791,1324.11,0.679,1203.95,0.6789,4641.08,0.6788,2055.4,0.6787,2688.86,0.6786,1708.29,0.6785,1107.62,0.6784,32728.76,0.6797,84.6,0.6798,1811.61,0.6799,1258.66,0.68,11.04,0.6801,1126.73,0.6802,1859.5,0.6803,2688.75,0.6804,2650.21,0.6805,33015.19,0.6806,8602.11,,,,,,,,,,,,,,,,,,,,,,,,,,,,,,,,,,,,,,,,,0.000023,
2,7,54,0.6684,0.6671,-0.1945,1774137167623,0.6793,1104.65,0.6792,1269.7,0.6791,1324.11,0.679,1203.95,0.6789,4641.08,0.6788,2055.4,0.6787,2688.86,0.6786,1708.29,0.6785,1107.62,0.6784,32728.76,0.6797,84.6,0.6798,1811.61,0.6799,1258.66,0.68,11.04,0.6801,1126.73,0.6802,1859.5,0.6803,2688.75,0.6804,2650.21,0.6805,33015.19,0.6806,8602.11,,,,,,,,,,,,,,,,,,,,,,,,,,,,,,,,,,,,,,,,,0.000023,
2,7,54,0.6682,0.6671,-0.1646,1774137167923,0.6793,1104.65,0.6792,1269.7,0.6791,4269.38,0.679,1203.95,0.6789,4641.08,0.6788,1318.64,0.6787,2688.86,0.6786,1708.29,0.6785,1107.62,0.6784,32728.76,0.6797,306.3,0.6798,1554.26,0.6799,1258.66,0.68,11.04,0.6801,1126.73,0.6802,1859.5,0.6803,2688.75,0.6804,2650.21,0.6805,33015.19,0.6806,8602.11,,,,,,,,,,,,,,,,,,,,,,,,,,,,,,,,,,,,,,,,,0.000023,
2,7,54,0.6682,0.6671,-0.1646,1774137168224,0.6793,1104.65,0.6792,1269.7,0.6791,4269.38,0.679,1203.95,0.6789,4641.08,0.6788,1318.64,0.6787,2688.86,0.6786,1708.29,0.6785,1107.62,0.6784,32728.76,0.6797,232.74,0.6798,1554.26,0.6799,1258.66,0.68,11.04,0.6801,1126.73,0.6802,1859.5,0.6803,2688.75,0.6804,2650.21,0.6805,33015.19,0.6806,8602.11,,,,,,,,,,,,,,,,,,,,,,,,,,,,,,,,,,,,,,,,,0.000023,
2,7,54,0.6678,0.6669,-0.1348,1774137168525,0.6793,1104.65,0.6792,1269.7,0.6791,4269.38,0.679,1203.95,0.6789,4641.08,0.6788,1318.64,0.6787,2688.86,0.6786,2445.27,0.6785,1107.62,0.6784,32728.76,0.6797,232.74,0.6798,1554.26,0.6799,1258.66,0.68,11.04,0.6801,1126.73,0.6802,1859.5,0.6803,2688.75,0.6804,2650.21,0.6805,33015.19,0.6806,8602.11,,,,,,,,,,,,,,,,,,,,,,,,,,,,,,,,,,,,,,,,,0.000023,
2,7,54,0.6679,0.6671,-0.1198,1774137168825,0.6792,4203.74,0.6791,1324.11,0.679,1203.95,0.6789,4241.08,0.6788,1318.64,0.6787,2688.86,0.6786,2445.27,0.6785,1107.62,0.6784,32728.76,0.6783,11459.5,0.6797,232.74,0.6798,1554.26,0.6799,1258.66,0.68,11.04,0.6801,1126.73,0.6802,1859.5,0.6803,2688.75,0.6804,2650.21,0.6805,33015.19,0.6806,8602.11,,,,,,,,,,,,,,,,,,,,,,,,,,,,,,,,,,,,,,,,,0.000023,
2,7,54,0.6678,0.6671,-0.1048,1774137169126,0.6793,1177.43,0.6792,4214.78,0.6791,1324.11,0.679,1433.2,0.6789,4241.08,0.6788,1318.64,0.6787,2688.86,0.6786,2445.27,0.6785,1107.62,0.6784,32728.76,0.6797,232.74,0.6798,1554.26,0.6799,1258.66,0.68,11.04,0.6801,1126.73,0.6802,1859.5,0.6803,2688.75,0.6804,2650.21,0.6805,33015.19,0.6806,8602.11,,,,,,,,,,,,,,,,,,,,,,,,,,,,,,,,,,,,,,,,,0.000023,
2,7,54,0.6678,0.6669,-0.1348,1774137169427,0.6793,1177.43,0.6792,4214.78,0.6791,1324.11,0.679,1433.2,0.6789,4241.08,0.6788,1318.64,0.6787,2688.86,0.6786,2445.27,0.6785,1107.62,0.6784,32728.76,0.6797,232.74,0.6798,1554.26,0.6799,1258.66,0.68,11.04,0.6801,1126.73,0.6802,1859.5,0.6803,2688.75,0.6804,2650.21,0.6805,33015.19,0.6806,8602.11,,,,,,,,,,,,,,,,,,,,,,,,,,,,,,,,,,,,,,,,,0.000023,
2,7,54,0.6676,0.6666,-0.1498,1774137169727,0.6793,1177.43,0.6792,4214.78,0.6791,1324.11,0.679,1203.95,0.6789,4241.08,0.6788,1318.64,0.6787,2688.86,0.6786,2445.27,0.6785,1107.62,0.6784,32728.76,0.6797,232.74,0.6798,1554.26,0.6799,1258.66,0.68,11.04,0.6801,1126.73,0.6802,1859.5,0.6803,2688.75,0.6804,2650.21,0.6805,33015.19,0.6806,8602.11,,,,,,,,,,,,,,,,,,,,,,,,,,,,,,,,,,,,,,,,,0.000023,
2,7,54,0.6677,0.6667,-0.1498,1774137170027,0.6793,4122.15,0.6792,1269.7,0.6791,1324.11,0.679,1203.95,0.6789,4241.08,0.6788,1318.64,0.6787,2688.86,0.6786,2445.27,0.6785,1107.62,0.6784,32728.76,0.6797,839.07,0.6798,1554.26,0.6799,1258.66,0.68,11.04,0.6801,1126.73,0.6802,1859.5,0.6803,2688.75,0.6804,2650.21,0.6805,33015.19,0.6806,8602.11,,,,,,,,,,,,,,,,,,,,,,,,,,,,,,,,,,,,,,,,,0.000023,
2,7,54,0.6679,0.6672,-0.1048,1774137170328,0.6793,4122.15,0.6792,1269.7,0.6791,1324.11,0.679,1203.95,0.6789,4241.08,0.6788,1318.64,0.6787,2688.86,0.6786,2445.27,0.6785,1107.62,0.6784,32728.76,0.6797,839.07,0.6798,2073.26,0.6799,1258.66,0.68,11.04,0.6801,1126.73,0.6802,1859.5,0.6803,2688.75,0.6804,2650.21,0.6805,33015.19,0.6806,8602.11,,,,,,,,,,,,,,,,,,,,,,,,,,,,,,,,,,,,,,,,,0.000023,
2,7,54,0.6681,0.6673,-0.1197,1774137170629,0.6793,4122.15,0.6792,1269.7,0.6791,1324.11,0.679,1203.95,0.6789,4241.08,0.6788,1318.64,0.6787,2688.86,0.6786,2445.27,0.6785,1107.62,0.6784,32728.76,0.6797,1441.94,0.6798,2073.26,0.6799,1258.66,0.68,11.04,0.6801,1126.73,0.6802,1859.5,0.6803,2688.75,0.6804,2650.21,0.6805,33015.19,0.6806,8602.11,,,,,,,,,,,,,,,,,,,,,,,,,,,,,,,,,,,,,,,,,0.000023,
2,7,54,0.6682,0.6673,-0.1347,1774137170929,0.6793,4122.15,0.6792,1269.7,0.6791,1324.11,0.679,1203.95,0.6789,4241.08,0.6788,1318.64,0.6787,2688.86,0.6786,2445.27,0.6785,1107.62,0.6784,32728.76,0.6797,1441.94,0.6798,2073.26,0.6799,1258.66,0.68,11.04,0.6801,1126.73,0.6802,1859.5,0.6803,2688.75,0.6804,2650.21,0.6805,33015.19,0.6806,8602.11,,,,,,,,,,,,,,,,,,,,,,,,,,,,,,,,,,,,,,,,,0.000023,
2,7,54,0.6677,0.6668,-0.1348,1774137171229,0.6793,4122.15,0.6792,1269.7,0.6791,1324.11,0.679,1203.95,0.6789,4241.08,0.6788,1318.64,0.6787,2688.86,0.6786,2445.27,0.6785,1107.62,0.6784,32728.76,0.6797,1441.94,0.6798,2073.26,0.6799,1258.66,0.68,11.04,0.6801,1126.73,0.6802,1859.5,0.6803,2688.75,0.6804,2650.21,0.6805,33015.19,0.6806,8602.11,,,,,,,,,,,,,,,,,,,,,,,,,,,,,,,,,,,,,,,,,0.000023,
2,7,54,0.6677,0.6668,-0.1348,1774137171530,0.6793,4122.15,0.6792,1269.7,0.6791,1324.11,0.679,1203.95,0.6789,4241.08,0.6788,1318.64,0.6787,2688.86,0.6786,2445.27,0.6785,1107.62,0.6784,32728.76,0.6797,1441.94,0.6798,2073.26,0.6799,1258.66,0.68,11.04,0.6801,1126.73,0.6802,1859.5,0.6803,2688.75,0.6804,2650.21,0.6805,33015.19,0.6806,8602.11,,,,,,,,,,,,,,,,,,,,,,,,,,,,,,,,,,,,,,,,,0.000023,
2,7,54,0.6677,0.6668,-0.1348,1774137171831,0.6793,2944.72,0.6792,22.08,0.6791,1324.11,0.679,1115.69,0.6789,4241.08,0.6788,1318.64,0.6787,2688.86,0.6786,2445.27,0.6785,1107.62,0.6784,32728.76,0.6797,1441.94,0.6798,2073.26,0.6799,1258.66,0.68,11.04,0.6801,1126.73,0.6802,1859.5,0.6803,2688.75,0.6804,2650.21,0.6805,33015.19,0.6806,8602.11,,,,,,,,,,,,,,,,,,,,,,,,,,,,,,,,,,,,,,,,,0.000023,
2,7,54,0.6677,0.6668,-0.1348,1774137172132,0.6792,11.04,0.6791,1324.11,0.679,4061.51,0.6789,4241.08,0.6788,1318.64,0.6787,1258.76,0.6786,2445.27,0.6785,1107.62,0.6784,32817.06,0.6783,11459.5,0.6795,854.02,0.6796,11.04,0.6797,617.37,0.6798,3269.19,0.6799,1258.66,0.68,11.04,0.6801,1126.73,0.6802,2566.04,0.6803,2688.75,0.6804,7095.26,,,,,,,,,,,,,,,,,,,,,,,,,,,,,,,,,,,,,,,,,0.000023,
2,7,54,0.6682,0.667,-0.1796,1774137172433,0.6792,11.04,0.6791,1324.11,0.679,4061.51,0.6789,4241.08,0.6788,1318.64,0.6787,1258.76,0.6786,3875.37,0.6785,1107.62,0.6784,32817.06,0.6783,11459.5,0.6795,854.02,0.6796,11.04,0.6797,617.37,0.6798,3269.19,0.6799,1258.66,0.68,11.04,0.6801,1126.73,0.6802,2566.04,0.6803,2688.75,0.6804,7095.26,,,,,,,,,,,,,,,,,,,,,,,,,,,,,,,,,,,,,,,,,0.000023,
2,7,54,0.6683,0.6672,-0.1646,1774137172734,0.6792,11.04,0.6791,1324.11,0.679,4061.51,0.6789,1708.28,0.6788,1318.64,0.6787,1258.76,0.6786,2445.27,0.6785,1107.62,0.6784,32817.06,0.6783,6628.8,0.6795,1503.8,0.6796,11.04,0.6797,617.37,0.6798,3269.19,0.6799,1258.66,0.68,11.04,0.6801,1126.73,0.6802,2566.04,0.6803,2688.75,0.6804,7095.26,,,,,,,,,,,,,,,,,,,,,,,,,,,,,,,,,,,,,,,,,0.000023,
2,7,54,0.6683,0.6673,-0.1496,1774137173034,0.6792,11.04,0.6791,1324.11,0.679,4061.51,0.6789,1708.28,0.6788,1318.64,0.6787,1258.76,0.6786,4995.47,0.6785,1107.62,0.6784,32817.06,0.6783,6628.8,0.6795,2245.83,0.6796,11.04,0.6797,617.37,0.6798,3269.19,0.6799,1258.66,0.68,11.04,0.6801,1126.73,0.6802,2566.04,0.6803,2688.75,0.6804,7095.26,,,,,,,,,,,,,,,,,,,,,,,,,,,,,,,,,,,,,,,,,0.000023,
2,7,54,0.6685,0.6674,-0.1645,1774137173335,0.6791,1100.92,0.679,4061.51,0.6789,1708.28,0.6788,1318.64,0.6787,1258.76,0.6786,4995.47,0.6785,11.04,0.6784,32817.06,0.6783,6628.8,0.6782,443,0.6794,492.7,0.6795,1503.8,0.6796,11.04,0.6797,617.37,0.6798,3269.19,0.6799,1258.66,0.68,11.04,0.6801,1126.73,0.6802,4904.14,0.6803,2688.75,,,,,,,,,,,,,,,,,,,,,,,,,,,,,,,,,,,,,,,,,0.000023,
2,7,54,0.6685,0.6676,-0.1346,1774137173635,0.679,11.04,0.6789,1269.71,0.6788,1318.64,0.6787,1258.76,0.6786,4995.47,0.6785,11.04,0.6784,1909.71,0.6783,6628.8,0.6782,443,0.6781,1576.59,0.6793,569.86,0.6794,756.75,0.6795,600.71,0.6796,11.04,0.6797,11.04,0.6798,3269.19,0.6799,1258.66,0.68,11.04,0.6801,1126.73,0.6802,4904.14,,,,,,,,,,,,,,,,,,,,,,,,,,,,,,,,,,,,,,,,,0.000023,
2,7,54,0.6685,0.6676,-0.1346,1774137173935,0.6789,1247.62,0.6788,11.05,0.6787,1258.76,0.6786,4995.47,0.6785,11.04,0.6784,1909.71,0.6783,6628.8,0.6782,443,0.6781,32497.59,0.678,1760.35,0.6793,569.86,0.6794,1195.32,0.6795,11.05,0.6796,11.04,0.6797,11.04,0.6798,3269.19,0.6799,1258.66,0.68,11.04,0.6801,1126.73,0.6802,34505.81,,,,,,,,,,,,,,,,,,,,,,,,,,,,,,,,,,,,,,,,,0.000023,
2,7,54,0.6687,0.6678,-0.1346,1774137174236,0.6789,1247.62,0.6788,11.05,0.6787,1258.76,0.6786,4995.47,0.6785,11.04,0.6784,1909.71,0.6783,6628.8,0.6782,443,0.6781,32497.59,0.678,1760.35,0.6793,569.86,0.6794,1206.37,0.6795,11.05,0.6796,11.04,0.6797,11.04,0.6798,3269.19,0.6799,1258.66,0.68,11.04,0.6801,1126.73,0.6802,34505.81,,,,,,,,,,,,,,,,,,,,,,,,,,,,,,,,,,,,,,,,,0.000023,
2,7,54,0.6692,0.668,-0.1793,1774137174537,0.6789,1247.62,0.6788,2957.61,0.6787,1258.76,0.6786,4258.49,0.6785,11.04,0.6784,1909.71,0.6783,6628.8,0.6782,443,0.6781,32497.59,0.678,1760.35,0.6793,569.86,0.6794,713.67,0.6795,11.05,0.6796,11.04,0.6797,470.55,0.6798,3269.19,0.6799,1258.66,0.68,11.04,0.6801,1126.73,0.6802,34505.81,,,,,,,,,,,,,,,,,,,,,,,,,,,,,,,,,,,,,,,,,0.000023,
2,7,54,0.6694,0.6684,-0.1494,1774137174837,0.6789,1247.62,0.6788,11.05,0.6787,1258.76,0.6786,4258.49,0.6785,11.04,0.6784,1909.71,0.6783,6628.8,0.6782,443,0.6781,32497.59,0.678,1760.35,0.6794,713.67,0.6795,11.05,0.6796,11.04,0.6797,470.55,0.6798,3269.19,0.6799,1258.66,0.68,11.04,0.6801,1126.73,0.6802,34505.81,0.6803,2688.75,,,,,,,,,,,,,,,,,,,,,,,,,,,,,,,,,,,,,,,,,0.000023,
2,7,54,0.6689,0.668,-0.1345,1774137175138,0.6789,1247.62,0.6788,1324.12,0.6787,1258.76,0.6786,4258.49,0.6785,1308.7,0.6784,1909.71,0.6783,6628.8,0.6782,443,0.6781,32497.59,0.678,1760.35,0.6794,713.67,0.6795,11.05,0.6796,11.04,0.6797,470.55,0.6798,3269.19,0.6799,1258.66,0.68,11.04,0.6801,2428.23,0.6802,34505.81,0.6803,2688.75,,,,,,,,,,,,,,,,,,,,,,,,,,,,,,,,,,,,,,,,,0.000023,
2,7,54,0.669,0.668,-0.1495,1774137175438,0.6788,1313.07,0.6787,4205.97,0.6786,4482.74,0.6785,1308.7,0.6784,1909.71,0.6783,6628.8,0.6782,24.99,0.6781,32497.59,0.678,1760.35,0.6779,690.93,0.6794,713.67,0.6795,1776.76,0.6796,1258.66,0.6797,11.04,0.6798,3269.19,0.6799,1258.66,0.68,11.04,0.6801,2428.23,0.6802,34505.81,0.6803,2688.75,,,,,,,,,,,,,,,,,,,,,,,,,,,,,,,,,,,,,,,,,0.000023,
2,7,54,0.6696,0.6681,-0.224,1774137175739,0.6788,1313.07,0.6787,4205.97,0.6786,4482.74,0.6785,1308.7,0.6784,1909.71,0.6783,6628.8,0.6782,762.4,0.6781,32497.59,0.678,1760.35,0.6779,690.93,0.6794,713.67,0.6795,1776.76,0.6796,1258.66,0.6797,11.04,0.6798,3269.19,0.6799,1258.66,0.68,11.04,0.6801,2428.23,0.6802,34505.81,0.6803,2688.75,,,,,,,,,,,,,,,,,,,,,,,,,,,,,,,,,,,,,,,,,0.000023,
2,7,54,0.6696,0.6685,-0.1643,1774137176040,0.6788,1313.07,0.6787,4205.97,0.6786,4482.74,0.6785,1308.7,0.6784,1909.71,0.6783,6628.8,0.6782,762.4,0.6781,32497.59,0.678,1760.35,0.6779,690.93,0.6793,1247.62,0.6794,713.67,0.6795,1776.76,0.6796,1846.94,0.6797,11.04,0.6798,2750.19,0.6799,1258.66,0.68,11.04,0.6801,2428.23,0.6802,34505.81,,,,,,,,,,,,,,,,,,,,,,,,,,,,,,,,,,,,,,,,,0.000023,
2,7,54,0.6696,0.6685,-0.1643,1774137176340,0.6788,1313.07,0.6787,4205.97,0.6786,4482.74,0.6785,1308.7,0.6784,1909.71,0.6783,6628.8,0.6782,762.4,0.6781,32497.59,0.678,1760.35,0.6779,690.93,0.6793,1247.62,0.6794,713.67,0.6795,1776.76,0.6796,1258.66,0.6797,11.04,0.6798,2750.19,0.6799,1258.66,0.68,11.04,0.6801,2428.23,0.6802,34505.81,,,,,,,,,,,,,,,,,,,,,,,,,,,,,,,,,,,,,,,,,0.000023,
2,7,54,0.6695,0.6685,-0.1494,1774137176641,0.6787,4771.97,0.6786,4258.49,0.6785,1308.7,0.6784,1347.05,0.6783,6628.8,0.6782,762.4,0.6781,1576.59,0.678,1760.35,0.6779,690.93,0.6778,1288.22,0.6792,588.02,0.6793,1472.61,0.6794,449.62,0.6795,1188.48,0.6796,1258.66,0.6797,11.04,0.6798,2750.19,0.6799,2688.76,0.68,11.04,0.6801,2428.23,,,,,,,,,,,,,,,,,,,,,,,,,,,,,,,,,,,,,,,,,0.000023,
2,7,54,0.6696,0.6685,-0.1643,1774137176942,0.6787,4194.92,0.6786,4258.49,0.6785,1308.7,0.6784,1347.05,0.6783,6628.8,0.6782,762.4,0.6781,1576.59,0.678,663.77,0.6779,31621.04,0.6778,1288.22,0.6792,588.02,0.6793,1483.66,0.6794,449.62,0.6795,1188.48,0.6796,1258.66,0.6797,11.04,0.6798,2750.19,0.6799,2688.76,0.68,11.04,0.6801,2428.23,,,,,,,,,,,,,,,,,,,,,,,,,,,,,,,,,,,,,,,,,0.000023,
2,7,54,0.6696,0.6686,-0.1493,1774137177243,0.6786,4258.49,0.6785,1308.7,0.6784,1347.05,0.6783,6628.8,0.6782,762.4,0.6781,1576.59,0.678,663.77,0.6779,690.93,0.6778,1288.22,0.6777,7092.1,0.6788,1096.58,0.6792,588.02,0.6793,1258.67,0.6794,449.62,0.6795,1199.53,0.6796,1258.66,0.6797,11.04,0.6798,2750.19,0.6799,2688.76,0.68,11.04,,,,,,,,,,,,,,,,,,,,,,,,,,,,,,,,,,,,,,,,,0.000023,
2,7,54,0.6697,0.6688,-0.1344,1774137177543,0.6787,1177.43,0.6786,4247.44,0.6785,1308.7,0.6784,1347.05,0.6783,6628.8,0.6782,762.4,0.6781,1576.59,0.678,663.77,0.6779,690.93,0.6778,1288.22,0.6788,1096.58,0.679,11.06,0.6791,11.05,0.6792,610.13,0.6793,1258.67,0.6794,449.62,0.6795,1199.53,0.6796,1258.66,0.6797,11.04,0.6798,2750.19,,,,,,,,,,,,,,,,,,,,,,,,,,,,,,,,,,,,,,,,,0.000023,
2,7,54,0.6697,0.6688,-0.1344,1774137177844,0.6787,1177.43,0.6786,1697.24,0.6785,1536.4,0.6784,1347.05,0.6783,8075.14,0.6782,3652.48,0.6781,1576.59,0.678,663.77,0.6779,690.93,0.6778,1288.22,0.679,11.06,0.6791,11.05,0.6792,610.13,0.6793,1258.67,0.6794,449.62,0.6795,1199.53,0.6796,1258.66,0.6797,11.04,0.6798,2750.19,0.6799,2688.76,,,,,,,,,,,,,,,,,,,,,,,,,,,,,,,,,,,,,,,,,0.000023,
2,7,54,0.6697,0.6688,-0.1344,1774137178145,0.6787,1177.43,0.6786,2263.24,0.6785,1536.4,0.6784,3897.25,0.6783,8075.14,0.6782,2915.07,0.6781,1576.59,0.678,663.77,0.6779,690.93,0.6778,1288.22,0.6788,961.03,0.679,11.06,0.6791,11.05,0.6792,272.67,0.6793,1258.67,0.6794,449.62,0.6795,1199.53,0.6796,1258.66,0.6797,11.04,0.6798,2750.19,,,,,,,,,,,,,,,,,,,,,,,,,,,,,,,,,,,,,,,,,0.000023,
2,7,54,0.6696,0.6688,-0.1195,1774137178445,0.6787,1177.43,0.6786,2263.24,0.6785,1536.4,0.6784,3897.25,0.6783,8075.14,0.6782,2915.07,0.6781,2299.86,0.678,663.77,0.6779,690.93,0.6778,1288.22,0.6788,961.03,0.679,11.06,0.6791,11.05,0.6792,272.67,0.6793,1258.67,0.6794,449.62,0.6795,1199.53,0.6796,1258.66,0.6797,11.04,0.6798,2750.19,,,,,,,,,,,,,,,,,,,,,,,,,,,,,,,,,,,,,,,,,0.000023,
2,7,54,0.6697,0.6688,-0.1344,1774137178746,0.6787,1177.43,0.6786,1015.62,0.6785,4484.45,0.6784,3897.25,0.6783,8075.14,0.6782,2915.07,0.6781,2299.86,0.678,663.77,0.6779,690.93,0.6778,1288.22,0.6788,670.03,0.679,11.06,0.6791,11.05,0.6792,272.67,0.6793,1258.67,0.6794,449.62,0.6795,1199.53,0.6796,1258.66,0.6797,11.04,0.6798,2750.19,,,,,,,,,,,,,,,,,,,,,,,,,,,,,,,,,,,,,,,,,0.000023,
2,7,54,0.6697,0.6688,-0.1344,1774137179046,0.6787,1177.43,0.6786,1015.62,0.6785,4484.45,0.6784,3897.25,0.6783,8075.14,0.6782,2915.07,0.6781,2299.86,0.678,663.77,0.6779,690.93,0.6778,1288.22,0.6788,670.03,0.679,11.06,0.6791,11.05,0.6792,272.67,0.6793,1258.67,0.6794,449.62,0.6795,1199.53,0.6796,1258.66,0.6797,11.04,0.6798,2661.88,,,,,,,,,,,,,,,,,,,,,,,,,,,,,,,,,,,,,,,,,0.000023,
2,7,54,0.6697,0.6688,-0.1344,1774137179347,0.6787,1177.43,0.6786,1015.62,0.6785,4484.45,0.6784,3897.25,0.6783,8075.14,0.6782,2915.07,0.6781,2299.86,0.678,663.77,0.6779,690.93,0.6778,1288.22,0.6788,670.03,0.679,11.06,0.6791,11.05,0.6792,272.67,0.6793,1258.67,0.6794,449.62,0.6795,1199.53,0.6796,1258.66,0.6797,11.04,0.6798,2661.88,,,,,,,,,,,,,,,,,,,,,,,,,,,,,,,,,,,,,,,,,0.000023,
2,7,54,0.6697,0.6689,-0.1195,1774137179648,0.6787,1177.43,0.6786,1015.62,0.6785,4484.45,0.6784,3897.25,0.6783,8075.14,0.6782,2915.07,0.6781,2299.86,0.678,663.77,0.6779,690.93,0.6778,1288.22,0.6788,670.03,0.679,11.06,0.6791,11.05,0.6792,272.67,0.6793,1258.67,0.6794,449.62,0.6795,1199.53,0.6796,1258.66,0.6797,11.04,0.6798,2661.88,,,,,,,,,,,,,,,,,,,,,,,,,,,,,,,,,,,,,,,,,0.000023,
2,7,54,0.6697,0.669,-0.1045,1774137179949,0.6787,1177.43,0.6786,1015.62,0.6785,4484.45,0.6784,3897.25,0.6783,8075.14,0.6782,2915.07,0.6781,2299.86,0.678,663.77,0.6779,690.93,0.6778,1288.22,0.6788,670.03,0.679,11.06,0.6791,11.05,0.6792,272.67,0.6793,1258.67,0.6794,449.62,0.6795,1199.53,0.6796,1258.66,0.6797,11.04,0.6798,34983.8,,,,,,,,,,,,,,,,,,,,,,,,,,,,,,,,,,,,,,,,,0.000023,
2,7,54,0.6697,0.669,-0.1045,1774137180250,0.6787,1177.43,0.6786,1015.62,0.6785,4484.45,0.6784,3897.25,0.6783,8075.14,0.6782,2915.07,0.6781,2299.86,0.678,663.77,0.6779,690.93,0.6778,1288.22,0.6788,670.03,0.679,11.06,0.6791,11.05,0.6792,272.67,0.6793,1258.67,0.6794,449.62,0.6795,1199.53,0.6796,1258.66,0.6797,11.04,0.6798,34983.8,,,,,,,,,,,,,,,,,,,,,,,,,,,,,,,,,,,,,,,,,0.000023,
2,7,54,0.67,0.6691,-0.1343,1774137180550,0.6787,1177.43,0.6786,1015.62,0.6785,4484.45,0.6784,3897.25,0.6783,8075.14,0.6782,2915.07,0.6781,2299.86,0.678,663.77,0.6779,690.93,0.6778,1288.22,0.6788,670.03,0.679,11.06,0.6791,11.05,0.6792,272.67,0.6793,1258.67,0.6794,449.62,0.6795,1199.53,0.6796,1258.66,0.6797,11.04,0.6798,34983.8,,,,,,,,,,,,,,,,,,,,,,,,,,,,,,,,,,,,,,,,,0.000023,
2,7,54,0.6703,0.6692,-0.1641,1774137180851,0.6787,1177.43,0.6786,1015.62,0.6785,4256.75,0.6784,3897.25,0.6783,8075.14,0.6782,2915.07,0.6781,2299.86,0.678,663.77,0.6779,690.93,0.6778,1288.22,0.6788,670.03,0.679,11.06,0.6791,593.94,0.6792,855.56,0.6793,1258.67,0.6794,449.62,0.6795,1199.53,0.6796,1258.66,0.6797,11.04,0.6798,34983.8,,,,,,,,,,,,,,,,,,,,,,,,,,,,,,,,,,,,,,,,,0.000023,
2,7,54,0.6704,0.6695,-0.1342,1774137181151,0.6787,1177.43,0.6786,1015.62,0.6785,4256.75,0.6784,3897.25,0.6783,8075.14,0.6782,2915.07,0.6781,2299.86,0.678,663.77,0.6779,690.93,0.6778,1288.22,0.6788,670.03,0.679,11.06,0.6791,593.94,0.6792,272.67,0.6793,1258.67,0.6794,449.62,0.6795,1199.53,0.6796,1258.66,0.6797,11.04,0.6798,34983.8,,,,,,,,,,,,,,,,,,,,,,,,,,,,,,,,,,,,,,,,,0.000023,
2,7,54,0.6704,0.6696,-0.1193,1774137181452,0.6787,1177.43,0.6786,1015.62,0.6785,4256.75,0.6784,3897.25,0.6783,8075.14,0.6782,2915.07,0.6781,2299.86,0.678,663.77,0.6779,690.93,0.6778,1288.22,0.6788,670.03,0.679,11.06,0.6791,593.94,0.6792,272.67,0.6793,1258.67,0.6794,449.62,0.6795,1199.53,0.6796,1258.66,0.6797,11.04,0.6798,34983.8,,,,,,,,,,,,,,,,,,,,,,,,,,,,,,,,,,,,,,,,,0.000023,
2,7,54,0.6704,0.6696,-0.1193,1774137181753,0.6785,4256.75,0.6784,4139.18,0.6783,8075.14,0.6782,2915.07,0.6781,2299.86,0.678,663.77,0.6779,690.93,0.6778,1288.22,0.6777,38031.32,0.6776,4000.62,0.6788,670.03,0.6789,11.06,0.679,11.06,0.6791,593.94,0.6792,1450.1,0.6793,1258.67,0.6794,449.62,0.6795,1199.53,0.6796,1258.66,0.6797,11.04,,,,,,,,,,,,,,,,,,,,,,,,,,,,,,,,,,,,,,,,,0.000024,
2,7,54,0.6706,0.6698,-0.1193,1774137182054,0.6785,1297.66,0.6784,4705.18,0.6783,8075.14,0.6782,24.99,0.6781,1576.59,0.678,663.77,0.6779,690.93,0.6778,1288.22,0.6777,38031.32,0.6776,4000.62,0.6788,670.03,0.6789,11.06,0.679,11.06,0.6791,593.94,0.6792,1450.1,0.6793,1258.67,0.6794,449.62,0.6795,1199.53,0.6796,1258.66,0.6797,11.04,,,,,,,,,,,,,,,,,,,,,,,,,,,,,,,,,,,,,,,,,0.000024,
2,7,54,0.671,0.6704,-0.0894,1774137182354,0.6784,4463.25,0.6783,8075.14,0.6782,24.99,0.6781,1576.59,0.678,663.77,0.6779,690.93,0.6778,1288.22,0.6777,38031.32,0.6776,4000.62,0.6775,6779.31,0.6788,670.03,0.6789,11.06,0.679,11.06,0.6791,1032.51,0.6792,1450.1,0.6793,1258.67,0.6794,449.62,0.6795,1199.53,0.6796,1258.66,0.6797,11.04,,,,,,,,,,,,,,,,,,,,,,,,,,,,,,,,,,,,,,,,,0.000024,
2,7,54,0.6712,0.6707,-0.0745,1774137182654,0.6784,3127.24,0.6783,4870.29,0.6782,24.99,0.6781,1576.59,0.678,752.18,0.6779,690.93,0.6778,1288.22,0.6777,38031.32,0.6776,4000.62,0.6775,6779.31,0.6786,582.38,0.6787,582.38,0.6788,670.03,0.6789,11.06,0.679,1840.97,0.6791,1032.51,0.6792,1450.1,0.6793,1258.67,0.6794,449.62,0.6795,1199.53,,,,,,,,,,,,,,,,,,,,,,,,,,,,,,,,,,,,,,,,,0.000024,
2,7,54,0.6716,0.6708,-0.1191,1774137182955,0.6782,24.99,0.6781,1576.59,0.678,752.18,0.6779,690.93,0.6778,1288.22,0.6777,2260,0.6776,1742.12,0.6775,8155.82,0.6774,31416.89,0.6773,23.44,0.6788,681.09,0.6789,11.06,0.679,1840.97,0.6791,449.62,0.6792,1538.52,0.6793,1258.67,0.6794,449.62,0.6795,32152.43,0.6796,1789.24,0.6797,11.04,,,,,,,,,,,,,,,,,,,,,,,,,,,,,,,,,,,,,,,,,0.000024,
2,7,54,0.6719,0.6713,-0.0893,1774137183255,0.6782,596.33,0.6781,2314.11,0.678,3302.78,0.6779,690.93,0.6778,1288.22,0.6777,460.59,0.6776,1742.12,0.6775,8155.82,0.6774,31416.89,0.6773,34.5,0.6788,681.09,0.6789,1188.49,0.679,1840.97,0.6791,449.62,0.6792,1538.52,0.6793,1258.67,0.6794,449.62,0.6795,32152.43,0.6796,1789.24,0.6797,11.04,,,,,,,,,,,,,,,,,,,,,,,,,,,,,,,,,,,,,,,,,0.000024,
2,7,54,0.6719,0.6717,-0.0298,1774137183556,0.6783,582.38,0.6782,607.39,0.6781,777.33,0.678,2864.21,0.6779,2004,0.6778,1288.22,0.6777,460.59,0.6776,1742.12,0.6775,9403.44,0.6774,31416.89,0.6788,681.09,0.6789,1188.49,0.679,1258.68,0.6791,449.62,0.6792,1287.96,0.6793,1258.67,0.6794,449.62,0.6795,32152.43,0.6796,2218.15,0.6797,11.04,,,,,,,,,,,,,,,,,,,,,,,,,,,,,,,,,,,,,,,,,0.000024,
2,7,54,0.6724,0.6717,-0.1041,1774137183856,0.6782,607.39,0.6781,777.33,0.678,3302.78,0.6779,2004,0.6778,1288.22,0.6777,460.59,0.6776,1742.12,0.6775,9403.44,0.6774,31416.89,0.6773,34.5,0.6787,1247.62,0.6788,681.09,0.6789,1188.49,0.679,1258.68,0.6791,449.62,0.6792,1287.96,0.6793,1258.67,0.6794,449.62,0.6795,32152.43,0.6796,2218.15,,,,,,,,,,,,,,,,,,,,,,,,,,,,,,,,,,,,,,,,,0.000024,
2,7,54,0.6725,0.6719,-0.0892,1774137184157,0.6782,13.95,0.6781,1954.76,0.678,752.18,0.6779,2004,0.6778,1288.22,0.6777,460.59,0.6776,3542.38,0.6775,9403.44,0.6774,31416.89,0.6773,34.5,0.6787,1247.62,0.6788,681.09,0.6789,1188.49,0.679,1258.68,0.6791,449.62,0.6792,1287.96,0.6793,1258.67,0.6794,449.62,0.6795,32152.43,0.6796,2218.15,,,,,,,,,,,,,,,,,,,,,,,,,,,,,,,,,,,,,,,,,0.000024,
2,7,54,0.6726,0.6719,-0.1041,1774137184458,0.6782,13.95,0.6781,3202.38,0.678,752.18,0.6779,2004,0.6778,1288.22,0.6777,460.59,0.6776,3542.38,0.6775,9403.44,0.6774,31416.89,0.6773,34.5,0.6787,1686.19,0.6788,681.09,0.6789,1188.49,0.679,1258.68,0.6791,449.62,0.6792,1287.96,0.6793,1258.67,0.6794,449.62,0.6795,32152.43,0.6796,2218.15,,,,,,,,,,,,,,,,,,,,,,,,,,,,,,,,,,,,,,,,,0.000024,
2,7,54,0.6726,0.6722,-0.0595,1774137184759,0.6782,579.95,0.6781,3202.38,0.678,752.18,0.6779,2004,0.6778,1288.22,0.6777,460.59,0.6776,3542.38,0.6775,9403.44,0.6774,31416.89,0.6773,34.5,0.6787,1686.19,0.6788,681.09,0.6789,1188.49,0.679,1258.68,0.6791,449.62,0.6792,1287.96,0.6793,1258.67,0.6794,449.62,0.6795,32152.43,0.6796,2218.15,,,,,,,,,,,,,,,,,,,,,,,,,,,,,,,,,,,,,,,,,0.000024,
2,7,54,0.6726,0.6725,-0.0149,1774137185060,0.6782,13.95,0.6781,3202.38,0.678,752.18,0.6779,2004,0.6778,3839.02,0.6777,460.59,0.6776,3542.38,0.6775,9403.44,0.6774,31416.89,0.6773,34.5,0.6787,1686.19,0.6788,681.09,0.6789,1188.49,0.679,1258.68,0.6791,449.62,0.6792,1287.96,0.6793,1258.67,0.6794,449.62,0.6795,32152.43,0.6796,2218.15,,,,,,,,,,,,,,,,,,,,,,,,,,,,,,,,,,,,,,,,,0.000024,
2,7,54,0.6728,0.6729,0.0149,1774137185360,0.6782,13.95,0.6781,3202.38,0.678,752.18,0.6779,2004,0.6778,3839.02,0.6777,460.59,0.6776,3542.38,0.6775,9403.44,0.6774,31416.89,0.6773,34.5,0.6787,1686.19,0.6788,681.09,0.6789,1188.49,0.679,1258.68,0.6791,449.62,0.6792,1287.96,0.6793,1258.67,0.6794,449.62,0.6795,32152.43,0.6796,2218.15,,,,,,,,,,,,,,,,,,,,,,,,,,,,,,,,,,,,,,,,,0.000024,
2,7,54,0.6734,0.672,-0.2079,1774137185661,0.6782,13.95,0.6781,2464.86,0.678,752.18,0.6779,2004,0.6778,3839.02,0.6777,460.59,0.6776,3542.38,0.6775,9403.44,0.6774,31416.89,0.6773,34.5,0.6787,1686.19,0.6788,681.09,0.6789,1188.49,0.679,1258.68,0.6791,449.62,0.6792,1287.96,0.6793,1258.67,0.6794,449.62,0.6795,32152.43,0.6796,2218.15,,,,,,,,,,,,,,,,,,,,,,,,,,,,,,,,,,,,,,,,,0.000024,
2,7,54,0.6734,0.6719,-0.2228,1774137185962,0.6782,13.95,0.6781,2464.86,0.678,752.18,0.6779,2004,0.6778,3839.02,0.6777,460.59,0.6776,3542.38,0.6775,9403.44,0.6774,31416.89,0.6773,34.5,0.6787,1686.19,0.6788,681.09,0.6789,1188.49,0.679,1258.68,0.6791,449.62,0.6792,1287.96,0.6793,1258.67,0.6794,449.62,0.6795,32152.43,0.6796,2218.15,,,,,,,,,,,,,,,,,,,,,,,,,,,,,,,,,,,,,,,,,0.000024,
2,7,54,0.6736,0.6719,-0.2524,1774137186263,0.6782,13.95,0.6781,2464.86,0.678,752.18,0.6779,2004,0.6778,3839.02,0.6777,460.59,0.6776,3542.38,0.6775,9403.44,0.6774,31416.89,0.6773,34.5,0.6787,1686.19,0.6788,681.09,0.6789,1188.49,0.679,1258.68,0.6791,449.62,0.6792,1287.96,0.6793,1258.67,0.6794,449.62,0.6795,32152.43,0.6796,2218.15,,,,,,,,,,,,,,,,,,,,,,,,,,,,,,,,,,,,,,,,,0.000024,
2,7,54,0.6728,0.6716,-0.1784,1774137186563,0.6782,13.95,0.6781,1217.24,0.678,3175.29,0.6779,2741.74,0.6778,3839.02,0.6777,460.59,0.6776,3542.38,0.6775,9403.44,0.6774,31416.89,0.6773,34.5,0.6786,472.48,0.6787,1686.19,0.6788,681.09,0.6789,1188.49,0.679,1258.68,0.6791,449.62,0.6792,1199.54,0.6793,1258.67,0.6794,1879.72,0.6795,32152.43,,,,,,,,,,,,,,,,,,,,,,,,,,,,,,,,,,,,,,,,,0.000024,
2,7,54,0.6732,0.671,-0.3268,1774137186864,0.6782,13.95,0.6781,1217.24,0.678,3613.86,0.6779,2741.74,0.6778,3839.02,0.6777,460.59,0.6776,1742.12,0.6775,9403.44,0.6774,31416.89,0.6773,34.5,0.6786,472.48,0.6787,1697.25,0.6788,1004.54,0.6789,1188.49,0.679,1258.68,0.6791,449.62,0.6792,1199.54,0.6793,1258.67,0.6794,1879.72,0.6795,32152.43,,,,,,,,,,,,,,,,,,,,,,,,,,,,,,,,,,,,,,,,,0.000024,
2,7,54,0.6729,0.6714,-0.2229,1774137187165,0.6782,13.95,0.6781,1217.24,0.678,3613.86,0.6779,748.79,0.6778,3839.02,0.6777,460.59,0.6776,1742.12,0.6775,11202.85,0.6774,31416.89,0.6773,34.5,0.6786,472.48,0.6787,1697.25,0.6788,1004.54,0.6789,1199.55,0.679,1258.68,0.6791,449.62,0.6792,1199.54,0.6793,1258.67,0.6794,1879.72,0.6795,32152.43,,,,,,,,,,,,,,,,,,,,,,,,,,,,,,,,,,,,,,,,,0.000024,
2,7,54,0.6723,0.6712,-0.1636,1774137187466,0.6782,13.95,0.6781,1217.24,0.678,3613.86,0.6779,748.79,0.6778,3839.02,0.6777,460.59,0.6776,1742.12,0.6775,8981.36,0.6774,31416.89,0.6773,34.5,0.6785,581.05,0.6786,472.48,0.6787,1697.25,0.6788,1004.54,0.6789,1199.55,0.679,1258.68,0.6791,449.62,0.6792,1199.54,0.6793,1258.67,0.6794,1879.72,,,,,,,,,,,,,,,,,,,,,,,,,,,,,,,,,,,,,,,,,0.000024,
2,7,54,0.6719,0.6711,-0.1191,1774137187766,0.6782,13.95,0.6781,1217.24,0.678,663.77,0.6779,748.79,0.6778,3839.02,0.6777,460.59,0.6776,1742.12,0.6775,8981.36,0.6774,31416.89,0.6773,34.5,0.6785,581.05,0.6786,472.48,0.6787,1697.25,0.6788,1004.54,0.6789,1199.55,0.679,1258.68,0.6791,449.62,0.6792,1199.54,0.6793,3596.77,0.6794,1879.72,,,,,,,,,,,,,,,,,,,,,,,,,,,,,,,,,,,,,,,,,0.000024,
2,7,54,0.6722,0.6711,-0.1636,1774137188067,0.6782,13.95,0.6781,1217.24,0.678,225.2,0.6779,11.05,0.6778,3839.02,0.6777,460.59,0.6776,1742.12,0.6775,8981.36,0.6774,31416.89,0.6773,34.5,0.6784,581.05,0.6785,592.11,0.6786,483.54,0.6787,1697.25,0.6788,1004.54,0.6789,1199.55,0.679,1258.68,0.6791,449.62,0.6792,1199.54,0.6793,3596.77,,,,,,,,,,,,,,,,,,,,,,,,,,,,,,,,,,,,,,,,,0.000024,
2,7,54,0.6724,0.6714,-0.1487,1774137188367,0.6782,13.95,0.6781,1217.24,0.678,225.2,0.6779,11.05,0.6778,4576.87,0.6777,460.59,0.6776,1742.12,0.6775,8981.36,0.6774,31416.89,0.6773,34.5,0.6784,581.05,0.6785,592.11,0.6786,11.06,0.6787,1697.25,0.6788,1004.54,0.6789,1199.55,0.679,1258.68,0.6791,449.62,0.6792,1199.54,0.6793,3596.77,,,,,,,,,,,,,,,,,,,,,,,,,,,,,,,,,,,,,,,,,0.000024,
2,7,54,0.672,0.6715,-0.0744,1774137188668,0.6782,13.95,0.6781,1217.24,0.678,225.2,0.6779,11.05,0.6778,7528,0.6777,460.59,0.6776,1742.12,0.6775,8981.36,0.6774,31416.89,0.6773,34.5,0.6784,581.05,0.6785,592.11,0.6786,11.06,0.6787,1697.25,0.6788,1004.54,0.6789,1199.55,0.679,1258.68,0.6791,449.62,0.6792,1199.54,0.6793,3596.77,,,,,,,,,,,,,,,,,,,,,,,,,,,,,,,,,,,,,,,,,0.000024,
2,7,54,0.6725,0.6716,-0.1338,1774137188969,0.6782,13.95,0.6781,1217.24,0.678,225.2,0.6779,11.05,0.6778,7528,0.6777,460.59,0.6776,1742.12,0.6775,8981.36,0.6774,31416.89,0.6773,34.5,0.6784,581.05,0.6785,592.11,0.6786,1188.49,0.6787,1697.25,0.6788,1004.54,0.6789,1199.55,0.679,1258.68,0.6791,449.62,0.6792,1199.54,0.6793,3596.77,,,,,,,,,,,,,,,,,,,,,,,,,,,,,,,,,,,,,,,,,0.000024,
2,7,54,0.6725,0.6716,-0.1338,1774137189269,0.6782,13.95,0.6781,1217.24,0.678,225.2,0.6779,11.05,0.6778,7528,0.6777,460.59,0.6776,1742.12,0.6775,8981.36,0.6774,31416.89,0.6773,34.5,0.6785,592.11,0.6786,1188.49,0.6787,1697.25,0.6788,1004.54,0.6789,1199.55,0.679,1258.68,0.6791,449.62,0.6792,1199.54,0.6793,3596.77,0.6794,449.62,,,,,,,,,,,,,,,,,,,,,,,,,,,,,,,,,,,,,,,,,0.000024,
2,7,54,0.6726,0.6715,-0.1635,1774137189570,0.6782,13.95,0.6781,1217.24,0.678,225.2,0.6779,11.05,0.6778,7528,0.6777,460.59,0.6776,1742.12,0.6775,9069.8,0.6774,31416.89,0.6773,34.5,0.6785,592.19,0.6786,1188.49,0.6787,1697.25,0.6788,681.09,0.6789,1199.55,0.679,1258.68,0.6791,449.62,0.6792,1199.54,0.6793,3596.77,0.6794,449.62,,,,,,,,,,,,,,,,,,,,,,,,,,,,,,,,,,,,,,,,,0.000024,
2,7,54,0.6726,0.6715,-0.1635,1774137189871,0.6782,13.95,0.6781,1217.24,0.678,225.2,0.6779,11.05,0.6778,7528,0.6777,460.59,0.6776,1742.12,0.6775,9069.8,0.6774,31416.89,0.6773,34.5,0.6785,11.06,0.6786,1188.49,0.6787,1697.25,0.6788,681.09,0.6789,1199.55,0.679,1258.68,0.6791,449.62,0.6792,2578.14,0.6793,3596.77,0.6794,449.62,,,,,,,,,,,,,,,,,,,,,,,,,,,,,,,,,,,,,,,,,0.000024,
2,7,54,0.6726,0.6715,-0.1635,1774137190171,0.6782,13.95,0.6781,1217.24,0.678,225.2,0.6779,11.05,0.6778,7528,0.6777,460.59,0.6776,1742.12,0.6775,9069.8,0.6774,31416.89,0.6773,34.5,0.6785,11.06,0.6786,1188.49,0.6787,1697.25,0.6788,681.09,0.6789,1199.55,0.679,1258.68,0.6791,449.62,0.6792,2578.14,0.6793,4127.46,0.6794,449.62,,,,,,,,,,,,,,,,,,,,,,,,,,,,,,,,,,,,,,,,,0.000024,
2,7,54,0.6728,0.6717,-0.1635,1774137190472,0.6782,13.95,0.6781,39.81,0.678,225.2,0.6779,3837.51,0.6778,7528,0.6777,460.59,0.6776,1742.12,0.6775,9069.8,0.6774,31416.89,0.6773,34.5,0.6785,592.19,0.6786,1188.49,0.6787,1697.25,0.6788,681.09,0.6789,1199.55,0.679,1258.68,0.6791,449.62,0.6792,2578.14,0.6793,5557.56,0.6794,1759.89,,,,,,,,,,,,,,,,,,,,,,,,,,,,,,,,,,,,,,,,,0.000024,
2,7,54,0.6728,0.6718,-0.1486,1774137190773,0.6782,13.95,0.6781,39.81,0.678,225.2,0.6779,3837.51,0.6778,6790.15,0.6777,460.59,0.6776,1742.12,0.6775,9069.8,0.6774,31416.89,0.6773,34.5,0.6784,438.57,0.6785,592.19,0.6786,1188.49,0.6787,1697.25,0.6788,681.09,0.6789,1199.55,0.679,1258.68,0.6791,449.62,0.6792,2578.14,0.6793,5026.87,,,,,,,,,,,,,,,,,,,,,,,,,,,,,,,,,,,,,,,,,0.000024,
2,7,54,0.6728,0.6718,-0.1486,1774137191074,0.6782,13.95,0.6781,39.81,0.678,225.2,0.6779,3837.51,0.6778,6790.15,0.6777,460.59,0.6776,1742.12,0.6775,9069.8,0.6774,31416.89,0.6773,34.5,0.6784,990.9,0.6785,592.19,0.6786,1188.49,0.6787,1785.7,0.6788,681.09,0.6789,1199.55,0.679,1258.68,0.6791,449.62,0.6792,2578.14,0.6793,5026.87,,,,,,,,,,,,,,,,,,,,,,,,,,,,,,,,,,,,,,,,,0.000024,
2,7,54,0.6732,0.6721,-0.1634,1774137191374,0.6782,13.95,0.6781,39.81,0.678,225.2,0.6779,2524.44,0.6778,6790.15,0.6777,460.59,0.6776,1742.12,0.6775,9069.8,0.6774,31416.89,0.6773,34.5,0.6784,990.9,0.6785,592.19,0.6786,1188.49,0.6787,1785.7,0.6788,681.09,0.6789,1199.55,0.679,1258.68,0.6791,449.62,0.6792,2578.14,0.6793,5026.87,,,,,,,,,,,,,,,,,,,,,,,,,,,,,,,,,,,,,,,,,0.000024,
2,7,54,0.6732,0.6722,-0.1485,1774137191674,0.6782,13.95,0.6781,39.81,0.678,225.2,0.6779,2524.44,0.6778,6790.15,0.6777,460.59,0.6776,1742.12,0.6775,9069.8,0.6774,31416.89,0.6773,34.5,0.6784,438.57,0.6785,592.19,0.6786,1188.49,0.6787,1785.7,0.6788,681.09,0.6789,1199.55,0.679,1258.68,0.6791,449.62,0.6792,2578.14,0.6793,5026.87,,,,,,,,,,,,,,,,,,,,,,,,,,,,,,,,,,,,,,,,,0.000024,
2,7,54,0.6732,0.6721,-0.1634,1774137191975,0.6782,13.95,0.6781,39.81,0.678,225.2,0.6779,2524.44,0.6778,6790.15,0.6777,460.59,0.6776,1742.12,0.6775,9069.8,0.6774,31416.89,0.6773,34.5,0.6784,438.57,0.6785,592.78,0.6786,1188.49,0.6787,1785.7,0.6788,681.09,0.6789,1199.55,0.679,1258.68,0.6791,449.62,0.6792,2578.14,0.6793,5026.87,,,,,,,,,,,,,,,,,,,,,,,,,,,,,,,,,,,,,,,,,0.000024,
2,7,54,0.6732,0.6721,-0.1634,1774137192276,0.6782,13.95,0.6781,39.81,0.678,225.2,0.6779,2524.44,0.6778,6790.15,0.6777,460.59,0.6776,1742.12,0.6775,9069.8,0.6774,31416.89,0.6773,34.5,0.6784,438.57,0.6785,592.78,0.6786,1188.49,0.6787,1785.7,0.6788,681.09,0.6789,1199.55,0.679,1258.68,0.6791,449.62,0.6792,2578.14,0.6793,5026.87,,,,,,,,,,,,,,,,,,,,,,,,,,,,,,,,,,,,,,,,,0.000024,
2,7,54,0.6732,0.6721,-0.1634,1774137192577,0.6782,13.95,0.6781,39.81,0.678,225.2,0.6779,1188.48,0.6778,6790.15,0.6777,460.59,0.6776,1742.12,0.6775,9069.8,0.6774,31416.89,0.6773,34.5,0.6784,438.57,0.6785,11.06,0.6786,1188.49,0.6787,1785.7,0.6788,681.09,0.6789,1199.55,0.679,1258.68,0.6791,449.62,0.6792,2578.14,0.6793,5026.87,,,,,,,,,,,,,,,,,,,,,,,,,,,,,,,,,,,,,,,,,0.000024,
2,7,54,0.6732,0.6723,-0.1337,1774137192877,0.6782,13.95,0.6781,565.55,0.678,806.92,0.6779,1188.48,0.6778,3839.02,0.6777,460.59,0.6776,1742.12,0.6775,9069.8,0.6774,31416.89,0.6773,34.5,0.6784,547.71,0.6785,11.06,0.6786,1188.49,0.6787,1785.7,0.6788,681.09,0.6789,1199.55,0.679,1258.68,0.6791,449.62,0.6792,2578.14,0.6793,5026.87,,,,,,,,,,,,,,,,,,,,,,,,,,,,,,,,,,,,,,,,,0.000024,
2,7,54,0.6733,0.6724,-0.1337,1774137193178,0.6782,13.95,0.6781,565.55,0.678,225.2,0.6779,4139.04,0.6778,3839.02,0.6777,460.59,0.6776,1742.12,0.6775,9069.8,0.6774,31416.89,0.6773,34.5,0.6784,109.14,0.6785,11.06,0.6786,1188.49,0.6787,1785.7,0.6788,681.09,0.6789,1199.55,0.679,1258.68,0.6791,449.62,0.6792,2578.14,0.6793,5026.87,,,,,,,,,,,,,,,,,,,,,,,,,,,,,,,,,,,,,,,,,0.000024,
2,7,54,0.6733,0.6724,-0.1337,1774137193478,0.6782,13.95,0.6781,565.55,0.678,225.2,0.6779,4139.04,0.6778,3839.02,0.6777,1890.69,0.6776,1742.12,0.6775,9069.8,0.6774,31416.89,0.6773,34.5,0.6784,109.14,0.6785,11.06,0.6786,1188.49,0.6787,1785.7,0.6788,681.09,0.6789,1199.55,0.679,1258.68,0.6791,449.62,0.6792,2578.14,0.6793,5026.87,,,,,,,,,,,,,,,,,,,,,,,,,,,,,,,,,,,,,,,,,0.000024,
2,7,54,0.6733,0.6724,-0.1337,1774137193780,0.6782,13.95,0.6781,565.55,0.678,225.2,0.6779,4139.04,0.6778,3839.02,0.6777,1890.69,0.6776,1742.12,0.6775,9069.8,0.6774,31416.89,0.6773,34.5,0.6784,109.14,0.6785,11.06,0.6786,1188.49,0.6787,1785.7,0.6788,681.09,0.6789,1199.55,0.679,1258.68,0.6791,449.62,0.6792,2578.14,0.6793,5026.87,,,,,,,,,,,,,,,,,,,,,,,,,,,,,,,,,,,,,,,,,0.000024,
2,7,54,0.6733,0.6724,-0.1337,1774137194081,0.6782,13.95,0.6781,565.55,0.678,225.2,0.6779,4139.04,0.6778,3839.02,0.6777,460.59,0.6776,1742.12,0.6775,9069.8,0.6774,31416.89,0.6773,34.5,0.6784,109.14,0.6785,11.06,0.6786,1416.5,0.6787,1785.7,0.6788,681.09,0.6789,1199.55,0.679,1258.68,0.6791,449.62,0.6792,2578.14,0.6793,5026.87,,,,,,,,,,,,,,,,,,,,,,,,,,,,,,,,,,,,,,,,,0.000024,
2,7,54,0.6732,0.6722,-0.1485,1774137194381,0.6782,13.95,0.6781,565.55,0.678,225.2,0.6779,4139.04,0.6778,3839.02,0.6777,460.59,0.6776,1742.12,0.6775,9069.8,0.6774,31416.89,0.6773,34.5,0.6784,109.14,0.6785,11.06,0.6786,1416.5,0.6787,1785.7,0.6788,681.09,0.6789,1199.55,0.679,1258.68,0.6791,449.62,0.6792,2578.14,0.6793,5026.87,,,,,,,,,,,,,,,,,,,,,,,,,,,,,,,,,,,,,,,,,0.000024,
2,7,54,0.6733,0.6723,-0.1485,1774137194682,0.6782,13.95,0.6781,39.81,0.678,225.2,0.6779,4139.04,0.6778,3839.02,0.6777,460.59,0.6776,1742.12,0.6775,9069.8,0.6774,31416.89,0.6773,34.5,0.6784,109.14,0.6785,11.06,0.6786,1416.5,0.6787,1785.7,0.6788,681.09,0.6789,1199.55,0.679,1258.68,0.6791,449.62,0.6792,2578.14,0.6793,5026.87,,,,,,,,,,,,,,,,,,,,,,,,,,,,,,,,,,,,,,,,,0.000024,
2,7,54,0.6729,0.6722,-0.104,1774137194983,0.6782,13.95,0.6781,39.81,0.678,225.2,0.6779,4139.04,0.6778,3839.02,0.6777,460.59,0.6776,1742.12,0.6775,9069.8,0.6774,31416.89,0.6773,34.5,0.6784,109.14,0.6785,11.06,0.6786,1416.5,0.6787,1785.7,0.6788,681.09,0.6789,1199.55,0.679,1258.68,0.6791,449.62,0.6792,2578.14,0.6793,5026.87,,,,,,,,,,,,,,,,,,,,,,,,,,,,,,,,,,,,,,,,,0.000024,
2,7,54,0.6732,0.6722,-0.1485,1774137195284,0.6782,13.95,0.6781,39.81,0.678,2119.99,0.6779,4139.04,0.6778,3839.02,0.6777,460.59,0.6776,1742.12,0.6775,10166.38,0.6774,31416.89,0.6773,34.5,0.6784,109.14,0.6785,11.06,0.6786,1188.49,0.6787,1785.7,0.6788,681.09,0.6789,1199.55,0.679,1258.68,0.6791,449.62,0.6792,2578.14,0.6793,5026.87,,,,,,,,,,,,,,,,,,,,,,,,,,,,,,,,,,,,,,,,,0.000024,
2,7,54,0.6732,0.6721,-0.1634,1774137195585,0.6782,13.95,0.6781,603.37,0.678,2119.99,0.6779,11.05,0.6778,2591.4,0.6777,22.02,0.6776,1742.12,0.6775,10166.38,0.6774,31416.89,0.6773,34.5,0.6784,109.14,0.6785,465.83,0.6786,1188.49,0.6787,1785.7,0.6788,681.09,0.6789,1199.55,0.679,1258.68,0.6791,449.62,0.6792,2578.14,0.6793,5026.87,,,,,,,,,,,,,,,,,,,,,,,,,,,,,,,,,,,,,,,,,0.000024,
2,7,54,0.6733,0.6723,-0.1485,1774137195886,0.6782,13.95,0.6781,39.81,0.678,3175.17,0.6779,11.05,0.6778,622.32,0.6777,1042.31,0.6776,4294.22,0.6775,10402.05,0.6774,463.99,0.6773,1131.08,0.6784,120.2,0.6785,11.06,0.6786,1199.55,0.6787,1785.7,0.6788,681.09,0.6789,1199.55,0.679,1258.68,0.6791,449.62,0.6792,2578.14,0.6793,5026.87,,,,,,,,,,,,,,,,,,,,,,,,,,,,,,,,,,,,,,,,,0.000024,
2,7,54,0.6733,0.6723,-0.1485,1774137196187,0.6782,13.95,0.6781,39.81,0.678,806.92,0.6779,2952.17,0.6778,40.6,0.6777,460.59,0.6776,4294.22,0.6775,10402.05,0.6774,463.99,0.6773,1131.08,0.6784,120.2,0.6785,592.78,0.6786,22.12,0.6787,1347.13,0.6788,11.06,0.6789,1199.55,0.679,1258.68,0.6791,449.62,0.6792,2578.14,0.6793,5026.87,,,,,,,,,,,,,,,,,,,,,,,,,,,,,,,,,,,,,,,,,0.000024,
2,7,54,0.6733,0.6723,-0.1485,1774137196487,0.6782,595.67,0.6781,478.38,0.678,225.2,0.6779,2436.1,0.6778,40.6,0.6777,460.59,0.6776,4294.22,0.6775,9807.97,0.6774,463.99,0.6773,1131.08,0.6784,109.14,0.6785,11.06,0.6786,22.12,0.6787,99.51,0.6788,11.06,0.6789,1199.55,0.679,1258.68,0.6791,1787.96,0.6792,2578.14,0.6793,2688.77,,,,,,,,,,,,,,,,,,,,,,,,,,,,,,,,,,,,,,,,,0.000024,
2,7,54,0.6733,0.6723,-0.1485,1774137196788,0.6782,595.67,0.6781,478.38,0.678,225.2,0.6779,2436.1,0.6778,40.6,0.6777,460.59,0.6776,4294.22,0.6775,9807.97,0.6774,463.99,0.6773,1131.08,0.6784,109.14,0.6785,11.06,0.6786,22.12,0.6787,99.51,0.6788,592.65,0.6789,1199.55,0.679,1258.68,0.6791,1787.96,0.6792,2578.14,0.6793,2688.77,,,,,,,,,,,,,,,,,,,,,,,,,,,,,,,,,,,,,,,,,0.000024,
2,7,54,0.6733,0.6724,-0.1337,1774137197089,0.6782,595.67,0.6781,478.38,0.678,225.2,0.6779,2436.1,0.6778,40.6,0.6777,460.59,0.6776,4294.22,0.6775,9807.97,0.6774,463.99,0.6773,1131.08,0.6784,109.14,0.6785,11.06,0.6786,22.12,0.6787,1928.72,0.6788,592.65,0.6789,1199.55,0.679,1258.68,0.6791,1787.96,0.6792,2578.14,0.6793,2688.77,,,,,,,,,,,,,,,,,,,,,,,,,,,,,,,,,,,,,,,,,0.000024,
2,7,54,0.6736,0.6728,-0.1188,1774137197390,0.6781,28.77,0.678,225.2,0.6779,1188.48,0.6778,2991.59,0.6777,460.59,0.6776,4294.22,0.6775,4215.6,0.6774,1797.83,0.6773,34.5,0.6772,33567.37,0.6784,690.73,0.6785,568.11,0.6786,2877.72,0.6787,1928.72,0.6788,449.63,0.6789,1199.55,0.679,1258.68,0.6791,1787.96,0.6792,2578.14,0.6793,2688.77,,,,,,,,,,,,,,,,,,,,,,,,,,,,,,,,,,,,,,,,,0.000024,
2,7,54,0.6735,0.6726,-0.1336,1774137197691,0.6781,428.77,0.678,663.77,0.6779,2436.1,0.6778,4304.66,0.6777,460.59,0.6776,4694.22,0.6775,4215.6,0.6774,1797.83,0.6773,34.5,0.6772,33567.37,0.6784,109.14,0.6785,568.11,0.6786,2877.72,0.6787,1347.13,0.6788,449.63,0.6789,1199.55,0.679,1258.68,0.6791,1787.96,0.6792,2578.14,0.6793,2688.77,,,,,,,,,,,,,,,,,,,,,,,,,,,,,,,,,,,,,,,,,0.000024,
2,7,54,0.6733,0.6724,-0.1337,1774137197992,0.6781,428.77,0.678,641.76,0.6779,2436.1,0.6778,2991.59,0.6777,460.59,0.6776,4694.22,0.6775,4215.6,0.6774,1797.83,0.6773,1131.08,0.6772,33567.37,0.6784,109.14,0.6785,568.11,0.6786,1781.14,0.6787,1347.13,0.6788,1546.21,0.6789,1199.55,0.679,1258.68,0.6791,449.62,0.6792,2578.14,0.6793,2688.77,,,,,,,,,,,,,,,,,,,,,,,,,,,,,,,,,,,,,,,,,0.000024,
2,7,54,0.6733,0.6724,-0.1337,1774137198292,0.6781,428.77,0.678,641.76,0.6779,2436.1,0.6778,2991.59,0.6777,460.59,0.6776,4694.22,0.6775,4215.6,0.6774,1797.83,0.6773,1131.08,0.6772,33567.37,0.6784,109.14,0.6785,11.06,0.6786,1199.55,0.6787,1347.13,0.6788,1546.21,0.6789,1199.55,0.679,1258.68,0.6791,449.62,0.6792,2578.14,0.6793,3219.54,,,,,,,,,,,,,,,,,,,,,,,,,,,,,,,,,,,,,,,,,0.000024,
2,7,54,0.6733,0.6724,-0.1337,1774137198593,0.6781,28.77,0.678,214.25,0.6779,1188.48,0.6778,40.6,0.6777,460.59,0.6776,2142.12,0.6775,4215.6,0.6774,463.99,0.6773,593.17,0.6772,33567.37,0.6784,390.08,0.6785,11.06,0.6786,22.12,0.6787,1347.13,0.6788,1546.21,0.6789,1199.55,0.679,1258.68,0.6791,449.62,0.6792,2578.14,0.6793,3219.54,,,,,,,,,,,,,,,,,,,,,,,,,,,,,,,,,,,,,,,,,0.000024,
2,7,54,0.6729,0.6722,-0.104,1774137198894,0.6781,28.77,0.678,1461.87,0.6779,1188.48,0.6778,40.6,0.6777,460.59,0.6776,2142.12,0.6775,4215.6,0.6774,463.99,0.6773,593.17,0.6772,33567.37,0.6784,109.14,0.6785,11.06,0.6786,22.12,0.6787,1347.13,0.6788,1546.21,0.6789,1199.55,0.679,1258.68,0.6791,449.62,0.6792,2578.14,0.6793,3219.54,,,,,,,,,,,,,,,,,,,,,,,,,,,,,,,,,,,,,,,,,0.000024,
2,7,54,0.6732,0.6722,-0.1485,1774137199195,0.6781,28.77,0.678,1889.38,0.6779,1188.48,0.6778,40.6,0.6777,1775.9,0.6776,2880.18,0.6775,4215.6,0.6774,463.99,0.6773,1689.75,0.6772,35838.7,0.6784,109.14,0.6785,593.3,0.6786,332.67,0.6787,1785.7,0.6788,1107.64,0.6789,1199.55,0.679,1817.26,0.6791,1779.09,0.6792,2578.14,0.6793,3219.54,,,,,,,,,,,,,,,,,,,,,,,,,,,,,,,,,,,,,,,,,0.000024,
2,7,54,0.6734,0.6723,-0.1634,1774137199495,0.6781,28.77,0.678,3213.51,0.6779,4139.25,0.6778,40.6,0.6777,1775.9,0.6776,5411.98,0.6775,4215.6,0.6774,463.99,0.6773,1689.75,0.6772,35838.7,0.6784,109.14,0.6785,11.06,0.6786,332.67,0.6787,1785.7,0.6788,1107.64,0.6789,1199.55,0.679,1817.26,0.6791,1779.09,0.6792,2578.14,0.6793,3219.54,,,,,,,,,,,,,,,,,,,,,,,,,,,,,,,,,,,,,,,,,0.000024,
2,7,54,0.673,0.6723,-0.104,1774137199796,0.6781,28.77,0.678,3213.51,0.6779,4139.25,0.6778,40.6,0.6777,1775.9,0.6776,5411.98,0.6775,4215.6,0.6774,463.99,0.6773,1689.75,0.6772,35838.7,0.6784,109.14,0.6785,593.3,0.6786,332.67,0.6787,1785.7,0.6788,1107.64,0.6789,1199.55,0.679,1817.26,0.6791,1779.09,0.6792,2578.14,0.6793,3219.54,,,,,,,,,,,,,,,,,,,,,,,,,,,,,,,,,,,,,,,,,0.000024,
2,7,54,0.6732,0.6723,-0.1337,1774137200097,0.6781,28.77,0.678,3202.45,0.6779,4139.25,0.6778,40.6,0.6777,1775.9,0.6776,5411.98,0.6775,4215.6,0.6774,463.99,0.6773,1689.75,0.6772,35838.7,0.6784,109.14,0.6785,11.06,0.6786,332.67,0.6787,1785.7,0.6788,1107.64,0.6789,1199.55,0.679,1817.26,0.6791,1779.09,0.6792,2578.14,0.6793,3219.54,,,,,,,,,,,,,,,,,,,,,,,,,,,,,,,,,,,,,,,,,0.000024,
2,7,54,0.6732,0.6723,-0.1337,1774137200397,0.6781,28.77,0.678,214.25,0.6779,4139.25,0.6778,40.6,0.6777,460.59,0.6776,5411.98,0.6775,4215.6,0.6774,463.99,0.6773,1689.75,0.6772,35838.7,0.6784,109.14,0.6785,593.3,0.6786,914.91,0.6787,1785.7,0.6788,1107.64,0.6789,1199.55,0.679,1817.26,0.6791,1779.09,0.6792,2578.14,0.6793,3219.54,,,,,,,,,,,,,,,,,,,,,,,,,,,,,,,,,,,,,,,,,0.000024,
2,7,54,0.6732,0.6721,-0.1634,1774137200697,0.6781,28.77,0.678,214.25,0.6779,1188.48,0.6778,40.6,0.6777,460.59,0.6776,4673.92,0.6775,4215.6,0.6774,463.99,0.6773,593.17,0.6772,35838.7,0.6784,691.38,0.6785,593.3,0.6786,914.91,0.6787,1785.7,0.6788,1107.64,0.6789,1199.55,0.679,1817.26,0.6791,4122.15,0.6792,2578.14,0.6793,3219.54,,,,,,,,,,,,,,,,,,,,,,,,,,,,,,,,,,,,,,,,,0.000024,
2,7,54,0.6731,0.6721,-0.1486,1774137200999,0.6781,28.77,0.678,214.25,0.6779,1188.48,0.6778,1288.22,0.6777,3411.94,0.6776,4673.92,0.6775,4215.6,0.6774,463.99,0.6773,593.17,0.6772,35838.7,0.6783,470.98,0.6784,1020.81,0.6785,687.44,0.6786,1199.55,0.6787,1785.7,0.6788,1107.64,0.6789,1199.55,0.679,1817.26,0.6791,4122.15,0.6792,2578.14,,,,,,,,,,,,,,,,,,,,,,,,,,,,,,,,,,,,,,,,,0.000024,
2,7,54,0.673,0.6721,-0.1337,1774137201299,0.6781,28.77,0.678,214.25,0.6779,1188.48,0.6778,1288.22,0.6777,3411.94,0.6776,4673.92,0.6775,4215.6,0.6774,463.99,0.6773,593.17,0.6772,35838.7,0.6784,449.63,0.6785,105.2,0.6786,1199.55,0.6787,1785.7,0.6788,1107.64,0.6789,1199.55,0.679,1817.26,0.6791,4122.15,0.6792,2578.14,0.6793,3219.54,,,,,,,,,,,,,,,,,,,,,,,,,,,,,,,,,,,,,,,,,0.000024,
2,7,54,0.673,0.6721,-0.1337,1774137201600,0.6781,28.77,0.678,214.25,0.6779,1188.48,0.6778,1288.22,0.6777,3411.94,0.6776,4673.92,0.6775,4215.6,0.6774,1783,0.6773,593.17,0.6772,35838.7,0.6784,449.63,0.6785,687.44,0.6786,1457.69,0.6787,1785.7,0.6788,1107.64,0.6789,1199.55,0.679,1817.26,0.6791,4122.15,0.6792,2578.14,0.6793,3219.54,,,,,,,,,,,,,,,,,,,,,,,,,,,,,,,,,,,,,,,,,0.000024,
2,7,54,0.673,0.6721,-0.1337,1774137201900,0.6781,28.77,0.678,214.25,0.6779,1188.48,0.6778,1288.22,0.6777,3411.94,0.6776,4673.92,0.6775,4215.6,0.6774,1783,0.6773,593.17,0.6772,35838.7,0.6784,449.63,0.6785,687.44,0.6786,1457.69,0.6787,1785.7,0.6788,1107.64,0.6789,1199.55,0.679,1817.26,0.6791,2792.68,0.6792,2578.14,0.6793,3219.54,,,,,,,,,,,,,,,,,,,,,,,,,,,,,,,,,,,,,,,,,0.000024,
2,7,54,0.6734,0.6722,-0.1782,1774137202201,0.6781,28.77,0.678,214.25,0.6779,1188.48,0.6778,1288.22,0.6777,3411.94,0.6776,4673.92,0.6775,4215.6,0.6774,1783,0.6773,593.17,0.6772,35838.7,0.6784,449.63,0.6785,593.3,0.6786,1457.69,0.6787,1785.7,0.6788,1107.64,0.6789,1199.55,0.679,1817.26,0.6791,2792.68,0.6792,2578.14,0.6793,3219.54,,,,,,,,,,,,,,,,,,,,,,,,,,,,,,,,,,,,,,,,,0.000024,
2,7,54,0.6734,0.6723,-0.1634,1774137202502,0.6781,28.77,0.678,214.25,0.6779,1188.48,0.6778,1288.22,0.6777,3411.94,0.6776,4673.92,0.6775,4215.6,0.6774,1783,0.6773,593.17,0.6772,35838.7,0.6784,541.12,0.6785,593.3,0.6786,1457.69,0.6787,1785.7,0.6788,1107.64,0.6789,1199.55,0.679,3159.18,0.6791,2792.68,0.6792,2578.14,0.6793,3219.54,,,,,,,,,,,,,,,,,,,,,,,,,,,,,,,,,,,,,,,,,0.000024,
2,7,54,0.6729,0.6722,-0.104,1774137202803,0.6781,28.77,0.678,214.25,0.6779,1188.48,0.6778,1288.22,0.6777,3411.94,0.6776,4673.92,0.6775,4215.6,0.6774,1783,0.6773,593.17,0.6772,35838.7,0.6784,1123.36,0.6785,593.3,0.6786,1457.69,0.6787,1785.7,0.6788,1107.64,0.6789,1199.55,0.679,3159.18,0.6791,2792.68,0.6792,2578.14,0.6793,3219.54,,,,,,,,,,,,,,,,,,,,,,,,,,,,,,,,,,,,,,,,,0.000024,
2,7,54,0.6725,0.6715,-0.1487,1774137203103,0.6781,28.77,0.678,214.25,0.6779,1188.48,0.6778,1288.22,0.6777,3411.94,0.6776,4673.92,0.6775,4215.6,0.6774,1783,0.6773,593.17,0.6772,35838.7,0.6783,580.32,0.6784,1123.36,0.6785,593.3,0.6786,1457.69,0.6787,1785.7,0.6788,1107.64,0.6789,1199.55,0.679,3159.18,0.6791,2792.68,0.6792,2578.14,,,,,,,,,,,,,,,,,,,,,,,,,,,,,,,,,,,,,,,,,0.000024,
2,7,54,0.6725,0.6715,-0.1487,1774137203404,0.6781,28.77,0.678,214.25,0.6779,1188.48,0.6778,1288.22,0.6777,3411.94,0.6776,4673.92,0.6775,4215.6,0.6774,1783,0.6773,2023.27,0.6772,35838.7,0.6783,580.32,0.6784,541.12,0.6785,11.06,0.6786,1457.69,0.6787,1785.7,0.6788,1107.64,0.6789,1199.55,0.679,1817.26,0.6791,2792.68,0.6792,2578.14,,,,,,,,,,,,,,,,,,,,,,,,,,,,,,,,,,,,,,,,,0.000024,
2,7,54,0.6721,0.671,-0.1637,1774137203705,0.6781,28.77,0.678,214.25,0.6779,1188.48,0.6778,1288.22,0.6777,3411.94,0.6776,4673.92,0.6775,4215.6,0.6774,1783,0.6773,2023.27,0.6772,35838.7,0.6783,580.32,0.6784,449.63,0.6785,11.06,0.6786,1457.69,0.6787,1785.7,0.6788,1107.64,0.6789,1199.55,0.679,1817.26,0.6791,2792.68,0.6792,2578.14,,,,,,,,,,,,,,,,,,,,,,,,,,,,,,,,,,,,,,,,,0.000024,
2,7,54,0.672,0.671,-0.1488,1774137204005,0.6781,28.77,0.678,214.25,0.6779,1188.48,0.6778,1288.22,0.6777,3411.94,0.6776,4673.92,0.6775,4215.6,0.6774,2879.58,0.6773,2023.27,0.6772,35838.7,0.6783,88.84,0.6784,449.63,0.6785,11.06,0.6786,1457.69,0.6787,1785.7,0.6788,1107.64,0.6789,1199.55,0.679,1817.26,0.6791,2792.68,0.6792,2578.14,,,,,,,,,,,,,,,,,,,,,,,,,,,,,,,,,,,,,,,,,0.000024,
2,7,54,0.6728,0.6711,-0.2527,1774137204306,0.6781,611.01,0.678,796.49,0.6779,1188.48,0.6778,1593.86,0.6777,460.59,0.6776,4673.92,0.6775,4215.6,0.6774,1783,0.6773,2023.27,0.6772,35838.7,0.6783,88.84,0.6784,11.06,0.6785,11.06,0.6786,1199.55,0.6787,1785.7,0.6788,1107.64,0.6789,1199.55,0.679,1817.26,0.6791,3058.08,0.6792,2578.14,,,,,,,,,,,,,,,,,,,,,,,,,,,,,,,,,,,,,,,,,0.000024,
2,7,54,0.6727,0.6721,-0.0892,1774137204607,0.6781,611.01,0.678,214.25,0.6779,1188.48,0.6778,1593.86,0.6777,460.59,0.6776,4673.92,0.6775,4215.6,0.6774,2521.28,0.6773,2023.27,0.6772,35838.7,0.6783,88.84,0.6784,11.06,0.6785,11.06,0.6786,1199.55,0.6787,1785.7,0.6788,1107.64,0.6789,2509.82,0.679,1817.26,0.6791,449.62,0.6792,2578.14,,,,,,,,,,,,,,,,,,,,,,,,,,,,,,,,,,,,,,,,,0.000024,
2,7,54,0.6725,0.672,-0.0743,1774137204908,0.6781,611.01,0.678,214.25,0.6779,1188.48,0.6778,1593.86,0.6777,460.59,0.6776,4673.92,0.6775,4215.6,0.6774,2521.28,0.6773,2023.27,0.6772,35838.7,0.6783,88.84,0.6784,11.06,0.6785,11.06,0.6786,1199.55,0.6787,1785.7,0.6788,1107.64,0.6789,2509.82,0.679,1817.26,0.6791,449.62,0.6792,2578.14,,,,,,,,,,,,,,,,,,,,,,,,,,,,,,,,,,,,,,,,,0.000024,
2,7,54,0.6724,0.6717,-0.1041,1774137205208,0.6781,1011.01,0.678,214.25,0.6779,1188.48,0.6778,1593.86,0.6777,860.59,0.6776,5411.98,0.6775,4215.6,0.6774,1783,0.6773,2023.27,0.6772,35838.7,0.6784,11.06,0.6785,11.06,0.6786,1199.55,0.6787,1785.7,0.6788,1107.64,0.6789,2509.82,0.679,1817.26,0.6791,449.62,0.6792,2578.14,0.6793,2688.77,,,,,,,,,,,,,,,,,,,,,,,,,,,,,,,,,,,,,,,,,0.000024,
2,7,54,0.6725,0.6717,-0.119,1774137205509,0.6781,611.01,0.678,214.25,0.6779,1188.48,0.6778,1593.86,0.6777,860.59,0.6776,5411.98,0.6775,4215.6,0.6774,1783,0.6773,2023.27,0.6772,35838.7,0.6784,11.06,0.6785,11.06,0.6786,1199.55,0.6787,1785.7,0.6788,1107.64,0.6789,2509.82,0.679,1817.26,0.6791,449.62,0.6792,2578.14,0.6793,2688.77,,,,,,,,,,,,,,,,,,,,,,,,,,,,,,,,,,,,,,,,,0.000024,
2,7,54,0.6725,0.6717,-0.119,1774137205809,0.6781,28.77,0.678,214.25,0.6779,1188.48,0.6778,1593.86,0.6777,860.59,0.6776,5411.98,0.6775,4215.6,0.6774,1783,0.6773,593.17,0.6772,35838.7,0.6784,92.75,0.6785,593.25,0.6786,1199.55,0.6787,2118.25,0.6788,1107.64,0.6789,2509.82,0.679,1817.26,0.6791,449.62,0.6792,2578.14,0.6793,2688.77,,,,,,,,,,,,,,,,,,,,,,,,,,,,,,,,,,,,,,,,,0.000024,
2,7,54,0.6725,0.6717,-0.119,1774137206110,0.6781,28.77,0.678,214.25,0.6779,1188.48,0.6778,4544.85,0.6777,860.59,0.6776,5411.98,0.6775,4215.6,0.6774,1783,0.6773,593.17,0.6772,35838.7,0.6784,647.6,0.6785,593.25,0.6786,1199.55,0.6787,2118.25,0.6788,1107.64,0.6789,2509.82,0.679,1817.26,0.6791,449.62,0.6792,2578.14,0.6793,2688.77,,,,,,,,,,,,,,,,,,,,,,,,,,,,,,,,,,,,,,,,,0.000024,
2,7,54,0.6723,0.6716,-0.1041,1774137206411,0.6781,28.77,0.678,214.25,0.6779,1188.48,0.6778,4239.21,0.6777,860.59,0.6776,4673.92,0.6775,4215.6,0.6774,1783,0.6773,593.17,0.6772,35838.7,0.6783,582.19,0.6784,1086.17,0.6785,593.25,0.6786,1199.55,0.6787,2118.25,0.6788,1107.64,0.6789,2509.82,0.679,1817.26,0.6791,449.62,0.6792,3108.91,,,,,,,,,,,,,,,,,,,,,,,,,,,,,,,,,,,,,,,,,0.000024,
2,7,54,0.6723,0.6716,-0.1041,1774137206711,0.6781,28.77,0.678,214.25,0.6779,1188.48,0.6778,4239.21,0.6777,860.59,0.6776,4673.92,0.6775,4215.6,0.6774,1783,0.6773,593.17,0.6772,35838.7,0.6783,582.19,0.6784,1004.48,0.6785,593.25,0.6786,1199.55,0.6787,2118.25,0.6788,1107.64,0.6789,3939.92,0.679,1817.26,0.6791,449.62,0.6792,3108.91,,,,,,,,,,,,,,,,,,,,,,,,,,,,,,,,,,,,,,,,,0.000024,
2,7,54,0.6724,0.6717,-0.1041,1774137207012,0.6781,28.77,0.678,214.25,0.6779,1188.48,0.6778,4239.21,0.6777,860.59,0.6776,4673.92,0.6775,4215.6,0.6774,1783,0.6773,593.17,0.6772,35838.7,0.6783,582.19,0.6784,1004.48,0.6785,593.25,0.6786,1199.55,0.6787,2118.25,0.6788,1107.64,0.6789,3939.92,0.679,1817.26,0.6791,449.62,0.6792,3108.91,,,,,,,,,,,,,,,,,,,,,,,,,,,,,,,,,,,,,,,,,0.000024,
2,7,54,0.6723,0.6715,-0.119,1774137207313,0.6781,28.77,0.678,214.25,0.6779,1188.48,0.6778,4239.21,0.6777,860.59,0.6776,4673.92,0.6775,4215.6,0.6774,1783,0.6773,593.17,0.6772,35838.7,0.6783,661.23,0.6784,1004.48,0.6785,593.25,0.6786,1199.55,0.6787,2118.25,0.6788,1107.64,0.6789,3939.92,0.679,1817.26,0.6791,449.62,0.6792,3108.91,,,,,,,,,,,,,,,,,,,,,,,,,,,,,,,,,,,,,,,,,0.000024,
2,7,54,0.6724,0.6715,-0.1338,1774137207613,0.6781,28.77,0.678,214.25,0.6779,1188.48,0.6778,4239.21,0.6777,860.59,0.6776,4673.92,0.6775,4215.6,0.6774,1783,0.6773,593.17,0.6772,35838.7,0.6783,79.04,0.6784,449.63,0.6785,11.06,0.6786,1199.55,0.6787,2118.25,0.6788,1107.64,0.6789,3939.92,0.679,1817.26,0.6791,449.62,0.6792,3108.91,,,,,,,,,,,,,,,,,,,,,,,,,,,,,,,,,,,,,,,,,0.000024,
2,7,54,0.6724,0.6715,-0.1338,1774137207914,0.6781,28.77,0.678,214.25,0.6779,1188.48,0.6778,4239.21,0.6777,860.59,0.6776,4673.92,0.6775,4215.6,0.6774,1783,0.6773,593.17,0.6772,35838.7,0.6783,79.04,0.6784,449.63,0.6785,11.06,0.6786,1199.55,0.6787,2118.25,0.6788,1107.64,0.6789,3939.92,0.679,1817.26,0.6791,449.62,0.6792,3108.91,,,,,,,,,,,,,,,,,,,,,,,,,,,,,,,,,,,,,,,,,0.000024,
2,7,54,0.6724,0.6715,-0.1338,1774137208215,0.6781,28.77,0.678,214.25,0.6779,1188.48,0.6778,4239.21,0.6777,860.59,0.6776,4673.92,0.6775,4215.6,0.6774,1783,0.6773,593.17,0.6772,35838.7,0.6784,531.32,0.6785,11.06,0.6786,1199.55,0.6787,2118.25,0.6788,1107.64,0.6789,3939.92,0.679,1817.26,0.6791,715,0.6792,3108.91,0.6793,1258.67,,,,,,,,,,,,,,,,,,,,,,,,,,,,,,,,,,,,,,,,,0.000024,
2,7,54,0.6726,0.6717,-0.1338,1774137208515,0.6781,28.77,0.678,214.25,0.6779,1188.48,0.6778,4239.21,0.6777,860.59,0.6776,4673.92,0.6775,4215.6,0.6774,1783,0.6773,593.17,0.6772,35838.7,0.6784,531.32,0.6785,593.85,0.6786,1199.55,0.6787,2118.25,0.6788,1107.64,0.6789,3939.92,0.679,1817.26,0.6791,715,0.6792,3108.91,0.6793,1258.67,,,,,,,,,,,,,,,,,,,,,,,,,,,,,,,,,,,,,,,,,0.000024,
2,7,54,0.6726,0.6718,-0.1189,1774137208816,0.6781,28.77,0.678,214.25,0.6779,1188.48,0.6778,4239.21,0.6777,460.59,0.6776,4273.92,0.6775,4215.6,0.6774,3213.1,0.6773,34.5,0.6772,35838.7,0.6783,583.39,0.6784,784.27,0.6785,593.85,0.6786,1199.55,0.6787,1785.7,0.6788,1107.64,0.6789,3939.92,0.679,1817.26,0.6791,715,0.6792,3108.91,,,,,,,,,,,,,,,,,,,,,,,,,,,,,,,,,,,,,,,,,0.000024,
2,7,54,0.6726,0.6718,-0.1189,1774137209116,0.6778,1277.17,0.6777,22.02,0.6776,1742.12,0.6775,4127.16,0.6774,1783,0.6773,2571.8,0.6772,4876.67,0.6771,113.2,0.677,31036.18,0.6769,6677.99,0.6782,485.82,0.6783,1485.57,0.6784,449.63,0.6785,11.06,0.6786,1199.55,0.6787,1697.25,0.6788,1107.64,0.6789,3939.92,0.679,1817.26,0.6791,449.62,,,,,,,,,,,,,,,,,,,,,,,,,,,,,,,,,,,,,,,,,0.000024,
2,7,54,0.6726,0.6718,-0.1189,1774137209417,0.6778,1277.17,0.6777,22.02,0.6776,4694.05,0.6775,4127.16,0.6774,1783,0.6773,2571.8,0.6772,4876.67,0.6771,113.2,0.677,31036.18,0.6769,6677.99,0.6782,485.82,0.6783,1485.57,0.6784,449.63,0.6785,11.06,0.6786,1199.55,0.6787,1697.25,0.6788,1107.64,0.6789,2629.65,0.679,1817.26,0.6791,449.62,,,,,,,,,,,,,,,,,,,,,,,,,,,,,,,,,,,,,,,,,0.000024,
2,7,54,0.6726,0.6718,-0.1189,1774137209718,0.6778,1277.17,0.6777,22.02,0.6776,4694.05,0.6775,4127.16,0.6774,1783,0.6773,2571.8,0.6772,2605.34,0.6771,113.2,0.677,31594.72,0.6769,6677.99,0.6782,485.82,0.6783,1564.61,0.6784,449.63,0.6785,11.06,0.6786,1199.55,0.6787,1697.25,0.6788,1107.64,0.6789,2629.65,0.679,1817.26,0.6791,449.62,,,,,,,,,,,,,,,,,,,,,,,,,,,,,,,,,,,,,,,,,0.000024,
2,7,54,0.6735,0.6728,-0.1039,1774137210019,0.6778,1277.17,0.6777,22.02,0.6776,4694.05,0.6775,4127.16,0.6774,1783,0.6773,2571.8,0.6772,2605.34,0.6771,113.2,0.677,31594.72,0.6769,6677.99,0.6782,485.82,0.6783,1564.61,0.6784,449.63,0.6785,11.06,0.6786,1199.55,0.6787,1697.25,0.6788,1107.64,0.6789,2629.65,0.679,1817.26,0.6791,449.62,,,,,,,,,,,,,,,,,,,,,,,,,,,,,,,,,,,,,,,,,0.000024,
2,7,54,0.6733,0.6728,-0.0743,1774137210319,0.6778,1277.17,0.6777,22.02,0.6776,4694.05,0.6775,4127.16,0.6774,1783,0.6773,2571.8,0.6772,2605.34,0.6771,113.2,0.677,31594.72,0.6769,6677.99,0.6782,485.82,0.6783,1564.61,0.6784,449.63,0.6785,11.06,0.6786,1199.55,0.6787,1697.25,0.6788,1107.64,0.6789,2629.65,0.679,1817.26,0.6791,449.62,,,,,,,,,,,,,,,,,,,,,,,,,,,,,,,,,,,,,,,,,0.000024,
2,7,54,0.6735,0.6728,-0.1039,1774137210619,0.6778,29.55,0.6777,22.02,0.6776,4694.05,0.6775,4431.82,0.6774,1783,0.6773,2571.8,0.6772,2605.34,0.6771,551.77,0.677,31594.72,0.6769,6677.99,0.6781,438.57,0.6782,496.89,0.6783,1485.57,0.6784,449.63,0.6785,99.56,0.6786,1199.55,0.6787,1697.25,0.6788,1107.64,0.6789,2629.65,0.679,1817.26,,,,,,,,,,,,,,,,,,,,,,,,,,,,,,,,,,,,,,,,,0.000024,
2,7,54,0.6734,0.6728,-0.0891,1774137210920,0.6778,29.55,0.6777,22.02,0.6776,4694.05,0.6775,4431.82,0.6774,1783,0.6773,2571.8,0.6772,2605.34,0.6771,551.77,0.677,31594.72,0.6769,6677.99,0.6781,438.57,0.6782,496.89,0.6783,1485.57,0.6784,449.63,0.6785,99.56,0.6786,1199.55,0.6787,1697.25,0.6788,1107.64,0.6789,3160.66,0.679,1817.26,,,,,,,,,,,,,,,,,,,,,,,,,,,,,,,,,,,,,,,,,0.000024,
2,7,54,0.6734,0.6728,-0.0891,1774137211220,0.6778,29.55,0.6777,22.02,0.6776,205.34,0.6775,4127.16,0.6774,1783,0.6773,2571.8,0.6772,2605.34,0.6771,551.77,0.677,31594.72,0.6769,6677.99,0.678,488.67,0.6781,1018.53,0.6782,1820.9,0.6783,1485.57,0.6784,449.63,0.6785,99.56,0.6786,1199.55,0.6787,1697.25,0.6788,2406.79,0.6789,3160.66,,,,,,,,,,,,,,,,,,,,,,,,,,,,,,,,,,,,,,,,,0.000024,
2,7,54,0.6734,0.6728,-0.0891,1774137211521,0.6778,29.55,0.6777,22.02,0.6776,205.34,0.6775,2879.54,0.6774,2978.33,0.6773,2571.8,0.6772,3343.84,0.6771,551.77,0.677,31594.72,0.6769,6677.99,0.6779,1096.58,0.678,488.67,0.6781,1308.96,0.6782,1335.08,0.6783,1199.57,0.6784,449.63,0.6785,99.56,0.6786,1199.55,0.6787,1697.25,0.6788,5013.39,,,,,,,,,,,,,,,,,,,,,,,,,,,,,,,,,,,,,,,,,0.000024,
2,7,54,0.6738,0.6731,-0.1039,1774137211821,0.6778,29.55,0.6777,22.02,0.6776,205.34,0.6775,2879.54,0.6774,2978.33,0.6773,2571.8,0.6772,2605.34,0.6771,1290.38,0.677,31594.72,0.6769,6677.99,0.6779,1096.58,0.678,1188.5,0.6781,729,0.6782,1335.08,0.6783,1199.57,0.6784,449.63,0.6785,99.56,0.6786,1199.55,0.6787,1697.25,0.6788,5013.39,,,,,,,,,,,,,,,,,,,,,,,,,,,,,,,,,,,,,,,,,0.000024,
2,7,54,0.6738,0.6728,-0.1484,1774137212122,0.6778,29.55,0.6777,22.02,0.6776,700.22,0.6775,5304.59,0.6774,3416.9,0.6773,2571.8,0.6772,2605.34,0.6771,1290.38,0.677,31594.72,0.6769,6677.99,0.6779,1096.58,0.678,1188.5,0.6781,449.64,0.6782,1335.08,0.6783,1199.57,0.6784,449.63,0.6785,99.56,0.6786,2581.65,0.6787,1697.25,0.6788,5013.39,,,,,,,,,,,,,,,,,,,,,,,,,,,,,,,,,,,,,,,,,0.000024,
2,7,54,0.6736,0.6728,-0.1188,1774137212423,0.6778,29.55,0.6777,22.02,0.6776,205.34,0.6775,4056.97,0.6774,2978.33,0.6773,2571.8,0.6772,3955.34,0.6771,1290.38,0.677,31594.72,0.6769,6677.99,0.6779,1096.58,0.678,1188.5,0.6781,449.64,0.6782,1258.69,0.6783,1199.57,0.6784,449.63,0.6785,99.56,0.6786,2581.65,0.6787,1697.25,0.6788,3714.24,,,,,,,,,,,,,,,,,,,,,,,,,,,,,,,,,,,,,,,,,0.000024,
2,7,54,0.6736,0.6729,-0.1039,1774137212723,0.6778,29.55,0.6777,22.02,0.6776,205.34,0.6775,5304.59,0.6774,2978.33,0.6773,2571.8,0.6772,3955.34,0.6771,1290.38,0.677,31594.72,0.6769,6677.99,0.6779,1165.02,0.678,1188.5,0.6781,449.64,0.6782,1258.69,0.6783,1199.57,0.6784,449.63,0.6785,99.56,0.6786,2581.65,0.6787,2991.64,0.6788,3714.24,,,,,,,,,,,,,,,,,,,,,,,,,,,,,,,,,,,,,,,,,0.000024,
2,7,54,0.6735,0.6729,-0.0891,1774137213024,0.6778,29.55,0.6777,22.02,0.6776,205.34,0.6775,5304.59,0.6774,2978.33,0.6773,2571.8,0.6772,2605.34,0.6771,1290.38,0.677,31594.72,0.6769,6677.99,0.6779,1165.02,0.678,1188.5,0.6781,449.64,0.6782,1258.69,0.6783,1199.57,0.6784,449.63,0.6785,99.56,0.6786,2581.65,0.6787,2991.64,0.6788,3714.24,,,,,,,,,,,,,,,,,,,,,,,,,,,,,,,,,,,,,,,,,0.000024,
2,7,54,0.6733,0.6727,-0.0891,1774137213325,0.6778,29.55,0.6777,22.02,0.6776,205.34,0.6775,5304.59,0.6774,2978.33,0.6773,2571.8,0.6772,2605.34,0.6771,1290.38,0.677,31594.72,0.6769,6677.99,0.6779,1165.02,0.678,1188.5,0.6781,449.64,0.6782,1258.69,0.6783,1199.57,0.6784,449.63,0.6785,99.56,0.6786,2581.65,0.6787,2991.64,0.6788,3714.24,,,,,,,,,,,,,,,,,,,,,,,,,,,,,,,,,,,,,,,,,0.000024,
2,7,54,0.6733,0.6727,-0.0891,1774137213626,0.6778,29.55,0.6777,22.02,0.6776,205.34,0.6775,5304.59,0.6774,2978.33,0.6773,2571.8,0.6772,2605.34,0.6771,1290.38,0.677,31594.72,0.6769,6677.99,0.6779,1165.02,0.678,1188.5,0.6781,674.54,0.6782,1258.69,0.6783,1199.57,0.6784,449.63,0.6785,99.56,0.6786,2581.65,0.6787,2991.64,0.6788,3714.24,,,,,,,,,,,,,,,,,,,,,,,,,,,,,,,,,,,,,,,,,0.000024,
2,7,54,0.6733,0.6727,-0.0891,1774137213927,0.6778,29.55,0.6777,22.02,0.6776,205.34,0.6775,5304.59,0.6774,2978.33,0.6773,2571.8,0.6772,2605.34,0.6771,1290.38,0.677,31594.72,0.6769,6677.99,0.6779,1165.02,0.678,1188.5,0.6781,674.54,0.6782,1258.69,0.6783,1199.57,0.6784,449.63,0.6785,99.56,0.6786,2581.65,0.6787,2991.64,0.6788,3714.24,,,,,,,,,,,,,,,,,,,,,,,,,,,,,,,,,,,,,,,,,0.000024,
2,7,54,0.6733,0.6726,-0.104,1774137214228,0.6778,29.55,0.6777,22.02,0.6776,205.34,0.6775,5304.59,0.6774,2978.33,0.6773,2571.8,0.6772,2605.34,0.6771,2602.11,0.677,31594.72,0.6769,6677.99,0.6779,1165.02,0.678,11.07,0.6781,674.54,0.6782,1258.69,0.6783,1199.57,0.6784,449.63,0.6785,99.56,0.6786,2581.65,0.6787,2991.64,0.6788,3714.24,,,,,,,,,,,,,,,,,,,,,,,,,,,,,,,,,,,,,,,,,0.000024,
2,7,54,0.6733,0.6726,-0.104,1774137214529,0.6778,29.55,0.6777,22.02,0.6776,205.34,0.6775,5304.59,0.6774,25.42,0.6773,2571.8,0.6772,2605.34,0.6771,2602.11,0.677,31594.72,0.6769,6677.99,0.6779,1165.02,0.678,11.07,0.6781,674.54,0.6782,1258.69,0.6783,1199.57,0.6784,449.63,0.6785,99.56,0.6786,2581.65,0.6787,2991.64,0.6788,3714.24,,,,,,,,,,,,,,,,,,,,,,,,,,,,,,,,,,,,,,,,,0.000024,
2,7,54,0.6728,0.672,-0.1189,1774137214830,0.6778,29.55,0.6777,22.02,0.6776,205.34,0.6775,8257.04,0.6774,25.42,0.6773,2571.8,0.6772,2605.34,0.6771,2602.11,0.677,31594.72,0.6769,6677.99,0.6779,1165.02,0.678,11.07,0.6781,674.54,0.6782,1258.69,0.6783,1199.57,0.6784,449.63,0.6785,99.56,0.6786,2581.65,0.6787,2991.64,0.6788,3714.24,,,,,,,,,,,,,,,,,,,,,,,,,,,,,,,,,,,,,,,,,0.000024,
2,7,54,0.6728,0.6721,-0.104,1774137215130,0.6775,2868.48,0.6774,25.42,0.6773,34.5,0.6772,2605.34,0.6771,2163.54,0.677,2605.42,0.6769,6677.99,0.6768,1126.54,0.6767,3457.49,0.6766,32257.7,0.6778,438.57,0.6779,1176.09,0.678,1188.5,0.6781,449.64,0.6782,1258.69,0.6783,1199.57,0.6784,449.63,0.6785,11.06,0.6786,3010.56,0.6787,1697.25,,,,,,,,,,,,,,,,,,,,,,,,,,,,,,,,,,,,,,,,,0.000024,
2,7,54,0.6732,0.6723,-0.1337,1774137215431,0.6775,2868.48,0.6774,25.42,0.6773,34.5,0.6772,2605.34,0.6771,2602.11,0.677,2605.42,0.6769,6677.99,0.6768,1126.54,0.6767,3457.49,0.6766,32257.7,0.6778,438.57,0.6779,1176.09,0.678,1188.5,0.6781,449.64,0.6782,1258.69,0.6783,1199.57,0.6784,449.63,0.6785,1441.16,0.6786,3010.56,0.6787,1697.25,,,,,,,,,,,,,,,,,,,,,,,,,,,,,,,,,,,,,,,,,0.000024,
2,7,54,0.6728,0.6723,-0.0743,1774137215731,0.6775,2868.48,0.6774,25.42,0.6773,1347.57,0.6772,2605.34,0.6771,2602.11,0.677,2605.42,0.6769,6677.99,0.6768,1126.54,0.6767,3457.49,0.6766,32257.7,0.6778,438.57,0.6779,1176.09,0.678,1188.5,0.6781,449.64,0.6782,1258.69,0.6783,1199.57,0.6784,449.63,0.6785,2767.32,0.6786,3010.56,0.6787,1697.25,,,,,,,,,,,,,,,,,,,,,,,,,,,,,,,,,,,,,,,,,0.000024,
2,7,54,0.6727,0.6721,-0.0892,1774137216032,0.6775,2868.48,0.6774,25.42,0.6773,34.5,0.6772,2605.34,0.6771,2602.11,0.677,2605.42,0.6769,6677.99,0.6768,1126.54,0.6767,3457.49,0.6766,32257.7,0.6778,438.57,0.6779,2423.71,0.678,1410.2,0.6781,449.64,0.6782,1258.69,0.6783,1199.57,0.6784,449.63,0.6785,2767.32,0.6786,3010.56,0.6787,1697.25,,,,,,,,,,,,,,,,,,,,,,,,,,,,,,,,,,,,,,,,,0.000024,
2,7,54,0.6727,0.672,-0.1041,1774137216332,0.6775,2868.48,0.6774,25.42,0.6773,34.5,0.6772,2605.34,0.6771,2602.11,0.677,2605.42,0.6769,6677.99,0.6768,1126.54,0.6767,3457.49,0.6766,32257.7,0.6778,438.57,0.6779,2423.71,0.678,1410.2,0.6781,449.64,0.6782,1258.69,0.6783,1199.57,0.6784,449.63,0.6785,2767.32,0.6786,3010.56,0.6787,1697.25,,,,,,,,,,,,,,,,,,,,,,,,,,,,,,,,,,,,,,,,,0.000024,
2,7,54,0.6728,0.6721,-0.104,1774137216632,0.6775,2868.48,0.6774,25.42,0.6773,34.5,0.6772,2605.34,0.6771,2602.11,0.677,2605.42,0.6769,6677.99,0.6768,1126.54,0.6767,3457.49,0.6766,32257.7,0.6778,438.57,0.6779,2423.71,0.678,1410.2,0.6781,449.64,0.6782,1258.69,0.6783,1199.57,0.6784,449.63,0.6785,2767.32,0.6786,3010.56,0.6787,1697.25,,,,,,,,,,,,,,,,,,,,,,,,,,,,,,,,,,,,,,,,,0.000024,
2,7,54,0.6728,0.6723,-0.0743,1774137216933,0.6775,2868.48,0.6774,25.42,0.6773,34.5,0.6772,2605.34,0.6771,2602.11,0.677,2605.42,0.6769,6677.99,0.6768,1126.54,0.6767,3457.49,0.6766,32257.7,0.6778,438.57,0.6779,2423.71,0.678,1410.2,0.6781,449.64,0.6782,1258.69,0.6783,1199.57,0.6784,449.63,0.6785,2767.32,0.6786,3010.56,0.6787,1697.25,,,,,,,,,,,,,,,,,,,,,,,,,,,,,,,,,,,,,,,,,0.000024,
2,7,54,0.6729,0.6722,-0.104,1774137217233,0.6775,2868.48,0.6774,25.42,0.6773,34.5,0.6772,2605.34,0.6771,2602.11,0.677,2605.42,0.6769,6677.99,0.6768,1126.54,0.6767,3457.49,0.6766,32257.7,0.6778,438.57,0.6779,2423.71,0.678,1410.2,0.6781,449.64,0.6782,1258.69,0.6783,1199.57,0.6784,449.63,0.6785,2767.32,0.6786,3010.56,0.6787,1697.25,,,,,,,,,,,,,,,,,,,,,,,,,,,,,,,,,,,,,,,,,0.000024,
2,7,54,0.6729,0.6722,-0.104,1774137217533,0.6775,2868.48,0.6774,25.42,0.6773,34.5,0.6772,2605.34,0.6771,2602.11,0.677,2605.42,0.6769,6677.99,0.6768,1126.54,0.6767,3457.49,0.6766,32257.7,0.6778,438.57,0.6779,2423.71,0.678,1410.2,0.6781,449.64,0.6782,1258.69,0.6783,1199.57,0.6784,449.63,0.6785,2767.32,0.6786,3010.56,0.6787,1697.25,,,,,,,,,,,,,,,,,,,,,,,,,,,,,,,,,,,,,,,,,0.000024,
2,7,54,0.673,0.6722,-0.1189,1774137217833,0.6775,2868.48,0.6774,25.42,0.6773,34.5,0.6772,2605.34,0.6771,2602.11,0.677,2605.42,0.6769,6677.99,0.6768,1126.54,0.6767,3457.49,0.6766,32257.7,0.6778,438.57,0.6779,2423.71,0.678,1410.2,0.6781,449.64,0.6782,1258.69,0.6783,1199.57,0.6784,449.63,0.6785,2767.32,0.6786,3010.56,0.6787,1697.25,,,,,,,,,,,,,,,,,,,,,,,,,,,,,,,,,,,,,,,,,0.000024,
2,7,54,0.6729,0.6721,-0.1189,1774137218134,0.6775,2868.48,0.6774,25.42,0.6773,34.5,0.6772,2605.34,0.6771,2602.11,0.677,2605.42,0.6769,6677.99,0.6768,1126.54,0.6767,3457.49,0.6766,32257.7,0.6778,438.57,0.6779,2423.71,0.678,1410.2,0.6781,449.64,0.6782,1258.69,0.6783,1199.57,0.6784,449.63,0.6785,2767.32,0.6786,3010.56,0.6787,1697.25,,,,,,,,,,,,,,,,,,,,,,,,,,,,,,,,,,,,,,,,,0.000024,
2,7,54,0.6729,0.6721,-0.1189,1774137218435,0.6775,2868.48,0.6774,25.42,0.6773,34.5,0.6772,2605.34,0.6771,2602.11,0.677,2605.42,0.6769,6677.99,0.6768,1126.54,0.6767,3457.49,0.6766,32257.7,0.6778,438.57,0.6779,2423.71,0.678,1410.2,0.6781,449.64,0.6782,1258.69,0.6783,1199.57,0.6784,449.63,0.6785,2767.32,0.6786,3010.56,0.6787,1697.25,,,,,,,,,,,,,,,,,,,,,,,,,,,,,,,,,,,,,,,,,0.000024,
2,7,54,0.6729,0.6718,-0.1635,1774137218736,0.6775,2868.48,0.6774,25.42,0.6773,34.5,0.6772,2605.34,0.6771,2602.11,0.677,2605.42,0.6769,6677.99,0.6768,1126.54,0.6767,3457.49,0.6766,32257.7,0.6778,438.57,0.6779,2423.71,0.678,1410.2,0.6781,449.64,0.6782,1258.69,0.6783,1199.57,0.6784,449.63,0.6785,2767.32,0.6786,3010.56,0.6787,1697.25,,,,,,,,,,,,,,,,,,,,,,,,,,,,,,,,,,,,,,,,,0.000024,
2,7,54,0.6729,0.672,-0.1337,1774137219036,0.6775,2868.48,0.6774,25.42,0.6773,34.5,0.6772,2605.34,0.6771,2602.11,0.677,2605.42,0.6769,6677.99,0.6768,1126.54,0.6767,3457.49,0.6766,32257.7,0.6778,438.57,0.6779,2423.71,0.678,1410.2,0.6781,449.64,0.6782,1258.69,0.6783,1199.57,0.6784,449.63,0.6785,2767.32,0.6786,3010.56,0.6787,1697.25,,,,,,,,,,,,,,,,,,,,,,,,,,,,,,,,,,,,,,,,,0.000024,
2,7,54,0.6729,0.672,-0.1337,1774137219337,0.6775,2868.48,0.6774,25.42,0.6773,34.5,0.6772,2605.34,0.6771,2602.11,0.677,2605.42,0.6769,6677.99,0.6768,1126.54,0.6767,3457.49,0.6766,32257.7,0.6778,438.57,0.6779,2423.71,0.678,1410.2,0.6781,449.64,0.6782,1258.69,0.6783,1199.57,0.6784,449.63,0.6785,2767.32,0.6786,3010.56,0.6787,1697.25,,,,,,,,,,,,,,,,,,,,,,,,,,,,,,,,,,,,,,,,,0.000024,
