spot_source_id,fut_source_id,symbol_id,ask_spot,bid_futures,spread_pct,ts,s_b1,s_b2,s_b3,s_b4,s_b5,s_b6,s_b7,s_b8,s_b9,s_b10,s_bq1,s_bq2,s_bq3,s_bq4,s_bq5,s_bq6,s_bq7,s_bq8,s_bq9,s_bq10,s_a1,s_a2,s_a3,s_a4,s_a5,s_a6,s_a7,s_a8,s_a9,s_a10,s_aq1,s_aq2,s_aq3,s_aq4,s_aq5,s_aq6,s_aq7,s_aq8,s_aq9,s_aq10,f_b1,f_b2,f_b3,f_b4,f_b5,f_b6,f_b7,f_b8,f_b9,f_b10,f_bq1,f_bq2,f_bq3,f_bq4,f_bq5,f_bq6,f_bq7,f_bq8,f_bq9,f_bq10,f_a1,f_a2,f_a3,f_a4,f_a5,f_a6,f_a7,f_a8,f_a9,f_a10,f_aq1,f_aq2,f_aq3,f_aq4,f_aq5,f_aq6,f_aq7,f_aq8,f_aq9,f_aq10,fr_r,fr_ft
2,5,54,0.6808,0.6796,-0.1763,1774137100000,0.6806,1620.42,0.6805,31.55,0.6804,16.29,0.6803,1247.71,0.6802,1785.84,0.6801,11.9,0.68,7802.93,0.6799,2511.65,0.6798,1610.87,0.6797,30963.77,0.6809,1247.62,0.681,1258.73,0.6811,11.02,0.6812,2035.31,0.6813,2517.37,0.6814,99.14,0.6815,4211.28,0.6816,2589.52,0.6817,1258.72,0.6818,1804.25,0.6795,10838,0.6794,5282,0.6793,8046,0.6792,16196,0.6791,28226,0.679,20908,0.6789,20988,0.6788,19242,0.6787,14910,0.6786,27559,0.6796,1825,0.6797,2216,0.6798,9084,0.6799,14175,0.68,13137,0.6801,10252,0.6802,21294,0.6803,17429,0.6804,20439,0.6805,16775,,
2,5,54,0.6804,0.6795,-0.1323,1774137101000,0.6802,11.55,0.6801,33.94,0.68,5695.82,0.6799,1950.07,0.6798,2858.58,0.6797,115.45,0.6796,449.59,0.6795,2647.51,0.6794,13.9,0.6793,32126.33,0.6805,831.72,0.6806,1258.65,0.6807,1258.74,0.6808,1187.37,0.6809,1697.21,0.681,1269.76,0.6811,11.02,0.6812,2837.37,0.6813,3895.77,0.6814,11.02,0.6795,10838,0.6794,5282,0.6793,7458,0.6792,15011,0.6791,25188,0.679,20908,0.6789,20988,0.6788,19242,0.6787,14910,0.6786,27559,0.6796,1825,0.6797,2216,0.6798,9084,0.6799,14175,0.68,13137,0.6801,10252,0.6802,19794,0.6803,15929,0.6804,20439,0.6805,16775,,
2,5,54,0.6803,0.6792,-0.1617,1774137102000,0.6802,11.55,0.6801,22.93,0.68,5695.84,0.6799,1511.5,0.6798,2786.26,0.6797,3058.03,0.6796,449.59,0.6795,5188.91,0.6794,1672.06,0.6793,32126.33,0.6804,2026.36,0.6805,1613.87,0.6806,1258.65,0.6807,1269.77,0.6808,1389.33,0.6809,1697.21,0.681,1269.76,0.6811,1441.12,0.6812,1546.17,0.6813,11795.93,0.6794,854,0.6793,799,0.6792,5237,0.6791,19365,0.679,8333,0.6789,17895,0.6788,20550,0.6787,16495,0.6786,24007,0.6785,23568,0.6795,9373,0.6796,19548,0.6797,8446,0.6798,10726,0.6799,13440,0.68,38069,0.6801,10222,0.6802,24324,0.6803,16702,0.6804,18245,,
2,5,54,0.6801,0.6795,-0.0882,1774137103000,0.6802,11.55,0.6801,22.93,0.68,5695.84,0.6799,1950.07,0.6798,2786.26,0.6797,115.45,0.6796,1755.72,0.6795,5277.1,0.6794,1672.06,0.6793,32126.33,0.6804,156.59,0.6805,1613.87,0.6806,1258.65,0.6807,1269.77,0.6808,2691.23,0.6809,1697.21,0.681,1269.76,0.6811,1441.12,0.6812,1546.17,0.6813,12060.51,0.6795,207,0.6794,1357,0.6793,8320,0.6792,10651,0.6791,12435,0.679,23156,0.6789,19357,0.6788,25640,0.6787,13391,0.6786,22336,0.6796,10261,0.6797,8015,0.6798,16174,0.6799,13565,0.68,27383,0.6801,11780,0.6802,22340,0.6803,17099,0.6804,20463,0.6805,18246,,
2,5,54,0.68,0.6793,-0.1029,1774137104000,0.68,5684.81,0.6799,1511.5,0.6798,290.93,0.6797,3058.22,0.6796,449.59,0.6795,4079.09,0.6794,13.9,0.6793,4540.05,0.6792,1935.24,0.6791,4854.42,0.6802,894.28,0.6803,1415.24,0.6804,1258.74,0.6805,2377.9,0.6806,1258.65,0.6807,1357.99,0.6808,2691.23,0.6809,4032.63,0.681,1831.34,0.6811,33115.17,0.6793,78,0.6792,2704,0.6791,4380,0.679,4574,0.6789,16328,0.6788,17647,0.6787,11430,0.6786,25465,0.6785,26018,0.6784,19485,0.6794,8373,0.6795,19123,0.6796,10218,0.6797,13670,0.6798,37404,0.6799,13390,0.68,14230,0.6801,14467,0.6802,22564,0.6803,15957,,
2,5,54,0.6798,0.6787,-0.1618,1774137105000,0.68,5684.81,0.6799,1511.5,0.6798,3007.96,0.6797,115.45,0.6796,449.59,0.6795,4079.09,0.6794,1110.48,0.6793,4540.05,0.6792,1935.24,0.6791,4854.42,0.6803,11.03,0.6804,587.61,0.6805,1437.91,0.6806,1591.2,0.6807,1357.99,0.6808,2691.23,0.6809,1697.21,0.681,1831.34,0.6811,35450.59,0.6812,3722.73,0.6789,1117,0.6788,7745,0.6787,7816,0.6786,5801,0.6785,19742,0.6784,4847,0.6783,26088,0.6782,18041,0.6781,14548,0.678,28615,0.679,4737,0.6791,10570,0.6792,21079,0.6793,9879,0.6794,24124,0.6795,15694,0.6796,16803,0.6797,17948,0.6798,17733,0.6799,17995,,
2,5,54,0.6791,0.6784,-0.1031,1774137106000,0.68,5684.81,0.6799,1511.5,0.6798,3007.96,0.6797,115.45,0.6796,449.59,0.6795,4079.09,0.6794,2540.58,0.6793,4540.05,0.6792,1935.24,0.6791,4854.42,0.6803,11.03,0.6804,11.03,0.6805,1678.51,0.6806,1258.65,0.6807,1357.99,0.6808,2691.23,0.6809,1697.21,0.681,1831.34,0.6811,35450.59,0.6812,3722.73,0.6783,445,0.6782,2672,0.6781,4697,0.678,16829,0.6779,9711,0.6778,43945,0.6777,19831,0.6776,18940,0.6775,19357,0.6774,19227,0.6784,3570,0.6785,9314,0.6786,19024,0.6787,7618,0.6788,15041,0.6789,13402,0.679,12996,0.6791,19448,0.6792,23588,0.6793,12160,,
2,5,54,0.6796,0.679,-0.0883,1774137107000,0.68,5684.81,0.6799,1511.5,0.6798,5950.1,0.6797,115.45,0.6796,449.59,0.6795,4079.09,0.6794,1110.48,0.6793,4540.05,0.6792,1935.24,0.6791,4854.42,0.6803,11.03,0.6804,503.26,0.6805,846.79,0.6806,1258.65,0.6807,1357.99,0.6808,2691.23,0.6809,1697.21,0.681,1831.34,0.6811,35450.59,0.6812,3722.73,0.6789,1493,0.6788,3313,0.6787,8149,0.6786,10368,0.6785,10713,0.6784,11856,0.6783,9945,0.6782,25547,0.6781,10082,0.678,24979,0.679,4317,0.6791,11981,0.6792,18506,0.6793,8471,0.6794,27249,0.6795,14564,0.6796,15906,0.6797,20602,0.6798,20788,0.6799,18801,,
2,5,54,0.6798,0.679,-0.1177,1774137108000,0.68,5684.81,0.6799,1511.5,0.6798,3233.07,0.6797,115.45,0.6796,449.59,0.6795,4079.09,0.6794,13.9,0.6793,4540.05,0.6792,1935.24,0.6791,4854.42,0.6802,11.03,0.6803,1415.24,0.6804,1269.77,0.6805,1546.18,0.6806,1258.65,0.6807,1357.99,0.6808,2691.23,0.6809,1697.21,0.681,1831.34,0.6811,35450.59,0.6788,6484,0.6787,3789,0.6786,4744,0.6785,17878,0.6784,15432,0.6783,13127,0.6782,18892,0.6781,19248,0.678,25332,0.6779,18924,0.6789,140,0.679,27,0.6791,5951,0.6792,16855,0.6793,13780,0.6794,9702,0.6795,10991,0.6796,23204,0.6797,13510,0.6798,16415,,
2,5,54,0.6798,0.679,-0.1177,1774137109000,0.68,5212.16,0.6799,1511.5,0.6798,290.93,0.6797,3058.37,0.6796,1762.66,0.6795,3990.9,0.6794,13.9,0.6793,4540.05,0.6792,1373.66,0.6791,4854.42,0.6802,1312.62,0.6803,1415.24,0.6804,1269.77,0.6805,1546.18,0.6806,1258.65,0.6807,1269.77,0.6808,2691.23,0.6809,2491.2,0.681,1831.34,0.6811,34656.62,0.679,1242,0.6789,6055,0.6788,10368,0.6787,5532,0.6786,11582,0.6785,15886,0.6784,14218,0.6783,19681,0.6782,26520,0.6781,16830,0.6791,3675,0.6792,11681,0.6793,9601,0.6794,9994,0.6795,9734,0.6796,21010,0.6797,13974,0.6798,14281,0.6799,20742,0.68,18793,,
2,5,54,0.6798,0.6789,-0.1324,1774137110000,0.68,5212.16,0.6799,1511.5,0.6798,1538.55,0.6797,3058.37,0.6796,1762.66,0.6795,3990.9,0.6794,13.9,0.6793,4540.05,0.6792,1373.66,0.6791,4854.42,0.6802,1312.62,0.6803,1415.24,0.6804,1269.77,0.6805,1546.18,0.6806,1258.65,0.6807,1269.77,0.6808,2691.23,0.6809,2491.2,0.681,1831.34,0.6811,34656.62,0.6789,114,0.6788,985,0.6787,7732,0.6786,11374,0.6785,16081,0.6784,14152,0.6783,19352,0.6782,24421,0.6781,17014,0.678,19027,0.679,6022,0.6791,5055,0.6792,15080,0.6793,12403,0.6794,9573,0.6795,10475,0.6796,20417,0.6797,13822,0.6798,14281,0.6799,20740,,
2,5,54,0.6797,0.6789,-0.1177,1774137111000,0.6798,268.95,0.6797,104.43,0.6796,11.02,0.6795,2531.47,0.6794,13.9,0.6793,1890.77,0.6792,1373.66,0.6791,835.69,0.679,36116.1,0.6789,4820.08,0.6801,943.2,0.6802,1067.2,0.6803,1415.24,0.6804,1413.17,0.6805,1546.18,0.6806,3594.07,0.6807,3448.16,0.6808,9773.43,0.6809,5966.64,0.681,1831.34,0.6789,90,0.6788,26,0.6787,4871,0.6786,13537,0.6785,15502,0.6784,14152,0.6783,19536,0.6782,24421,0.6781,16830,0.678,19027,0.679,7312,0.6791,5055,0.6792,15228,0.6793,12841,0.6794,27644,0.6795,12669,0.6796,20265,0.6797,11628,0.6798,16260,0.6799,20740,,
2,5,54,0.6798,0.6788,-0.1471,1774137112000,0.6798,268.95,0.6797,104.43,0.6796,11.02,0.6795,2531.47,0.6794,2957.8,0.6793,1890.77,0.6792,1373.66,0.6791,835.69,0.679,36116.1,0.6789,4398,0.68,884.1,0.6801,11.04,0.6802,449.6,0.6803,1415.24,0.6804,1413.17,0.6805,1546.18,0.6806,3594.07,0.6807,4878.26,0.6808,9773.43,0.6809,5966.64,0.6788,76,0.6787,17,0.6786,7918,0.6785,15151,0.6784,11584,0.6783,18116,0.6782,24421,0.6781,17014,0.678,21007,0.6779,19184,0.6789,8576,0.679,13306,0.6791,13639,0.6792,13443,0.6793,18653,0.6794,30842,0.6795,11198,0.6796,20265,0.6797,11628,0.6798,18085,,
2,5,54,0.6798,0.6788,-0.1471,1774137113000,0.6793,193.47,0.6792,670.95,0.6791,11.02,0.679,1404.13,0.6789,1269.7,0.6788,62.42,0.6787,15.4,0.6786,3930.97,0.6785,33178.34,0.6784,4856.24,0.6798,759.07,0.6799,1049.77,0.68,1258.66,0.6801,2648.29,0.6802,449.6,0.6803,2596.23,0.6804,1413.17,0.6805,1546.18,0.6806,4022.98,0.6807,5407.94,0.6788,5732,0.6787,6715,0.6786,8028,0.6785,15007,0.6784,18452,0.6783,18446,0.6782,24276,0.6781,16830,0.678,21007,0.6779,19184,0.6789,57,0.679,4157,0.6791,13075,0.6792,8445,0.6793,12642,0.6794,9759,0.6795,12670,0.6796,20265,0.6797,11628,0.6798,16260,,
2,5,54,0.6798,0.6791,-0.103,1774137114000,0.6793,193.47,0.6792,518.79,0.6791,622.29,0.679,3155.77,0.6789,2566.45,0.6788,2605.22,0.6787,1511.98,0.6786,4685.81,0.6785,30913.84,0.6784,4856.24,0.6798,759.07,0.6799,1049.77,0.68,1258.66,0.6801,2980.84,0.6802,449.6,0.6803,2688.75,0.6804,1413.17,0.6805,1546.18,0.6806,4022.98,0.6807,35778.78,0.6791,72,0.679,136,0.6789,7997,0.6788,13174,0.6787,6007,0.6786,11351,0.6785,12831,0.6784,14151,0.6783,22072,0.6782,24277,0.6792,3865,0.6793,10029,0.6794,14861,0.6795,10144,0.6796,43801,0.6797,11628,0.6798,16985,0.6799,20742,0.68,19531,0.6801,15469,,
2,5,54,0.6796,0.6789,-0.103,1774137115000,0.6793,193.47,0.6792,518.79,0.6791,622.29,0.679,3155.77,0.6789,2566.45,0.6788,2605.22,0.6787,3198.19,0.6786,4774.1,0.6785,30913.84,0.6784,4856.24,0.6797,222.19,0.6798,759.07,0.6799,1551.77,0.68,1258.66,0.6801,2648.29,0.6802,449.6,0.6803,2688.75,0.6804,1413.17,0.6805,1546.18,0.6806,4022.98,0.6789,33,0.6788,17,0.6787,5378,0.6786,13513,0.6785,12831,0.6784,11584,0.6783,22661,0.6782,26795,0.6781,17014,0.678,21007,0.679,10995,0.6791,3779,0.6792,15044,0.6793,12775,0.6794,22574,0.6795,11323,0.6796,21726,0.6797,13605,0.6798,18810,0.6799,20742,,
2,5,54,0.6797,0.6789,-0.1177,1774137116000,0.6793,1879.66,0.6792,1301.43,0.6791,11.02,0.679,3425,0.6789,1269.7,0.6788,2605.22,0.6787,1768.09,0.6786,4685.81,0.6785,30913.84,0.6784,4856.24,0.6798,759.07,0.6799,611.2,0.68,1493.06,0.6801,2736.58,0.6802,449.6,0.6803,3983.38,0.6804,1413.17,0.6805,1546.18,0.6806,4022.98,0.6807,34348.68,0.6789,49,0.6788,17,0.6787,4417,0.6786,7894,0.6785,12524,0.6784,11584,0.6783,19171,0.6782,24093,0.6781,16831,0.678,24825,0.679,11301,0.6791,6217,0.6792,12252,0.6793,12613,0.6794,25157,0.6795,11717,0.6796,21282,0.6797,15430,0.6798,18810,0.6799,20742,,
2,5,54,0.6797,0.6789,-0.1177,1774137117000,0.6793,193.47,0.6792,1301.43,0.6791,2956.23,0.679,3155.77,0.6789,2592.21,0.6788,2605.22,0.6787,1856.39,0.6786,4685.81,0.6785,30913.84,0.6784,4856.24,0.6797,2166.94,0.6798,2006.78,0.6799,1049.77,0.68,1258.66,0.6801,2736.58,0.6802,449.6,0.6803,3983.38,0.6804,1413.17,0.6805,1546.18,0.6806,4022.98,0.6789,1060,0.6788,17,0.6787,3878,0.6786,14925,0.6785,12524,0.6784,11584,0.6783,19323,0.6782,24093,0.6781,16831,0.678,24825,0.679,11311,0.6791,6217,0.6792,12253,0.6793,12613,0.6794,32515,0.6795,12491,0.6796,21282,0.6797,15430,0.6798,18810,0.6799,18506,,
2,5,54,0.6797,0.6789,-0.1177,1774137118000,0.6786,2946.84,0.6785,1365,0.6784,411.04,0.6783,1780.6,0.6782,2656.86,0.6781,1576.59,0.678,32683.63,0.6779,690.93,0.6778,1288.22,0.6777,449.54,0.6793,493.5,0.6794,1415.26,0.6795,1269.81,0.6796,1634.54,0.6797,1258.67,0.6798,3365.71,0.6799,2479.87,0.68,3594.08,0.6801,4118.92,0.6802,31370.6,0.6789,1116,0.6788,17,0.6787,6008,0.6786,14921,0.6785,12691,0.6784,11902,0.6783,20979,0.6782,24093,0.6781,16831,0.678,24825,0.679,6342,0.6791,4027,0.6792,12722,0.6793,12619,0.6794,18846,0.6795,10246,0.6796,21282,0.6797,17676,0.6798,18810,0.6799,18506,,
2,5,54,0.6797,0.6789,-0.1177,1774137119000,0.6787,1247.71,0.6786,1697.24,0.6785,1588.33,0.6784,1658.75,0.6783,1780.6,0.6782,2656.86,0.6781,1576.59,0.678,1760.35,0.6779,690.93,0.6778,32222.88,0.6791,1258.67,0.6792,167.64,0.6793,449.62,0.6794,1258.67,0.6795,1269.81,0.6796,3013.44,0.6797,1258.67,0.6798,3365.71,0.6799,33414.53,0.68,3594.08,0.6789,1117,0.6788,15,0.6787,7213,0.6786,14206,0.6785,15716,0.6784,11902,0.6783,20980,0.6782,20980,0.6781,16831,0.678,24825,0.679,11989,0.6791,11695,0.6792,12559,0.6793,12467,0.6794,24649,0.6795,11718,0.6796,21282,0.6797,17676,0.6798,18810,0.6799,19095,,
2,5,54,0.6795,0.6787,-0.1177,1774137120000,0.6791,601.51,0.679,1115.7,0.6789,726.2,0.6788,411.05,0.6787,2571.83,0.6786,1708.29,0.6785,2549.91,0.6784,2395.94,0.6783,3210.7,0.6782,2568.49,0.6793,11.05,0.6794,1415.26,0.6795,1269.81,0.6796,537.96,0.6797,1258.67,0.6798,4088.98,0.6799,3858.77,0.68,3594.08,0.6801,1269.79,0.6802,34846.04,0.6784,4197,0.6783,3225,0.6782,7491,0.6781,14576,0.678,25349,0.6779,20317,0.6778,48989,0.6777,18843,0.6776,36032,0.6775,17473,0.6785,2063,0.6786,1223,0.6787,11263,0.6788,16822,0.6789,12134,0.679,22993,0.6791,15537,0.6792,20927,0.6793,18137,0.6794,14062,-0.0000033687654511,1774152000000
2,5,54,0.6788,0.678,-0.1179,1774137121000,0.679,1356.58,0.6789,449.62,0.6788,411.05,0.6787,5115.83,0.6786,1708.29,0.6785,2549.91,0.6784,2958.6,0.6783,1780.6,0.6782,24.99,0.6781,32497.59,0.6794,1247.62,0.6795,22.1,0.6796,537.96,0.6797,1258.67,0.6798,3837.68,0.6799,5165.56,0.68,1258.66,0.6801,1832.45,0.6802,31370.6,0.6803,8813.29,0.678,6652,0.6779,8553,0.6778,47588,0.6777,18763,0.6776,25120,0.6775,16930,0.6774,21395,0.6773,25165,0.6772,14831,0.6771,21504,0.6782,3791,0.6783,7285,0.6784,22034,0.6785,11960,0.6786,13427,0.6787,40836,0.6788,11985,0.6789,13651,0.679,19134,0.6791,14399,,
2,5,54,0.6788,0.6775,-0.1915,1774137122000,0.6792,11.04,0.6791,1004.08,0.679,920.43,0.6789,460.66,0.6788,411.05,0.6787,5115.83,0.6786,2445.27,0.6785,1195.95,0.6784,2221.41,0.6783,1780.6,0.6795,22.1,0.6796,11.05,0.6797,1258.67,0.6798,1269.8,0.6799,2479.87,0.68,2817.98,0.6801,3211.35,0.6802,31370.6,0.6803,8813.29,0.6804,3748.59,0.6775,5751,0.6774,4794,0.6773,9345,0.6772,15327,0.6771,13852,0.677,13393,0.6769,9674,0.6768,24884,0.6767,25643,0.6766,25199,0.6776,2914,0.6777,2124,0.6778,15579,0.6779,12260,0.678,17278,0.6781,18705,0.6782,8996,0.6783,15883,0.6784,23252,0.6785,8169,,
2,5,54,0.6786,0.6774,-0.1768,1774137123000,0.6791,449.36,0.679,11.05,0.6789,22.09,0.6788,411.05,0.6787,2571.83,0.6786,2445.27,0.6785,1195.95,0.6784,2221.41,0.6783,6628.3,0.6782,24.99,0.6795,22.1,0.6796,11.05,0.6797,1258.67,0.6798,1269.8,0.6799,1049.77,0.68,2817.98,0.6801,3211.35,0.6802,32704.48,0.6803,8813.29,0.6804,3748.59,0.6776,3954,0.6775,6406,0.6774,9115,0.6773,10210,0.6772,11292,0.6771,25063,0.677,19366,0.6769,8589,0.6768,26674,0.6767,25200,0.6777,3269,0.6778,13939,0.6779,11131,0.678,16102,0.6781,17806,0.6782,10470,0.6783,13145,0.6784,21278,0.6785,8169,0.6786,20826,,
2,5,54,0.6784,0.6775,-0.1327,1774137124000,0.6792,1104.65,0.6791,602.91,0.679,11.04,0.6789,1708.28,0.6788,1001.68,0.6787,2571.83,0.6786,1708.29,0.6785,3174.48,0.6784,9706.93,0.6783,1780.6,0.6795,22.1,0.6796,11.05,0.6797,1258.67,0.6798,22.09,0.6799,1049.77,0.68,1346.97,0.6801,2648.69,0.6802,34122.29,0.6803,6104.95,0.6804,6123.23,0.6774,1191,0.6773,5943,0.6772,14128,0.6771,12926,0.677,13088,0.6769,8821,0.6768,23626,0.6767,27446,0.6766,26252,0.6765,22824,0.6775,4366,0.6776,3697,0.6777,7599,0.6778,10649,0.6779,17446,0.678,15053,0.6781,19280,0.6782,11190,0.6783,11645,0.6784,18096,,
2,5,54,0.6784,0.6768,-0.2358,1774137125000,0.6793,438.57,0.6792,1104.65,0.679,224.69,0.6789,4241.08,0.6788,411.05,0.6787,4827.1,0.6786,1708.29,0.6785,2437.4,0.6784,38069.48,0.6783,1780.6,0.6796,11.05,0.6797,11.05,0.6798,22.09,0.6799,1049.77,0.68,1346.97,0.6801,2648.69,0.6802,3201.29,0.6803,1258.65,0.6804,1678.18,0.6805,32983.37,0.6775,262,0.6774,2177,0.6773,6213,0.6772,14916,0.6771,12463,0.677,10091,0.6769,9143,0.6768,25169,0.6767,27906,0.6766,26252,0.6776,10006,0.6777,5838,0.6778,19752,0.6779,11444,0.678,20036,0.6781,25689,0.6782,10470,0.6783,11645,0.6784,20213,0.6785,6669,,
2,5,54,0.6783,0.677,-0.1917,1774137126000,0.6795,1104.65,0.6794,3243.33,0.6793,2138.66,0.6792,1126.73,0.6791,747.47,0.679,99.3,0.6789,7187.55,0.6788,6564.58,0.6787,33582.57,0.6786,1708.29,0.6799,611.2,0.68,11.04,0.6801,1126.73,0.6802,449.6,0.6803,1258.65,0.6804,1358.38,0.6805,1546.18,0.6806,2579.31,0.6807,1269.77,0.6808,33242.5,0.6771,82,0.677,581,0.6769,6793,0.6768,16825,0.6767,21397,0.6766,23303,0.6765,17615,0.6764,13332,0.6763,8916,0.6762,31591,0.6772,6825,0.6773,3647,0.6774,17363,0.6775,19862,0.6776,21593,0.6777,28223,0.6778,15843,0.6779,13195,0.678,16487,0.6781,20785,,
2,5,54,0.6783,0.6768,-0.2211,1774137127000,0.6794,671.6,0.6793,11.04,0.6792,22.08,0.6791,11.04,0.679,835.84,0.6789,7187.55,0.6788,411.05,0.6787,32152.47,0.6786,1708.29,0.6785,1107.62,0.6796,1247.62,0.6798,11.04,0.6799,1049.77,0.68,1258.66,0.6801,22.08,0.6802,449.6,0.6803,1258.65,0.6804,1358.38,0.6805,1546.18,0.6806,2579.31,0.677,930,0.6769,2580,0.6768,7265,0.6767,21100,0.6766,9078,0.6765,27254,0.6764,13630,0.6763,7084,0.6762,27922,0.6761,14081,0.6771,7728,0.6772,10808,0.6773,11910,0.6774,11486,0.6775,38396,0.6776,11592,0.6777,18503,0.6778,13767,0.6779,10877,0.678,18841,,
2,5,54,0.6778,0.6772,-0.0885,1774137128000,0.6794,586.43,0.6793,597.47,0.6792,1929.97,0.6791,1324.11,0.679,2553.95,0.6789,7187.55,0.6788,1841.15,0.6787,32152.47,0.6786,1708.29,0.6785,1107.62,0.6798,11.04,0.6799,1049.77,0.68,1258.66,0.6801,1126.73,0.6802,449.6,0.6803,1258.65,0.6804,2700.21,0.6805,2107.84,0.6806,2579.31,0.6807,3443.91,0.677,114,0.6769,14,0.6768,13498,0.6767,21370,0.6766,11844,0.6765,24141,0.6764,9948,0.6763,7816,0.6762,23383,0.6761,14081,0.6771,7011,0.6772,5300,0.6773,11753,0.6774,11100,0.6775,27514,0.6776,14245,0.6777,11584,0.6778,15936,0.6779,10351,0.678,12882,,
2,5,54,0.678,0.677,-0.1475,1774137129000,0.6795,586.39,0.6794,597.47,0.6793,1702.12,0.6792,1929.97,0.6791,1324.11,0.679,2553.95,0.6789,7187.55,0.6788,1841.15,0.6787,32152.47,0.6786,1708.29,0.6798,11.04,0.6799,1580.77,0.68,1258.66,0.6801,1126.73,0.6802,1829.5,0.6803,1969.05,0.6804,1270.11,0.6805,2107.84,0.6806,2579.31,0.6807,2064.41,0.6769,20,0.6768,13093,0.6767,21261,0.6766,8371,0.6765,24141,0.6764,10270,0.6763,5110,0.6762,26765,0.6761,14081,0.676,17790,0.6771,5001,0.6772,8404,0.6773,11946,0.6774,7448,0.6775,24523,0.6776,21701,0.6777,11584,0.6778,14461,0.6779,10351,0.678,12882,,
2,5,54,0.6779,0.6771,-0.118,1774137130000,0.6795,586.39,0.6794,3541.45,0.6793,1115.69,0.6792,1929.97,0.6791,1324.11,0.679,2553.95,0.6789,4977.73,0.6788,1841.15,0.6787,32152.47,0.6786,1708.29,0.6798,11.04,0.6799,1580.77,0.68,1258.66,0.6801,1126.73,0.6802,449.6,0.6803,1969.05,0.6804,2650.21,0.6805,2107.84,0.6806,2579.31,0.6807,2064.41,0.6772,3883,0.6771,6754,0.677,5586,0.6769,8397,0.6768,23992,0.6767,18820,0.6766,16228,0.6765,18255,0.6764,13655,0.6763,5462,0.6773,956,0.6774,5976,0.6775,15263,0.6776,4847,0.6777,12746,0.6778,13742,0.6779,10351,0.678,14933,0.6781,16998,0.6782,10382,,
2,5,54,0.6777,0.6769,-0.118,1774137131000,0.6793,1104.65,0.6792,1929.97,0.6791,1324.11,0.679,2553.95,0.6789,4977.73,0.6788,1841.15,0.6787,32152.47,0.6786,1708.29,0.6785,1107.62,0.6784,1821.41,0.6798,820.49,0.6799,1049.77,0.68,1258.66,0.6801,1126.73,0.6802,537.89,0.6803,1969.05,0.6804,2650.21,0.6805,2107.84,0.6806,1258.65,0.6807,2064.41,0.6772,1249,0.6771,2796,0.677,10419,0.6769,4719,0.6768,20607,0.6767,13891,0.6766,12059,0.6765,17268,0.6764,11157,0.6763,5462,0.6773,6607,0.6774,5019,0.6775,18179,0.6776,6172,0.6777,26651,0.6778,29298,0.6779,14020,0.678,13608,0.6781,16998,0.6782,10972,,
2,5,54,0.6781,0.6768,-0.1917,1774137132000,0.6793,1104.65,0.6792,1929.97,0.6791,1324.11,0.679,2553.95,0.6789,4977.73,0.6788,1841.15,0.6787,32152.47,0.6786,1708.29,0.6785,1107.62,0.6784,1821.41,0.6798,820.49,0.6799,1049.77,0.68,1258.66,0.6801,1126.73,0.6802,537.89,0.6803,1969.05,0.6804,4080.31,0.6805,3434.98,0.6806,1258.65,0.6807,2064.41,0.677,1211,0.6769,1422,0.6768,10844,0.6767,14498,0.6766,9641,0.6765,17590,0.6764,13928,0.6763,5898,0.6762,23821,0.6761,12800,0.6771,3923,0.6772,8841,0.6773,14110,0.6774,14912,0.6775,18438,0.6776,6929,0.6777,18469,0.6778,12094,0.6779,10351,0.678,13318,,
2,5,54,0.6778,0.6766,-0.177,1774137133000,,,,,,,,,,,,,,,,,,,,,,,,,,,,,,,,,,,,,,,,,0.6769,1184,0.6768,1516,0.6767,14620,0.6766,10555,0.6765,17284,0.6764,12573,0.6763,5898,0.6762,20439,0.6761,12800,0.676,18951,0.677,3100,0.6771,7262,0.6772,18303,0.6773,6656,0.6774,29844,0.6775,38420,0.6776,6404,0.6777,13858,0.6778,12447,0.6779,10351,,
2,5,54,0.6778,0.6746,-0.4721,1774137134000,0.6794,521.31,0.6793,1115.69,0.6792,1929.97,0.6791,1324.11,0.679,2953.95,0.6789,4977.73,0.6788,2729.15,0.6787,32152.47,0.6786,1708.29,0.6785,1107.62,0.6798,11.04,0.6799,611.2,0.68,1258.66,0.6801,1126.73,0.6802,537.89,0.6803,1258.65,0.6804,4080.31,0.6805,2107.84,0.6806,1258.65,0.6807,2064.41,0.6771,270,0.677,1371,0.6769,8220,0.6768,10409,0.6767,13074,0.6766,9761,0.6765,16844,0.6764,15877,0.6763,5898,0.6762,20439,0.6772,7470,0.6773,4783,0.6774,14171,0.6775,18969,0.6776,33193,0.6777,18213,0.6778,12447,0.6779,10955,0.678,12760,0.6781,16886,,
2,5,54,0.6779,0.6746,-0.4868,1774137135000,0.6796,400,0.6795,411.04,0.6794,246.63,0.6793,1115.69,0.6792,1708.27,0.6791,2060.54,0.679,2953.95,0.6789,4241.08,0.6788,4535.27,0.6787,32152.47,0.6798,11.04,0.6799,611.2,0.68,1258.66,0.6801,1126.73,0.6802,537.89,0.6803,1258.65,0.6804,3969.29,0.6805,2107.84,0.6806,1258.65,0.6807,2064.41,0.6769,2250,0.6768,5586,0.6767,15543,0.6766,9342,0.6765,16134,0.6764,13039,0.6763,6488,0.6762,21409,0.6761,12800,0.676,25474,0.677,1830,0.6771,2619,0.6772,19862,0.6773,12964,0.6774,15691,0.6775,25047,0.6776,12388,0.6777,15819,0.6778,13173,0.6779,11545,,
2,5,54,0.6777,0.6746,-0.4574,1774137136000,0.6794,11.04,0.6793,1115.69,0.6792,1708.27,0.6791,2060.54,0.679,2953.95,0.6789,4241.08,0.6788,4535.27,0.6787,32152.47,0.6786,1708.29,0.6785,1107.62,0.6798,597.56,0.6799,902.41,0.68,1258.66,0.6801,1459.28,0.6802,537.89,0.6803,1258.65,0.6804,3969.29,0.6805,3537.94,0.6806,1258.65,0.6807,2064.41,0.6768,58,0.6767,9328,0.6766,3673,0.6765,15982,0.6764,13039,0.6763,6488,0.6762,28114,0.6761,12800,0.676,19580,0.6759,33490,0.6769,6370,0.677,6353,0.6771,12783,0.6772,15537,0.6773,18806,0.6774,41618,0.6775,25047,0.6776,5960,0.6777,15819,0.6778,13173,,
2,5,54,0.6777,0.676,-0.2508,1774137137000,0.6793,1104.65,0.6792,1955.47,0.6791,1324.11,0.679,2953.95,0.6789,4977.73,0.6788,2729.15,0.6787,32152.47,0.6786,1708.29,0.6785,1107.62,0.6784,1821.41,0.6798,597.56,0.6799,449.61,0.68,1258.66,0.6801,1459.28,0.6802,537.89,0.6803,1258.65,0.6804,3969.29,0.6805,3537.94,0.6806,1258.65,0.6807,2064.41,0.6766,4632,0.6765,5153,0.6764,9568,0.6763,22327,0.6762,8955,0.6761,13841,0.676,19236,0.6759,13832,0.6758,10351,0.6757,17000,0.6767,14,0.6768,350,0.6769,16004,0.677,11979,0.6771,10422,0.6772,12720,0.6773,12242,0.6774,9322,0.6775,24454,0.6776,4600,,
2,5,54,0.6775,0.6758,-0.2509,1774137138000,0.6793,1104.65,0.6792,1708.27,0.6791,1324.11,0.679,2553.95,0.6789,4977.73,0.6788,1841.15,0.6787,32152.47,0.6786,1708.29,0.6785,1107.62,0.6784,1821.41,0.6798,827.24,0.6799,449.61,0.68,1258.66,0.6801,1126.73,0.6802,537.89,0.6803,1258.65,0.6804,3969.29,0.6805,3537.94,0.6806,1258.65,0.6807,2064.41,0.676,211,0.6759,6800,0.6758,4213,0.6757,4960,0.6756,14126,0.6755,14948,0.6754,12528,0.6753,16403,0.6752,25469,0.6751,15228,0.6761,2402,0.6762,10911,0.6763,11412,0.6764,18478,0.6765,21336,0.6766,13864,0.6767,30180,0.6768,4252,0.6769,19726,0.677,13265,,
2,5,54,0.6771,0.6759,-0.1772,1774137139000,0.6793,1104.65,0.6792,1708.27,0.6791,1324.11,0.679,2841.6,0.6789,4241.08,0.6788,1841.15,0.6787,32152.47,0.6786,1708.29,0.6785,1107.62,0.6784,1821.41,0.6798,827.24,0.6799,986.61,0.68,1258.66,0.6801,1126.73,0.6802,537.89,0.6803,1258.65,0.6804,3969.29,0.6805,3537.94,0.6806,1258.65,0.6807,2064.41,0.6746,3768,0.6745,5847,0.6744,6842,0.6743,7028,0.6742,14617,0.6741,9623,0.674,20547,0.6739,19873,0.6738,7218,0.6737,12119,0.6747,1134,0.6748,268,0.6749,12037,0.675,12805,0.6751,8392,0.6752,14841,0.6753,7002,0.6754,16585,0.6755,12739,0.6756,9239,,
2,5,54,0.6764,0.6762,-0.0296,1774137140000,0.6794,585.91,0.6793,4060.4,0.6792,1708.27,0.6791,1324.11,0.679,2841.6,0.6789,4241.08,0.6788,2577.91,0.6787,32152.47,0.6786,1708.29,0.6785,1107.62,0.6798,1702.21,0.6799,986.61,0.68,1564.53,0.6801,1126.73,0.6802,537.89,0.6803,1258.65,0.6804,3969.29,0.6805,3537.94,0.6806,1258.65,0.6807,2064.41,0.6746,4834,0.6745,4207,0.6744,3661,0.6743,8419,0.6742,18221,0.6741,10529,0.674,8019,0.6739,10427,0.6738,18361,0.6737,13702,0.6747,2779,0.6748,2183,0.6749,21272,0.675,10797,0.6751,3588,0.6752,18115,0.6753,3746,0.6754,19156,0.6755,14198,0.6756,10898,,
2,5,54,0.6757,0.6756,-0.0148,1774137141000,0.6793,2944.71,0.6792,22.08,0.6791,1324.11,0.679,2841.6,0.6789,4241.08,0.6788,2577.91,0.6787,32152.47,0.6786,1708.29,0.6785,1107.62,0.6784,1821.41,0.6797,1247.62,0.6798,1115.69,0.6799,449.61,0.68,1564.53,0.6801,1126.73,0.6802,537.89,0.6803,1258.65,0.6804,3969.29,0.6805,3537.94,0.6806,1258.65,0.6745,2483,0.6744,6066,0.6743,7321,0.6742,8660,0.6741,11438,0.674,5164,0.6739,9361,0.6738,21649,0.6737,17567,0.6736,11087,0.6746,1954,0.6747,1240,0.6748,18763,0.6749,11812,0.675,11722,0.6751,3920,0.6752,19372,0.6753,4652,0.6754,17676,0.6755,13405,,
2,5,54,0.6752,0.6746,-0.0889,1774137142000,0.6793,1104.65,0.6792,1708.27,0.6791,1324.11,0.679,2841.6,0.6789,4241.08,0.6788,2577.91,0.6787,1258.76,0.6786,1708.29,0.6785,1107.62,0.6784,32728.76,0.6798,1393.99,0.6799,449.61,0.68,1258.66,0.6801,1126.73,0.6802,537.89,0.6803,1258.65,0.6804,3969.29,0.6805,34445.29,0.6806,1258.65,0.6807,2064.41,0.6747,3332,0.6746,4165,0.6745,7388,0.6744,7781,0.6743,11558,0.6742,12759,0.6741,18040,0.674,6466,0.6739,9361,0.6738,21649,0.6748,2179,0.6749,4543,0.675,2657,0.6751,5799,0.6752,19538,0.6753,4652,0.6754,17676,0.6755,13405,0.6756,9974,0.6757,4296,,
2,5,54,0.6755,0.6721,-0.5033,1774137143000,,,,,,,,,,,,,,,,,,,,,,,,,,,,,,,,,,,,,,,,,0.676,2259,0.6759,433,0.6758,6567,0.6757,5800,0.6756,11725,0.6755,5868,0.6754,11045,0.6753,5738,0.6752,10695,0.6751,18677,0.6761,4522,0.6762,6816,0.6763,8048,0.6764,7273,0.6765,30798,0.6766,12193,0.6767,11032,0.6768,4608,0.6769,16956,0.677,19518,,
2,5,54,0.6755,0.6698,-0.8438,1774137144000,0.6793,1104.65,0.6792,1708.27,0.6791,1324.11,0.679,2841.6,0.6789,4241.08,0.6788,2577.91,0.6787,1258.76,0.6786,1708.29,0.6785,1107.62,0.6784,32728.76,0.6797,519.71,0.6798,1991.99,0.6799,449.61,0.68,1258.66,0.6801,1126.73,0.6802,537.89,0.6803,1258.65,0.6804,3969.29,0.6805,34445.29,0.6806,1258.65,0.6762,513,0.6761,14,0.676,287,0.6759,3688,0.6758,12761,0.6757,5509,0.6756,19883,0.6755,13692,0.6754,9180,0.6753,5815,0.6763,2974,0.6764,6963,0.6765,20243,0.6766,13310,0.6767,9188,0.6768,38130,0.6769,16029,0.677,20704,0.6771,5657,0.6772,17372,,
2,5,54,0.6721,0.6707,-0.2083,1774137149000,0.6794,987.14,0.6793,1115.69,0.6792,4653.19,0.6791,1324.11,0.679,1491.6,0.6789,5590.22,0.6788,1441.15,0.6787,1995.63,0.6786,1708.29,0.6785,1107.62,0.6798,1115.69,0.6799,449.61,0.68,1522.28,0.6801,1126.73,0.6802,537.89,0.6803,1258.65,0.6804,2650.21,0.6805,34445.29,0.6806,1523.51,0.6807,1269.77,0.6756,92,0.6755,1968,0.6754,3554,0.6753,14497,0.6752,9134,0.6751,10800,0.675,14822,0.6749,20065,0.6748,6392,0.6747,10229,0.6757,9192,0.6758,6173,0.6759,16431,0.676,16602,0.6761,16334,0.6762,26512,0.6763,16524,0.6764,13114,0.6765,23384,0.6766,9820,,
2,5,54,0.6714,0.6682,-0.4766,1774137150000,0.6794,587.14,0.6793,1115.69,0.6792,4653.19,0.6791,1324.11,0.679,1891.6,0.6789,5590.22,0.6788,1441.15,0.6787,1995.63,0.6786,1708.29,0.6785,1107.62,0.6798,1115.69,0.6799,969.61,0.68,1258.66,0.6801,1459.28,0.6802,537.89,0.6803,2599.85,0.6804,2650.21,0.6805,34445.29,0.6806,1523.51,0.6807,1269.77,0.6748,2581,0.6747,3317,0.6746,6423,0.6745,7011,0.6744,20640,0.6743,7442,0.6742,21034,0.6741,9922,0.674,5257,0.6739,18894,0.6749,21,0.675,3620,0.6751,10165,0.6752,18558,0.6753,5060,0.6754,11727,0.6755,16623,0.6756,11890,0.6757,13022,0.6758,14794,,
2,5,54,0.6701,0.666,-0.6118,1774137151000,0.6794,499.9,0.6793,4060.24,0.6792,1708.27,0.6791,1324.11,0.679,1603.95,0.6789,5590.22,0.6788,1441.15,0.6787,1995.63,0.6786,1708.29,0.6785,1107.62,0.6798,1431.46,0.6799,969.61,0.68,1258.66,0.6801,1126.73,0.6802,537.89,0.6803,2599.85,0.6804,2650.21,0.6805,34445.29,0.6806,2053.27,0.6807,1269.77,0.6737,1990,0.6736,3375,0.6735,481,0.6734,1063,0.6733,7838,0.6732,1070,0.6731,8372,0.673,1069,0.6729,8240,0.6728,26804,0.6738,5251,0.6739,9595,0.674,11803,0.6741,6562,0.6742,12366,0.6743,11196,0.6744,10222,0.6745,25158,0.6746,14511,0.6747,6021,,
2,5,54,0.6694,0.6561,-1.9869,1774137152000,,,,,,,,,,,,,,,,,,,,,,,,,,,,,,,,,,,,,,,,,0.672,1949,0.6719,816,0.6718,4364,0.6717,3974,0.6716,12683,0.6715,2413,0.6714,8557,0.6713,9094,0.6712,19490,0.6711,10454,0.6721,5968,0.6722,9903,0.6723,10706,0.6724,7666,0.6725,13960,0.6726,6480,0.6727,20748,0.6728,8519,0.6729,12967,0.673,14595,,
2,5,54,0.6683,0.6636,-0.7033,1774137153000,0.6794,499.9,0.6793,4060.24,0.6792,1708.27,0.6791,1324.11,0.679,1603.95,0.6789,5590.22,0.6788,1441.15,0.6787,1995.63,0.6786,1708.29,0.6785,1107.62,0.6798,1431.46,0.6799,969.61,0.68,1258.66,0.6801,1126.73,0.6802,537.89,0.6803,3399.05,0.6804,2650.21,0.6805,34445.29,0.6806,2053.27,0.6807,1269.77,0.6712,4462,0.6711,2224,0.671,4128,0.6709,3640,0.6708,11425,0.6707,18281,0.6706,8596,0.6705,7188,0.6704,19152,0.6703,6469,0.6713,298,0.6714,1059,0.6715,8214,0.6716,7559,0.6717,10354,0.6718,17640,0.6719,12508,0.672,3566,0.6721,10376,0.6722,13017,,
2,5,54,0.6669,0.6622,-0.7048,1774137154000,0.6795,988.37,0.6794,3444.18,0.6793,1115.69,0.6792,1708.27,0.6791,1614.16,0.679,1603.95,0.6789,6326.87,0.6788,1441.15,0.6787,1258.76,0.6786,1708.29,0.6798,846.81,0.6799,449.61,0.68,1258.66,0.6801,1126.73,0.6802,537.89,0.6803,2057.85,0.6804,2650.21,0.6805,34445.29,0.6806,2053.27,0.6807,1269.77,0.6685,4122,0.6684,4404,0.6683,5633,0.6682,4754,0.6681,11856,0.668,8345,0.6679,6507,0.6678,10927,0.6677,11978,0.6676,4556,0.6687,245,0.6688,168,0.6689,570,0.669,770,0.6691,9312,0.6692,9719,0.6693,19787,0.6694,9664,0.6695,7951,0.6696,7044,,
2,5,54,0.6626,0.6678,0.7848,1774137155000,0.6795,588.37,0.6794,2944.28,0.6793,2801.88,0.6792,22.08,0.6791,1324.11,0.679,1603.95,0.6789,4977.73,0.6788,1441.15,0.6787,1258.76,0.6786,1708.29,0.6798,11.04,0.6799,1258.66,0.68,11.04,0.6801,1126.73,0.6802,537.89,0.6803,2057.85,0.6804,2650.21,0.6805,34445.29,0.6806,2053.27,0.6807,1269.77,0.6717,48,0.6716,259,0.6715,2143,0.6714,3810,0.6713,6228,0.6712,4907,0.6711,11207,0.671,2845,0.6709,6630,0.6708,4637,0.6718,3184,0.6719,8636,0.672,8405,0.6721,12201,0.6722,5988,0.6723,11127,0.6724,22184,0.6725,3564,0.6726,16245,0.6727,11468,,
2,5,54,0.6595,0.6684,1.3495,1774137155297,0.6795,588.37,0.6794,2944.28,0.6793,2801.88,0.6792,22.08,0.6791,1324.11,0.679,1603.95,0.6789,4977.73,0.6788,1441.15,0.6787,1258.76,0.6786,1708.29,0.6797,588.37,0.6798,11.04,0.6799,1258.66,0.68,239.48,0.6801,1126.73,0.6802,537.89,0.6803,2057.85,0.6804,2650.21,0.6805,34445.29,0.6806,2053.27,0.6717,62,0.6716,2107,0.6715,2144,0.6714,11877,0.6713,7212,0.6712,5234,0.6711,12375,0.671,2859,0.6709,5352,0.6708,4637,0.6718,2419,0.6719,1007,0.672,10495,0.6721,3651,0.6722,3563,0.6723,9640,0.6724,23671,0.6725,3564,0.6726,16245,0.6727,10224,-0.0000033687654511,1774152000000
2,5,54,0.6579,0.6677,1.4896,1774137155598,0.6795,588.37,0.6794,2955.32,0.6793,2801.88,0.6792,22.08,0.6791,1324.11,0.679,1603.95,0.6789,4241.08,0.6788,1441.15,0.6787,1258.76,0.6786,1708.29,0.6798,11.04,0.6799,1258.66,0.68,239.48,0.6801,1126.73,0.6802,537.89,0.6803,2057.85,0.6804,2650.21,0.6805,34445.29,0.6806,2053.27,0.6807,1269.77,0.6718,379,0.6717,1600,0.6716,5238,0.6715,6109,0.6714,11510,0.6713,10686,0.6712,8956,0.6711,10599,0.671,10897,0.6709,6158,0.6719,916,0.672,2492,0.6721,1915,0.6722,7197,0.6723,10552,0.6724,21390,0.6725,3564,0.6726,12217,0.6727,11710,0.6728,12756,-0.0000033687654511,1774152000000
2,5,54,0.6585,0.667,1.2908,1774137155898,0.6795,588.37,0.6794,2955.32,0.6793,2801.88,0.6792,22.08,0.6791,1324.11,0.679,2939.05,0.6789,4241.08,0.6788,1441.15,0.6787,1258.76,0.6786,1708.29,0.6798,84.59,0.6799,1258.66,0.68,239.48,0.6801,1126.73,0.6802,537.89,0.6803,2057.85,0.6804,3968.38,0.6805,33015.19,0.6806,2053.27,0.6807,1269.77,0.6723,2055,0.6722,2138,0.6721,6604,0.672,4910,0.6719,5214,0.6718,7887,0.6717,4790,0.6716,2709,0.6715,7727,0.6714,4785,0.6724,14,0.6725,176,0.6726,4297,0.6727,10252,0.6728,14307,0.6729,10519,0.673,16300,0.6731,9641,0.6732,13696,0.6733,4861,-0.0000033687654511,1774152000000
2,5,54,0.6606,0.668,1.1202,1774137156199,0.6795,588.37,0.6794,2955.32,0.6793,2801.88,0.6792,22.08,0.6791,1324.11,0.679,2939.05,0.6789,4241.08,0.6788,1441.15,0.6787,1258.76,0.6786,1708.29,0.6798,84.59,0.6799,1258.66,0.68,239.48,0.6801,1126.73,0.6802,537.89,0.6803,2057.85,0.6804,3968.38,0.6805,33015.19,0.6806,2053.27,0.6807,1269.77,0.6722,259,0.6721,1152,0.672,4908,0.6719,5924,0.6718,7885,0.6717,4788,0.6716,2709,0.6715,7727,0.6714,4785,0.6713,5095,0.6723,7555,0.6724,5349,0.6725,5285,0.6726,14800,0.6727,11358,0.6728,12174,0.6729,10519,0.673,16300,0.6731,9641,0.6732,13696,-0.0000033687654511,1774152000000
2,5,54,0.6606,0.6685,1.1959,1774137156500,0.6795,588.37,0.6794,2955.32,0.6793,2801.88,0.6792,22.08,0.6791,1324.11,0.679,2939.05,0.6789,4241.08,0.6788,1441.15,0.6787,1258.76,0.6786,1708.29,0.6798,84.59,0.6799,1258.66,0.68,239.48,0.6801,1126.73,0.6802,537.89,0.6803,2057.85,0.6804,3968.38,0.6805,33015.19,0.6806,2053.27,0.6807,1269.77,0.6716,269,0.6715,1205,0.6714,7729,0.6713,8117,0.6712,3574,0.6711,10627,0.671,2859,0.6709,3805,0.6708,4637,0.6707,10370,0.6717,11048,0.6718,6526,0.6719,4310,0.672,8937,0.6721,8948,0.6722,12232,0.6723,15702,0.6724,9320,0.6725,11810,0.6726,18736,-0.0000033687654511,1774152000000
2,5,54,0.6606,0.6677,1.0748,1774137156800,0.6795,588.37,0.6794,2955.32,0.6793,2801.88,0.6792,22.08,0.6791,1324.11,0.679,2939.05,0.6789,4241.08,0.6788,1441.15,0.6787,1258.76,0.6786,1708.29,0.6798,84.59,0.6799,1258.66,0.68,239.48,0.6801,1126.73,0.6802,537.89,0.6803,2057.85,0.6804,3968.38,0.6805,33015.19,0.6806,2053.27,0.6807,1269.77,0.6714,3173,0.6713,246,0.6712,2211,0.6711,5742,0.671,4311,0.6709,2745,0.6708,5828,0.6707,8887,0.6706,1659,0.6705,6959,0.6715,2006,0.6716,2647,0.6717,10791,0.6718,9436,0.6719,12046,0.672,13631,0.6721,8644,0.6722,10672,0.6723,10522,0.6724,8806,-0.0000033687654511,1774152000000
2,5,54,0.6606,0.6676,1.0596,1774137157100,0.6793,4487.93,0.6792,22.08,0.6791,1324.11,0.679,1603.95,0.6789,4241.08,0.6788,11.05,0.6787,1258.76,0.6786,1708.29,0.6785,1107.62,0.6784,34986.59,0.6798,786.93,0.6799,1258.66,0.68,11.04,0.6801,1126.73,0.6802,537.89,0.6803,2057.85,0.6804,3968.38,0.6805,33015.19,0.6806,2053.27,0.6807,1269.77,0.6712,219,0.6711,15,0.671,5060,0.6709,4452,0.6708,4644,0.6707,8292,0.6706,1811,0.6705,7232,0.6704,3760,0.6703,8439,0.6713,9800,0.6714,6862,0.6715,12114,0.6716,6345,0.6717,10990,0.6718,10039,0.6719,9756,0.672,14945,0.6721,11108,0.6722,10150,-0.0000033687654511,1774152000000
2,5,54,0.6606,0.6677,1.0748,1774137157401,0.6793,4487.93,0.6792,22.08,0.6791,1324.11,0.679,1603.95,0.6789,4241.08,0.6788,11.05,0.6787,1258.76,0.6786,1708.29,0.6785,1107.62,0.6784,34986.59,0.6798,786.93,0.6799,1258.66,0.68,11.04,0.6801,1126.73,0.6802,537.89,0.6803,2057.85,0.6804,3968.38,0.6805,33015.19,0.6806,2053.27,0.6807,1269.77,0.6709,2874,0.6708,2832,0.6707,326,0.6706,4833,0.6705,2148,0.6704,7398,0.6703,6165,0.6702,2411,0.6701,6167,0.67,2767,0.671,176,0.6711,6249,0.6712,8907,0.6713,7826,0.6714,16029,0.6715,12390,0.6716,4250,0.6717,19515,0.6718,11408,0.6719,9595,-0.0000033687654511,1774152000000
2,5,54,0.6606,0.6678,1.0899,1774137157702,0.6793,4487.93,0.6792,22.08,0.6791,1324.11,0.679,1603.95,0.6789,4241.08,0.6788,11.05,0.6787,1258.76,0.6786,1708.29,0.6785,1107.62,0.6784,34986.59,0.6797,619,0.6798,713.38,0.6799,1258.66,0.68,11.04,0.6801,1126.73,0.6802,537.89,0.6803,2057.85,0.6804,3968.38,0.6805,33015.19,0.6806,2053.27,0.6705,261,0.6704,274,0.6703,1232,0.6702,269,0.6701,2168,0.67,2411,0.6699,3039,0.6698,7389,0.6697,3566,0.6696,3745,0.6706,9410,0.6707,7107,0.6708,3844,0.6709,15776,0.671,9756,0.6711,10901,0.6712,7913,0.6713,17011,0.6714,13445,0.6715,10592,-0.0000033687654511,1774152000000
2,5,54,0.6606,0.6673,1.0142,1774137158003,0.6793,4487.93,0.6792,22.08,0.6791,1324.11,0.679,1603.95,0.6789,5540.99,0.6788,11.05,0.6787,1258.76,0.6786,1708.29,0.6785,1107.62,0.6784,34986.59,0.6798,2283.08,0.6799,1258.66,0.68,11.04,0.6801,1126.73,0.6802,537.89,0.6803,3487.95,0.6804,3968.38,0.6805,33015.19,0.6806,2053.27,0.6807,1269.77,0.6708,1943,0.6707,820,0.6706,5517,0.6705,8943,0.6704,7327,0.6703,9387,0.6702,3475,0.6701,13711,0.67,4689,0.6699,10040,0.6709,2582,0.671,1531,0.6711,14010,0.6712,9186,0.6713,11810,0.6714,12451,0.6715,12403,0.6716,5833,0.6717,20267,0.6718,8139,-0.0000033687654511,1774152000000
2,5,54,0.6606,0.667,0.9688,1774137158304,0.6793,4487.93,0.6792,22.08,0.6791,1324.11,0.679,1892.82,0.6789,5540.99,0.6788,2177.91,0.6787,1258.76,0.6786,1708.29,0.6785,1107.62,0.6784,34986.59,0.6798,2283.08,0.6799,1258.66,0.68,11.04,0.6801,1126.73,0.6802,537.89,0.6803,3487.95,0.6804,3968.38,0.6805,33015.19,0.6806,2053.27,0.6807,1269.77,0.6703,1387,0.6702,3474,0.6701,10619,0.67,3571,0.6699,12736,0.6698,8552,0.6697,8957,0.6696,10883,0.6695,9146,0.6694,10010,0.6704,1825,0.6705,1862,0.6706,262,0.6707,19797,0.6708,8735,0.6709,17355,0.671,10453,0.6711,8776,0.6712,9541,0.6713,12260,-0.0000033687654511,1774152000000
2,5,54,0.6606,0.6665,0.8931,1774137158605,0.6793,4487.93,0.6792,22.08,0.6791,1324.11,0.679,1892.82,0.6789,5540.99,0.6788,2177.91,0.6787,1258.76,0.6786,1708.29,0.6785,1107.62,0.6784,34986.59,0.6798,2283.08,0.6799,1877.66,0.68,11.04,0.6801,1126.73,0.6802,537.89,0.6803,3487.95,0.6804,3968.38,0.6805,33015.19,0.6806,2053.27,0.6807,1269.77,0.67,1054,0.6699,3155,0.6698,4961,0.6697,3338,0.6696,10521,0.6695,8550,0.6694,9214,0.6693,10526,0.6692,15985,0.6691,8038,0.6701,1841,0.6702,16,0.6703,8366,0.6704,12066,0.6705,9903,0.6706,4286,0.6707,19081,0.6708,4817,0.6709,17710,0.671,13045,-0.0000033687654511,1774152000000
2,5,54,0.6606,0.6664,0.878,1774137158905,0.6793,4487.93,0.6792,22.08,0.6791,1324.11,0.679,1892.82,0.6789,5540.99,0.6788,2177.91,0.6787,1258.76,0.6786,1708.29,0.6785,1107.62,0.6784,34986.59,0.6798,2283.08,0.6799,1877.66,0.68,11.04,0.6801,1126.73,0.6802,537.89,0.6803,3487.95,0.6804,3968.38,0.6805,33015.19,0.6806,2053.27,0.6807,1269.77,0.6704,3423,0.6703,190,0.6702,4981,0.6701,7095,0.67,11529,0.6699,7157,0.6698,15374,0.6697,3982,0.6696,11471,0.6695,8906,0.6705,368,0.6706,393,0.6707,12344,0.6708,5378,0.6709,17108,0.671,10454,0.6711,9356,0.6712,9185,0.6713,11943,0.6714,12499,-0.0000033687654511,1774152000000
2,5,54,0.6606,0.6667,0.9234,1774137159206,0.6793,4049.36,0.6792,1269.7,0.6791,1724.11,0.679,1892.82,0.6789,5540.99,0.6788,2177.91,0.6787,1258.76,0.6786,1708.29,0.6785,1107.62,0.6784,34986.59,0.6798,2283.08,0.6799,1877.66,0.68,11.04,0.6801,1126.73,0.6802,537.89,0.6803,3487.95,0.6804,3968.38,0.6805,33015.19,0.6806,2053.27,0.6807,1269.77,0.6705,14,0.6704,175,0.6703,9291,0.6702,4046,0.6701,7118,0.67,8069,0.6699,4375,0.6698,15374,0.6697,4338,0.6696,11468,0.6706,3451,0.6707,3101,0.6708,10156,0.6709,17108,0.671,10700,0.6711,10856,0.6712,9185,0.6713,11943,0.6714,12499,0.6715,13265,-0.0000033687654511,1774152000000
2,5,54,0.6606,0.6664,0.878,1774137159506,0.6793,1104.65,0.6792,1269.7,0.6791,4269.52,0.679,1892.82,0.6789,5540.99,0.6788,1441.15,0.6787,1258.76,0.6786,1708.29,0.6785,1107.62,0.6784,32728.76,0.6797,751.38,0.6798,3123.96,0.6799,1877.66,0.68,11.04,0.6801,1126.73,0.6802,537.89,0.6803,3487.95,0.6804,3968.38,0.6805,33015.19,0.6806,2053.27,0.6707,1984,0.6706,2600,0.6705,1693,0.6704,8552,0.6703,2295,0.6702,12461,0.6701,13795,0.67,11398,0.6699,3582,0.6698,16326,0.6708,111,0.6709,21,0.671,13364,0.6711,9223,0.6712,8939,0.6713,11943,0.6714,12499,0.6715,12669,0.6716,4158,0.6717,21811,-0.0000033687654511,1774152000000
2,5,54,0.6606,0.6663,0.8629,1774137159807,0.6793,1104.65,0.6792,1269.7,0.6791,4269.52,0.679,1892.82,0.6789,5540.99,0.6788,1441.15,0.6787,1258.76,0.6786,1708.29,0.6785,1107.62,0.6784,32728.76,0.6797,751.38,0.6798,3123.96,0.6799,1877.66,0.68,11.04,0.6801,1126.73,0.6802,537.89,0.6803,3487.95,0.6804,3968.38,0.6805,33015.19,0.6806,2053.27,0.6712,1257,0.6711,1083,0.671,4612,0.6709,5647,0.6708,15332,0.6707,6480,0.6706,7773,0.6705,10892,0.6704,8130,0.6703,3248,0.6713,3037,0.6714,834,0.6715,3285,0.6716,6139,0.6717,19955,0.6718,8095,0.6719,10426,0.672,12351,0.6721,11532,0.6722,14154,-0.0000033687654511,1774152000000
2,5,54,0.6606,0.6668,0.9385,1774137160108,0.6793,1104.65,0.6792,1269.7,0.6791,1324.11,0.679,1892.82,0.6789,5540.99,0.6788,1441.15,0.6787,1258.76,0.6786,1708.29,0.6785,1107.62,0.6784,32728.76,0.6797,751.38,0.6798,3123.96,0.6799,1877.66,0.68,11.04,0.6801,1126.73,0.6802,537.89,0.6803,3487.95,0.6804,3968.38,0.6805,33015.19,0.6806,2053.27,0.6713,1487,0.6712,1231,0.6711,7745,0.671,10149,0.6709,4272,0.6708,15252,0.6707,6480,0.6706,7825,0.6705,12129,0.6704,8130,0.6714,2660,0.6715,172,0.6716,4662,0.6717,18619,0.6718,7849,0.6719,9730,0.672,12351,0.6721,10044,0.6722,15642,0.6723,8112,-0.0000033687654511,1774152000000
2,5,54,0.6606,0.6668,0.9385,1774137160408,0.6793,1104.65,0.6792,1269.7,0.6791,1324.11,0.679,1892.82,0.6789,5540.99,0.6788,1441.15,0.6787,1258.76,0.6786,1708.29,0.6785,1107.62,0.6784,32728.76,0.6797,751.38,0.6798,3123.96,0.6799,1877.66,0.68,11.04,0.6801,1126.73,0.6802,537.89,0.6803,3487.95,0.6804,2650.21,0.6805,33015.19,0.6806,2053.27,0.6712,1241,0.6711,6812,0.671,4529,0.6709,4304,0.6708,15228,0.6707,6480,0.6706,7825,0.6705,11889,0.6704,8725,0.6703,2504,0.6713,2741,0.6714,833,0.6715,6992,0.6716,13737,0.6717,15753,0.6718,3570,0.6719,9976,0.672,12351,0.6721,10044,0.6722,14154,-0.0000033687654511,1774152000000
2,5,54,0.6606,0.6665,0.8931,1774137160709,0.6793,1104.65,0.6792,1269.7,0.6791,1324.11,0.679,1892.82,0.6789,5540.99,0.6788,1441.15,0.6787,1258.76,0.6786,1708.29,0.6785,1107.62,0.6784,32728.76,0.6797,751.38,0.6798,3123.96,0.6799,1877.66,0.68,11.04,0.6801,1126.73,0.6802,537.89,0.6803,3487.95,0.6804,2650.21,0.6805,33015.19,0.6806,2053.27,0.6711,909,0.671,188,0.6709,6034,0.6708,14400,0.6707,6482,0.6706,7827,0.6705,11536,0.6704,8727,0.6703,4004,0.6702,10328,0.6712,7691,0.6713,4787,0.6714,7684,0.6715,10631,0.6716,11811,0.6717,31983,0.6718,11141,0.6719,10871,0.672,12351,0.6721,10044,-0.0000033687654511,1774152000000
2,5,54,0.6606,0.6657,0.772,1774137161010,0.6793,1104.65,0.6792,1269.7,0.6791,1324.11,0.679,1892.82,0.6789,4241.08,0.6788,1441.15,0.6787,1258.76,0.6786,2445.27,0.6785,1107.62,0.6784,32728.76,0.6797,751.38,0.6798,3123.96,0.6799,1877.66,0.68,11.04,0.6801,1126.73,0.6802,537.89,0.6803,4830.07,0.6804,2650.21,0.6805,33015.19,0.6806,2053.27,0.6704,1320,0.6703,486,0.6702,4999,0.6701,9507,0.67,13376,0.6699,4841,0.6698,15093,0.6697,4960,0.6696,10529,0.6695,9347,0.6705,8580,0.6706,3267,0.6707,8877,0.6708,9269,0.6709,19315,0.671,18846,0.6711,10538,0.6712,7193,0.6713,15095,0.6714,17845,-0.0000033687654511,1774152000000
2,5,54,0.6669,0.6657,-0.1799,1774137161310,0.6793,1104.65,0.6792,1269.7,0.6791,1324.11,0.679,1892.82,0.6789,4241.08,0.6788,1441.15,0.6787,1258.76,0.6786,2445.27,0.6785,1107.62,0.6784,32728.76,0.6797,751.38,0.6798,3123.96,0.6799,1877.66,0.68,11.04,0.6801,1126.73,0.6802,537.89,0.6803,4830.07,0.6804,2650.21,0.6805,33015.19,0.6806,2053.27,0.6704,1140,0.6703,1314,0.6702,7309,0.6701,8567,0.67,13376,0.6699,5428,0.6698,15737,0.6697,4364,0.6696,10529,0.6695,9347,0.6705,1891,0.6706,200,0.6707,8877,0.6708,5837,0.6709,11879,0.671,19092,0.6711,10544,0.6712,7193,0.6713,15097,0.6714,17029,-0.0000033687654511,1774152000000
2,5,54,0.6665,0.6647,-0.2701,1774137161611,0.6793,1104.65,0.6792,1269.7,0.6791,1324.11,0.679,1892.82,0.6789,4241.08,0.6788,1441.15,0.6787,1258.76,0.6786,2445.27,0.6785,1107.62,0.6784,32728.76,0.6797,751.38,0.6798,3123.96,0.6799,1877.66,0.68,11.04,0.6801,1126.73,0.6802,537.89,0.6803,4830.07,0.6804,2650.21,0.6805,33015.19,0.6806,2053.27,0.6701,30,0.67,175,0.6699,5403,0.6698,20080,0.6697,3569,0.6696,11116,0.6695,8552,0.6694,9216,0.6693,10642,0.6692,15565,0.6702,7001,0.6703,5692,0.6704,7796,0.6705,9865,0.6706,11629,0.6707,17236,0.6708,11851,0.6709,11739,0.671,19450,0.6711,12037,-0.0000033687654511,1774152000000
2,5,54,0.6661,0.6652,-0.1351,1774137161912,0.6793,1104.65,0.6792,1269.7,0.6791,1324.11,0.679,1892.82,0.6789,4641.08,0.6788,2748.74,0.6787,1258.76,0.6786,2445.27,0.6785,1107.62,0.6784,32728.76,0.6796,588.42,0.6797,762.42,0.6798,1554.26,0.6799,1877.66,0.68,11.04,0.6801,1126.73,0.6802,537.89,0.6803,4830.07,0.6804,2650.21,0.6805,33015.19,0.6697,211,0.6696,845,0.6695,8306,0.6694,15113,0.6693,10162,0.6692,7437,0.6691,8031,0.669,12497,0.6689,5246,0.6688,7248,0.6698,6830,0.6699,2382,0.67,9961,0.6701,10947,0.6702,7067,0.6703,14171,0.6704,11229,0.6705,23528,0.6706,7499,0.6707,12711,-0.0000033687654511,1774152000000
2,5,54,0.6666,0.6656,-0.15,1774137162212,0.6793,1104.65,0.6792,1269.7,0.6791,1324.11,0.679,1892.82,0.6789,4641.08,0.6788,2748.74,0.6787,1258.76,0.6786,2445.27,0.6785,1107.62,0.6784,32728.76,0.6796,588.42,0.6797,762.42,0.6798,1554.26,0.6799,1877.66,0.68,11.04,0.6801,1126.73,0.6802,537.89,0.6803,4830.07,0.6804,2650.21,0.6805,33015.19,0.6682,7276,0.6681,1810,0.668,4266,0.6679,11384,0.6678,2662,0.6677,4645,0.6676,15790,0.6675,9321,0.6674,10562,0.6673,13104,0.6683,4968,0.6684,4722,0.6685,9135,0.6686,3562,0.6687,6181,0.6688,10925,0.6689,13706,0.669,12720,0.6691,6438,0.6692,20740,-0.0000033687654511,1774152000000
2,5,54,0.6664,0.6656,-0.12,1774137162513,0.6793,1104.65,0.6792,1269.7,0.6791,1324.11,0.679,1603.95,0.6789,4641.08,0.6788,1318.64,0.6787,1258.76,0.6786,2445.27,0.6785,1107.62,0.6784,32728.76,0.6796,588.42,0.6797,762.42,0.6798,1554.26,0.6799,1877.66,0.68,11.04,0.6801,1126.73,0.6802,537.89,0.6803,4830.07,0.6804,2650.21,0.6805,33015.19,0.6675,2782,0.6674,39,0.6673,12665,0.6672,4870,0.6671,3799,0.667,9043,0.6669,9315,0.6668,4373,0.6667,18407,0.6666,4909,0.6676,5651,0.6677,3052,0.6678,8540,0.6679,9407,0.668,20573,0.6681,6041,0.6682,10972,0.6683,17386,0.6684,8937,0.6685,5758,-0.0000033687654511,1774152000000
2,5,54,0.6664,0.6652,-0.1801,1774137162813,0.6793,1104.65,0.6792,1269.7,0.6791,1324.11,0.679,1603.95,0.6789,4641.08,0.6788,1318.64,0.6787,1258.76,0.6786,2445.27,0.6785,1107.62,0.6784,32728.76,0.6796,588.42,0.6797,762.42,0.6798,1554.26,0.6799,1877.66,0.68,11.04,0.6801,1126.73,0.6802,537.89,0.6803,4830.07,0.6804,2650.21,0.6805,33015.19,0.6675,1356,0.6674,1116,0.6673,5399,0.6672,4335,0.6671,4534,0.667,2505,0.6669,9316,0.6668,3774,0.6667,15265,0.6666,4849,0.6676,3185,0.6677,9035,0.6678,21943,0.6679,8646,0.668,23636,0.6681,4251,0.6682,11285,0.6683,17226,0.6684,8937,0.6685,9032,-0.0000033687654511,1774152000000
2,5,54,0.667,0.6659,-0.1649,1774137163114,0.6793,1104.65,0.6792,1269.7,0.6791,1324.11,0.679,1603.95,0.6789,4641.08,0.6788,1318.64,0.6787,2688.86,0.6786,2445.27,0.6785,1107.62,0.6784,32728.76,0.6796,588.42,0.6797,762.42,0.6798,1554.26,0.6799,1877.66,0.68,11.04,0.6801,1126.73,0.6802,537.89,0.6803,4830.07,0.6804,2650.21,0.6805,33015.19,0.6673,410,0.6672,1593,0.6671,4136,0.667,5553,0.6669,10663,0.6668,6079,0.6667,16139,0.6666,7508,0.6665,9839,0.6664,18724,0.6674,2703,0.6675,5918,0.6676,15460,0.6677,14471,0.6678,17411,0.6679,6800,0.668,15118,0.6681,3568,0.6682,12878,0.6683,20696,-0.0000033687654511,1774152000000
2,5,54,0.6675,0.6669,-0.0899,1774137163415,0.6793,1104.65,0.6792,4214.85,0.6791,1324.11,0.679,1603.95,0.6789,4641.08,0.6788,1318.64,0.6787,2688.86,0.6786,2445.27,0.6785,1107.62,0.6784,32728.76,0.6796,588.42,0.6797,264.25,0.6798,1554.26,0.6799,1877.66,0.68,11.04,0.6801,1126.73,0.6802,537.89,0.6803,4830.07,0.6804,2650.21,0.6805,33015.19,0.666,25,0.6657,3275,0.6656,234,0.6655,10246,0.6653,3275,0.6652,246,0.6651,3565,0.665,7878,0.6649,4913,0.6648,6744,0.6662,13,0.6665,13999,0.6666,3275,0.6667,1803,0.6669,18661,0.667,10686,0.6671,5680,0.6672,8988,0.6673,8039,0.6674,9808,-0.0000033687654511,1774152000000
2,5,54,0.6677,0.6671,-0.0899,1774137163716,0.6793,1104.65,0.6792,4214.85,0.6791,1324.11,0.679,1603.95,0.6789,4641.08,0.6788,1318.64,0.6787,2688.86,0.6786,2445.27,0.6785,1107.62,0.6784,32728.76,0.6796,588.42,0.6797,264.25,0.6798,1554.26,0.6799,1877.66,0.68,11.04,0.6801,1126.73,0.6802,537.89,0.6803,4830.07,0.6804,2650.21,0.6805,33015.19,0.6652,188,0.6651,14,0.665,1055,0.6649,9600,0.6648,9376,0.6647,3332,0.6646,9946,0.6645,5116,0.6644,9611,0.6643,14943,0.6654,246,0.6655,4364,0.6656,3803,0.6657,9838,0.6658,17110,0.6659,9396,0.666,9771,0.6661,15541,0.6662,12460,0.6663,8909,-0.0000033687654511,1774152000000
2,5,54,0.6683,0.6672,-0.1646,1774137164016,0.6793,1104.65,0.6792,4214.85,0.6791,1324.11,0.679,1603.95,0.6789,4641.08,0.6788,1318.64,0.6787,2688.86,0.6786,2445.27,0.6785,1107.62,0.6784,32728.76,0.6797,2164.56,0.6798,1554.26,0.6799,1258.66,0.68,11.04,0.6801,1126.73,0.6802,537.89,0.6803,4830.07,0.6804,2650.21,0.6805,33015.19,0.6806,2053.27,0.6621,900,0.662,1032,0.6618,559,0.6617,2662,0.6616,1193,0.6615,117,0.6614,4472,0.6613,3296,0.6612,682,0.6611,1822,0.6622,4900,0.6624,881,0.6626,10596,0.6627,249,0.6628,5539,0.6629,5543,0.663,9121,0.6631,10977,0.6632,10320,0.6633,3168,-0.0000033687654511,1774152000000
2,5,54,0.668,0.6675,-0.0749,1774137164316,0.6793,1104.65,0.6792,4214.85,0.6791,1324.11,0.679,1603.95,0.6789,4641.08,0.6788,1318.64,0.6787,2688.86,0.6786,2445.27,0.6785,1107.62,0.6784,32728.76,0.6797,2164.56,0.6798,1554.26,0.6799,1258.66,0.68,11.04,0.6801,1126.73,0.6802,537.89,0.6803,4830.07,0.6804,2650.21,0.6805,33015.19,0.6806,2053.27,0.6579,207,0.6577,1,0.6575,12,0.6574,300,0.6573,273,0.6572,906,0.6571,1850,0.657,185,0.6569,2709,0.6568,8,0.6585,53,0.6587,3121,0.6589,3123,0.659,2,0.6591,10669,0.6592,73,0.6593,3120,0.6594,1,0.6595,10679,0.6596,3,-0.0000033687654511,1774152000000
2,5,54,0.668,0.667,-0.1497,1774137164617,0.6793,1104.65,0.6792,4214.85,0.6791,1324.11,0.679,1603.95,0.6789,4641.08,0.6788,1318.64,0.6787,2688.86,0.6786,2445.27,0.6785,1107.62,0.6784,32728.76,0.6797,2164.56,0.6798,1554.26,0.6799,1258.66,0.68,11.04,0.6801,1126.73,0.6802,537.89,0.6803,4830.07,0.6804,2650.21,0.6805,33015.19,0.6806,2053.27,0.6569,3051,0.6568,30,0.6567,57,0.6566,71,0.6565,3,0.6564,823,0.6563,2047,0.6562,256,0.6561,3566,0.656,8085,0.657,1,0.6572,1052,0.6573,12457,0.6574,916,0.6575,10510,0.6576,1015,0.6577,5189,0.6578,8730,0.6579,7198,0.658,3528,-0.0000033687654511,1774152000000
2,5,54,0.6681,0.667,-0.1646,1774137164918,0.6793,1104.65,0.6792,1269.7,0.6791,4269.7,0.679,1603.95,0.6789,4641.08,0.6788,1318.64,0.6787,2688.86,0.6786,2445.27,0.6785,1107.62,0.6784,32728.76,0.6797,2164.56,0.6798,1554.26,0.6799,1258.66,0.68,11.04,0.6801,1126.73,0.6802,537.89,0.6803,4830.07,0.6804,2650.21,0.6805,33015.19,0.6806,2053.27,0.6567,1057,0.6566,985,0.6565,2477,0.6563,174,0.6562,3651,0.6561,5349,0.656,5181,0.6559,11451,0.6558,2273,0.6557,17649,0.6568,1628,0.6569,134,0.657,5640,0.6571,9897,0.6572,3145,0.6573,8695,0.6574,12238,0.6575,8539,0.6576,984,0.6577,7841,-0.0000033687654511,1774152000000
2,5,54,0.6681,0.6671,-0.1497,1774137165219,0.6793,1104.65,0.6792,1269.7,0.6791,4269.7,0.679,1203.95,0.6789,4241.08,0.6788,1318.64,0.6787,2688.86,0.6786,2445.27,0.6785,1107.62,0.6784,32728.76,0.6797,2164.56,0.6798,1554.26,0.6799,1258.66,0.68,11.04,0.6801,1126.73,0.6802,537.89,0.6803,4830.07,0.6804,2650.21,0.6805,33015.19,0.6806,2053.27,0.6582,1340,0.6581,15,0.658,1946,0.6579,1186,0.6578,10561,0.6577,2128,0.6576,9124,0.6575,8144,0.6574,6527,0.6573,11231,0.6583,6124,0.6584,158,0.6585,4149,0.6586,5188,0.6587,14324,0.6588,9065,0.6589,11747,0.659,9873,0.6591,2804,0.6592,323,-0.0000033687654511,1774152000000
2,5,54,0.6681,0.6672,-0.1347,1774137165519,0.6793,1104.65,0.6792,1269.7,0.6791,4269.7,0.679,1203.95,0.6789,4241.08,0.6788,1318.64,0.6787,2688.86,0.6786,2445.27,0.6785,1107.62,0.6784,32728.76,0.6797,2164.56,0.6798,1554.26,0.6799,1258.66,0.68,11.04,0.6801,1126.73,0.6802,537.89,0.6803,4830.07,0.6804,2650.21,0.6805,33015.19,0.6806,2053.27,0.6591,1159,0.659,45,0.6588,1318,0.6587,3401,0.6586,996,0.6585,9400,0.6584,2396,0.6583,1519,0.6582,6580,0.6581,4081,0.6593,2718,0.6594,176,0.6595,3895,0.6596,7554,0.6597,5401,0.6598,2000,0.6599,2770,0.66,6083,0.6601,9573,0.6602,4971,-0.0000033687654511,1774152000000
2,5,54,0.6679,0.6672,-0.1048,1774137165819,0.6793,1104.65,0.6792,4214.77,0.6791,1324.11,0.679,1203.95,0.6789,4241.08,0.6788,1318.64,0.6787,2688.86,0.6786,2445.27,0.6785,1107.62,0.6784,32728.76,0.6797,1911.35,0.6798,1811.61,0.6799,1258.66,0.68,11.04,0.6801,1126.73,0.6802,537.89,0.6803,4830.07,0.6804,2650.21,0.6805,33015.19,0.6806,5530.96,0.6615,1159,0.6614,1659,0.6613,15,0.6612,6471,0.6611,7514,0.661,978,0.6609,3914,0.6608,12916,0.6607,2670,0.6606,13527,0.6617,2,0.6618,497,0.6619,7,0.662,827,0.6621,2026,0.6622,4955,0.6623,2689,0.6624,8359,0.6625,79171,0.6626,2409,-0.0000033687654511,1774152000000
2,5,54,0.668,0.6674,-0.0898,1774137166120,0.6793,1104.65,0.6792,1269.7,0.6791,1324.11,0.679,1203.95,0.6789,4241.08,0.6788,1318.64,0.6787,2688.86,0.6786,2445.27,0.6785,1107.62,0.6784,32728.76,0.6797,84.6,0.6798,1811.61,0.6799,1258.66,0.68,11.04,0.6801,1126.73,0.6802,537.89,0.6803,2057.85,0.6804,2650.21,0.6805,33015.19,0.6806,5530.96,0.6625,292,0.6624,1862,0.6623,556,0.6622,246,0.6621,3345,0.662,10286,0.6619,9236,0.6618,13584,0.6617,6540,0.6616,3374,0.6626,110,0.6627,900,0.6628,4612,0.6629,9515,0.663,15845,0.6631,14164,0.6632,18130,0.6633,2859,0.6634,6451,0.6635,6937,-0.0000033687654511,1774152000000
2,5,54,0.6681,0.6671,-0.1497,1774137166420,0.6793,1104.65,0.6792,1269.7,0.6791,1324.11,0.679,1203.95,0.6789,4241.08,0.6788,2055.4,0.6787,2688.86,0.6786,1708.29,0.6785,1107.62,0.6784,32728.76,0.6797,84.6,0.6798,1811.61,0.6799,1258.66,0.68,11.04,0.6801,1126.73,0.6802,537.89,0.6803,2057.85,0.6804,2650.21,0.6805,33015.19,0.6806,5530.96,0.6637,14,0.6636,2628,0.6635,4,0.6634,9410,0.6633,11760,0.6632,12920,0.6631,16900,0.663,4015,0.6629,6240,0.6628,10373,0.6639,648,0.6641,30,0.6642,4270,0.6643,4442,0.6644,6970,0.6645,17861,0.6646,19304,0.6647,3457,0.6648,7496,0.6649,3965,-0.0000033687654511,1774152000000
2,5,54,0.6684,0.6672,-0.1795,1774137166720,0.6793,1104.65,0.6792,1269.7,0.6791,1324.11,0.679,1203.95,0.6789,4641.08,0.6788,2055.4,0.6787,2688.86,0.6786,1708.29,0.6785,1107.62,0.6784,32728.76,0.6797,158.16,0.6798,1811.61,0.6799,1258.66,0.68,11.04,0.6801,1126.73,0.6802,537.89,0.6803,2057.85,0.6804,2650.21,0.6805,33015.19,0.6806,5959.87,0.6643,1280,0.6642,1175,0.6641,10925,0.664,11005,0.6639,11650,0.6638,16400,0.6637,9166,0.6636,12430,0.6635,21839,0.6634,3997,0.6644,1606,0.6645,2416,0.6646,525,0.6647,22,0.6648,4539,0.6649,4353,0.665,17392,0.6651,5160,0.6652,9791,0.6653,8965,-0.0000033687654511,1774152000000
2,5,54,0.6685,0.6678,-0.1047,1774137167020,0.6793,1104.65,0.6792,1269.7,0.6791,1324.11,0.679,1203.95,0.6789,4641.08,0.6788,2055.4,0.6787,2688.86,0.6786,1708.29,0.6785,1107.62,0.6784,32728.76,0.6797,158.16,0.6798,1811.61,0.6799,1258.66,0.68,11.04,0.6801,1126.73,0.6802,537.89,0.6803,2688.75,0.6804,2650.21,0.6805,33015.19,0.6806,5959.87,0.665,7370,0.6649,10736,0.6648,15493,0.6647,13750,0.6646,11856,0.6645,9835,0.6644,14073,0.6643,13236,0.6642,11016,0.6641,12272,0.6653,181,0.6655,176,0.6656,751,0.6657,4,0.6658,6767,0.6659,11034,0.666,6389,0.6661,12588,0.6662,8439,0.6663,19326,-0.0000033687654511,1774152000000
2,5,54,0.6684,0.6673,-0.1646,1774137167322,0.6793,1104.65,0.6792,1269.7,0.6791,1324.11,0.679,1203.95,0.6789,4641.08,0.6788,2055.4,0.6787,2688.86,0.6786,1708.29,0.6785,1107.62,0.6784,32728.76,0.6797,84.6,0.6798,1811.61,0.6799,1258.66,0.68,11.04,0.6801,1126.73,0.6802,1859.5,0.6803,2688.75,0.6804,2650.21,0.6805,33015.19,0.6806,8602.11,0.6631,900,0.6629,886,0.6628,187,0.6627,1521,0.6626,1423,0.6625,357,0.6624,800,0.6623,10826,0.6622,275,0.6621,303,0.6632,1764,0.6633,4730,0.6634,2644,0.6635,53,0.6636,4061,0.6637,8206,0.6638,9156,0.6639,4065,0.664,1,0.6641,4061,-0.0000033687654511,1774152000000
2,5,54,0.6684,0.6673,-0.1646,1774137167623,0.6793,1104.65,0.6792,1269.7,0.6791,1324.11,0.679,1203.95,0.6789,4641.08,0.6788,2055.4,0.6787,2688.86,0.6786,1708.29,0.6785,1107.62,0.6784,32728.76,0.6797,84.6,0.6798,1811.61,0.6799,1258.66,0.68,11.04,0.6801,1126.73,0.6802,1859.5,0.6803,2688.75,0.6804,2650.21,0.6805,33015.19,0.6806,8602.11,0.6623,1131,0.6621,1462,0.6619,19,0.6618,8103,0.6617,8031,0.6616,2792,0.6615,7680,0.6614,826,0.6613,11316,0.6612,25,0.6627,10873,0.6628,8749,0.6629,6587,0.663,1360,0.6631,5,0.6632,4067,0.6633,9450,0.6634,3485,0.6635,416,0.6636,4771,-0.0000033687654511,1774152000000
2,5,54,0.6682,0.6672,-0.1497,1774137167923,0.6793,1104.65,0.6792,1269.7,0.6791,4269.38,0.679,1203.95,0.6789,4641.08,0.6788,1318.64,0.6787,2688.86,0.6786,1708.29,0.6785,1107.62,0.6784,32728.76,0.6797,306.3,0.6798,1554.26,0.6799,1258.66,0.68,11.04,0.6801,1126.73,0.6802,1859.5,0.6803,2688.75,0.6804,2650.21,0.6805,33015.19,0.6806,8602.11,0.6618,900,0.6617,5048,0.6616,2461,0.6615,12036,0.6614,7459,0.6613,5346,0.6612,17151,0.6611,6415,0.661,3359,0.6609,10568,0.6624,11280,0.6625,9,0.6626,606,0.6627,7578,0.6628,20362,0.6629,6399,0.663,4783,0.6631,5380,0.6632,5050,0.6633,9208,-0.0000033687654511,1774152000000
2,5,54,0.6682,0.6672,-0.1497,1774137168224,0.6793,1104.65,0.6792,1269.7,0.6791,4269.38,0.679,1203.95,0.6789,4641.08,0.6788,1318.64,0.6787,2688.86,0.6786,1708.29,0.6785,1107.62,0.6784,32728.76,0.6797,232.74,0.6798,1554.26,0.6799,1258.66,0.68,11.04,0.6801,1126.73,0.6802,1859.5,0.6803,2688.75,0.6804,2650.21,0.6805,33015.19,0.6806,8602.11,0.6633,3241,0.6632,3018,0.6631,573,0.663,8258,0.6629,7384,0.6628,10567,0.6627,7190,0.6626,3408,0.6625,17087,0.6624,10385,0.6639,4,0.664,80,0.6641,2984,0.6642,8236,0.6643,8837,0.6644,11902,0.6645,2670,0.6646,11314,0.6647,3217,0.6648,4062,-0.0000033687654511,1774152000000
2,5,54,0.6678,0.6672,-0.0898,1774137168525,0.6793,1104.65,0.6792,1269.7,0.6791,4269.38,0.679,1203.95,0.6789,4641.08,0.6788,1318.64,0.6787,2688.86,0.6786,2445.27,0.6785,1107.62,0.6784,32728.76,0.6797,232.74,0.6798,1554.26,0.6799,1258.66,0.68,11.04,0.6801,1126.73,0.6802,1859.5,0.6803,2688.75,0.6804,2650.21,0.6805,33015.19,0.6806,8602.11,0.6652,6021,0.6651,2216,0.6649,5093,0.6648,6021,0.6647,7058,0.6646,4350,0.6645,8530,0.6644,8651,0.6643,4160,0.6642,7271,0.6653,911,0.6654,18,0.6655,11,0.6656,62,0.6657,985,0.6658,1169,0.6659,837,0.666,327,0.6661,5700,0.6662,5360,-0.0000033687654511,1774152000000
2,5,54,0.6679,0.6671,-0.1198,1774137168825,0.6792,4203.74,0.6791,1324.11,0.679,1203.95,0.6789,4241.08,0.6788,1318.64,0.6787,2688.86,0.6786,2445.27,0.6785,1107.62,0.6784,32728.76,0.6783,11459.5,0.6797,232.74,0.6798,1554.26,0.6799,1258.66,0.68,11.04,0.6801,1126.73,0.6802,1859.5,0.6803,2688.75,0.6804,2650.21,0.6805,33015.19,0.6806,8602.11,0.6667,900,0.6665,1957,0.6664,1281,0.6663,122,0.6662,1057,0.6661,1179,0.666,3581,0.6659,10333,0.6658,5016,0.6657,8575,0.6668,138,0.6669,15,0.667,8436,0.6671,4614,0.6672,7977,0.6673,5595,0.6674,8587,0.6675,16746,0.6676,7907,0.6677,3278,-0.0000033687654511,1774152000000
2,5,54,0.6678,0.6671,-0.1048,1774137169126,0.6793,1177.43,0.6792,4214.78,0.6791,1324.11,0.679,1433.2,0.6789,4241.08,0.6788,1318.64,0.6787,2688.86,0.6786,2445.27,0.6785,1107.62,0.6784,32728.76,0.6797,232.74,0.6798,1554.26,0.6799,1258.66,0.68,11.04,0.6801,1126.73,0.6802,1859.5,0.6803,2688.75,0.6804,2650.21,0.6805,33015.19,0.6806,8602.11,0.6678,1957,0.6677,8135,0.6676,246,0.6675,2254,0.6674,7473,0.6673,6681,0.6672,5104,0.6671,11797,0.667,6467,0.6669,3411,0.6679,22,0.668,102,0.6681,262,0.6682,269,0.6683,250,0.6684,3414,0.6685,11029,0.6686,3412,0.6687,9148,0.6688,5904,-0.0000033687654511,1774152000000
2,5,54,0.6678,0.6669,-0.1348,1774137169427,0.6793,1177.43,0.6792,4214.78,0.6791,1324.11,0.679,1433.2,0.6789,4241.08,0.6788,1318.64,0.6787,2688.86,0.6786,2445.27,0.6785,1107.62,0.6784,32728.76,0.6797,232.74,0.6798,1554.26,0.6799,1258.66,0.68,11.04,0.6801,1126.73,0.6802,1859.5,0.6803,2688.75,0.6804,2650.21,0.6805,33015.19,0.6806,8602.11,0.6684,930,0.6683,3,0.6682,271,0.6681,14034,0.668,5187,0.6679,4507,0.6678,6963,0.6677,9344,0.6676,4310,0.6675,3924,0.6685,3896,0.6686,4031,0.6687,246,0.6688,1008,0.6689,5398,0.669,4902,0.6691,3738,0.6692,5248,0.6693,4431,0.6694,7695,-0.0000033687654511,1774152000000
2,5,54,0.6676,0.6669,-0.1049,1774137169727,0.6793,1177.43,0.6792,4214.78,0.6791,1324.11,0.679,1203.95,0.6789,4241.08,0.6788,1318.64,0.6787,2688.86,0.6786,2445.27,0.6785,1107.62,0.6784,32728.76,0.6797,232.74,0.6798,1554.26,0.6799,1258.66,0.68,11.04,0.6801,1126.73,0.6802,1859.5,0.6803,2688.75,0.6804,2650.21,0.6805,33015.19,0.6806,8602.11,0.6682,1146,0.6681,6271,0.668,586,0.6679,2556,0.6678,6146,0.6677,9990,0.6676,3562,0.6675,4316,0.6674,18337,0.6673,5834,0.6683,644,0.6684,2879,0.6685,267,0.6686,1237,0.6687,3512,0.6689,6589,0.669,11851,0.6691,4100,0.6692,10064,0.6693,9175,-0.0000033687654511,1774152000000
2,5,54,0.6677,0.6669,-0.1198,1774137170027,0.6793,4122.15,0.6792,1269.7,0.6791,1324.11,0.679,1203.95,0.6789,4241.08,0.6788,1318.64,0.6787,2688.86,0.6786,2445.27,0.6785,1107.62,0.6784,32728.76,0.6797,839.07,0.6798,1554.26,0.6799,1258.66,0.68,11.04,0.6801,1126.73,0.6802,1859.5,0.6803,2688.75,0.6804,2650.21,0.6805,33015.19,0.6806,8602.11,0.6677,900,0.6676,368,0.6675,2258,0.6674,1891,0.6673,3520,0.6672,4578,0.6671,6277,0.667,3669,0.6669,6723,0.6668,10802,0.6678,3121,0.6679,7368,0.668,421,0.6681,5065,0.6682,14090,0.6683,10888,0.6684,7319,0.6685,9211,0.6686,4930,0.6687,4936,-0.0000033687654511,1774152000000
2,5,54,0.6679,0.6669,-0.1497,1774137170328,0.6793,4122.15,0.6792,1269.7,0.6791,1324.11,0.679,1203.95,0.6789,4241.08,0.6788,1318.64,0.6787,2688.86,0.6786,2445.27,0.6785,1107.62,0.6784,32728.76,0.6797,839.07,0.6798,2073.26,0.6799,1258.66,0.68,11.04,0.6801,1126.73,0.6802,1859.5,0.6803,2688.75,0.6804,2650.21,0.6805,33015.19,0.6806,8602.11,0.6673,1463,0.6672,368,0.6671,271,0.667,3239,0.6669,4666,0.6668,3272,0.6667,4351,0.6666,5585,0.6665,2492,0.6664,1219,0.6674,3468,0.6675,3,0.6676,6199,0.6677,6147,0.6678,6726,0.6679,9937,0.668,2359,0.6681,1340,0.6682,9306,0.6683,8087,-0.0000033687654511,1774152000000
2,5,54,0.6681,0.6672,-0.1347,1774137170629,0.6793,4122.15,0.6792,1269.7,0.6791,1324.11,0.679,1203.95,0.6789,4241.08,0.6788,1318.64,0.6787,2688.86,0.6786,2445.27,0.6785,1107.62,0.6784,32728.76,0.6797,1441.94,0.6798,2073.26,0.6799,1258.66,0.68,11.04,0.6801,1126.73,0.6802,1859.5,0.6803,2688.75,0.6804,2650.21,0.6805,33015.19,0.6806,8602.11,0.6684,1456,0.6683,3161,0.6681,732,0.668,2320,0.6679,4428,0.6678,4511,0.6677,1417,0.6676,3359,0.6675,12728,0.6674,4014,0.6685,2057,0.6686,2412,0.6687,976,0.6688,6200,0.6689,3879,0.669,3763,0.6691,7016,0.6692,3788,0.6693,3700,0.6694,7683,-0.0000033687654511,1774152000000
2,5,54,0.6682,0.6674,-0.1197,1774137170929,0.6793,4122.15,0.6792,1269.7,0.6791,1324.11,0.679,1203.95,0.6789,4241.08,0.6788,1318.64,0.6787,2688.86,0.6786,2445.27,0.6785,1107.62,0.6784,32728.76,0.6797,1441.94,0.6798,2073.26,0.6799,1258.66,0.68,11.04,0.6801,1126.73,0.6802,1859.5,0.6803,2688.75,0.6804,2650.21,0.6805,33015.19,0.6806,8602.11,0.6685,900,0.6683,172,0.6682,718,0.6681,2332,0.668,4245,0.6679,11740,0.6678,6618,0.6677,3554,0.6676,3613,0.6675,11782,0.6686,1524,0.6687,981,0.6688,3180,0.6689,3881,0.669,3765,0.6691,3753,0.6692,3790,0.6693,7563,0.6694,4471,0.6695,10937,-0.0000033687654511,1774152000000
2,5,54,0.6677,0.6675,-0.03,1774137171229,0.6793,4122.15,0.6792,1269.7,0.6791,1324.11,0.679,1203.95,0.6789,4241.08,0.6788,1318.64,0.6787,2688.86,0.6786,2445.27,0.6785,1107.62,0.6784,32728.76,0.6797,1441.94,0.6798,2073.26,0.6799,1258.66,0.68,11.04,0.6801,1126.73,0.6802,1859.5,0.6803,2688.75,0.6804,2650.21,0.6805,33015.19,0.6806,8602.11,0.6679,900,0.6678,472,0.6677,329,0.6676,1438,0.6675,453,0.6674,6724,0.6673,4252,0.6672,5057,0.6671,14740,0.667,5537,0.6681,430,0.6682,7735,0.6683,10877,0.6684,3893,0.6685,4585,0.6686,7555,0.6687,7630,0.6688,5320,0.6689,8357,0.669,8888,-0.0000033687654511,1774152000000
2,5,54,0.6677,0.6669,-0.1198,1774137171530,0.6793,4122.15,0.6792,1269.7,0.6791,1324.11,0.679,1203.95,0.6789,4241.08,0.6788,1318.64,0.6787,2688.86,0.6786,2445.27,0.6785,1107.62,0.6784,32728.76,0.6797,1441.94,0.6798,2073.26,0.6799,1258.66,0.68,11.04,0.6801,1126.73,0.6802,1859.5,0.6803,2688.75,0.6804,2650.21,0.6805,33015.19,0.6806,8602.11,0.6676,46,0.6675,257,0.6674,5389,0.6673,5555,0.6672,5057,0.6671,14741,0.667,5537,0.6669,3556,0.6668,13952,0.6667,4062,0.6677,1811,0.6678,254,0.6679,254,0.668,7518,0.6681,7721,0.6682,14406,0.6683,11382,0.6684,5417,0.6685,3968,0.6686,7912,-0.0000033687654511,1774152000000
2,5,54,0.6677,0.6668,-0.1348,1774137171831,0.6793,2944.72,0.6792,22.08,0.6791,1324.11,0.679,1115.69,0.6789,4241.08,0.6788,1318.64,0.6787,2688.86,0.6786,2445.27,0.6785,1107.62,0.6784,32728.76,0.6797,1441.94,0.6798,2073.26,0.6799,1258.66,0.68,11.04,0.6801,1126.73,0.6802,1859.5,0.6803,2688.75,0.6804,2650.21,0.6805,33015.19,0.6806,8602.11,0.6676,1676,0.6675,3,0.6674,3946,0.6673,1565,0.6672,7259,0.6671,6774,0.667,4659,0.6669,10774,0.6668,15452,0.6667,3672,0.6677,1883,0.6678,841,0.6679,257,0.668,9847,0.6681,10031,0.6682,11794,0.6683,12547,0.6684,7558,0.6685,5131,0.6686,11744,-0.0000033687654511,1774152000000
2,5,54,0.6677,0.6669,-0.1198,1774137172132,0.6792,11.04,0.6791,1324.11,0.679,4061.51,0.6789,4241.08,0.6788,1318.64,0.6787,1258.76,0.6786,2445.27,0.6785,1107.62,0.6784,32817.06,0.6783,11459.5,0.6795,854.02,0.6796,11.04,0.6797,617.37,0.6798,3269.19,0.6799,1258.66,0.68,11.04,0.6801,1126.73,0.6802,2566.04,0.6803,2688.75,0.6804,7095.26,0.6677,1159,0.6676,2013,0.6675,3,0.6674,4200,0.6673,5807,0.6672,5057,0.6671,6774,0.667,4659,0.6669,10774,0.6668,16558,0.6678,6449,0.6679,739,0.668,530,0.6681,9009,0.6682,15098,0.6683,10271,0.6684,7201,0.6685,6328,0.6686,11744,0.6687,7630,-0.0000033687654511,1774152000000
2,5,54,0.6682,0.6669,-0.1946,1774137172433,0.6792,11.04,0.6791,1324.11,0.679,4061.51,0.6789,4241.08,0.6788,1318.64,0.6787,1258.76,0.6786,3875.37,0.6785,1107.62,0.6784,32817.06,0.6783,11459.5,0.6795,854.02,0.6796,11.04,0.6797,617.37,0.6798,3269.19,0.6799,1258.66,0.68,11.04,0.6801,1126.73,0.6802,2566.04,0.6803,2688.75,0.6804,7095.26,0.6681,1050,0.6679,11,0.6678,1373,0.6677,9135,0.6676,6879,0.6675,4417,0.6674,7506,0.6673,9589,0.6672,6254,0.6671,7729,0.6682,1834,0.6683,8042,0.6684,3337,0.6685,5971,0.6686,13024,0.6687,10579,0.6688,4663,0.6689,10701,0.669,7525,0.6691,4552,-0.0000033687654511,1774152000000
2,5,54,0.6683,0.6673,-0.1496,1774137172734,0.6792,11.04,0.6791,1324.11,0.679,4061.51,0.6789,1708.28,0.6788,1318.64,0.6787,1258.76,0.6786,2445.27,0.6785,1107.62,0.6784,32817.06,0.6783,6628.8,0.6795,1503.8,0.6796,11.04,0.6797,617.37,0.6798,3269.19,0.6799,1258.66,0.68,11.04,0.6801,1126.73,0.6802,2566.04,0.6803,2688.75,0.6804,7095.26,0.6681,150,0.6679,174,0.6678,4004,0.6677,2397,0.6676,2918,0.6675,17276,0.6674,6586,0.6673,6765,0.6672,12275,0.6671,7523,0.6682,254,0.6683,19670,0.6684,1576,0.6685,8344,0.6686,11387,0.6687,8678,0.6688,5020,0.6689,10701,0.669,6926,0.6691,4552,-0.0000033687654511,1774152000000
2,5,54,0.6683,0.6674,-0.1347,1774137173034,0.6792,11.04,0.6791,1324.11,0.679,4061.51,0.6789,1708.28,0.6788,1318.64,0.6787,1258.76,0.6786,4995.47,0.6785,1107.62,0.6784,32817.06,0.6783,6628.8,0.6795,2245.83,0.6796,11.04,0.6797,617.37,0.6798,3269.19,0.6799,1258.66,0.68,11.04,0.6801,1126.73,0.6802,2566.04,0.6803,2688.75,0.6804,7095.26,0.6676,1352,0.6675,3364,0.6674,1567,0.6673,5829,0.6672,12275,0.6671,6774,0.667,7044,0.6669,10774,0.6668,16812,0.6667,3569,0.6677,2239,0.6678,430,0.6679,1756,0.668,530,0.6681,5415,0.6682,8104,0.6683,24116,0.6684,4263,0.6685,9864,0.6686,11744,-0.0000033687654511,1774152000000
2,5,54,0.6685,0.6676,-0.1346,1774137173335,0.6791,1100.92,0.679,4061.51,0.6789,1708.28,0.6788,1318.64,0.6787,1258.76,0.6786,4995.47,0.6785,11.04,0.6784,32817.06,0.6783,6628.8,0.6782,443,0.6794,492.7,0.6795,1503.8,0.6796,11.04,0.6797,617.37,0.6798,3269.19,0.6799,1258.66,0.68,11.04,0.6801,1126.73,0.6802,4904.14,0.6803,2688.75,0.6671,157,0.667,3,0.6669,2458,0.6668,5562,0.6667,10843,0.6666,7012,0.6665,6898,0.6664,9642,0.6663,5669,0.6662,11837,0.6673,2065,0.6675,1928,0.6676,9833,0.6677,9446,0.6678,7567,0.6679,7423,0.668,12611,0.6681,4624,0.6682,5274,0.6683,21300,-0.0000033687654511,1774152000000
2,5,54,0.6685,0.6677,-0.1197,1774137173635,0.679,11.04,0.6789,1269.71,0.6788,1318.64,0.6787,1258.76,0.6786,4995.47,0.6785,11.04,0.6784,1909.71,0.6783,6628.8,0.6782,443,0.6781,1576.59,0.6793,569.86,0.6794,756.75,0.6795,600.71,0.6796,11.04,0.6797,11.04,0.6798,3269.19,0.6799,1258.66,0.68,11.04,0.6801,1126.73,0.6802,4904.14,0.667,3,0.6669,1496,0.6668,1034,0.6667,9837,0.6666,4220,0.6665,3508,0.6664,9642,0.6663,7812,0.6662,12387,0.6661,11534,0.6671,1811,0.6672,1254,0.6673,254,0.6674,2246,0.6675,8537,0.6676,9391,0.6677,12004,0.6678,7977,0.6679,6618,0.668,12614,-0.0000033687654511,1774152000000
2,5,54,0.6685,0.6677,-0.1197,1774137173935,0.6789,1247.62,0.6788,11.05,0.6787,1258.76,0.6786,4995.47,0.6785,11.04,0.6784,1909.71,0.6783,6628.8,0.6782,443,0.6781,32497.59,0.678,1760.35,0.6793,569.86,0.6794,1195.32,0.6795,11.05,0.6796,11.04,0.6797,11.04,0.6798,3269.19,0.6799,1258.66,0.68,11.04,0.6801,1126.73,0.6802,34505.81,0.6666,428,0.6665,10,0.6664,454,0.6663,8180,0.6662,4848,0.6661,9148,0.666,6783,0.6659,6172,0.6658,10383,0.6657,17457,0.6667,1165,0.6668,933,0.6669,652,0.667,6785,0.6671,10075,0.6672,6746,0.6673,8845,0.6674,11579,0.6675,5593,0.6676,6791,-0.0000033687654511,1774152000000
2,5,54,0.6687,0.6677,-0.1495,1774137174236,0.6789,1247.62,0.6788,11.05,0.6787,1258.76,0.6786,4995.47,0.6785,11.04,0.6784,1909.71,0.6783,6628.8,0.6782,443,0.6781,32497.59,0.678,1760.35,0.6793,569.86,0.6794,1206.37,0.6795,11.05,0.6796,11.04,0.6797,11.04,0.6798,3269.19,0.6799,1258.66,0.68,11.04,0.6801,1126.73,0.6802,34505.81,0.6664,313,0.6663,3068,0.6662,7192,0.6661,11668,0.666,6783,0.6659,4926,0.6658,10832,0.6657,18354,0.6656,5784,0.6655,3198,0.6666,2195,0.6667,256,0.6668,1803,0.6669,652,0.667,14861,0.6671,6777,0.6672,4726,0.6673,5896,0.6674,11937,0.6675,5593,-0.0000033687654511,1774152000000
2,5,54,0.6692,0.6677,-0.2241,1774137174537,0.6789,1247.62,0.6788,2957.61,0.6787,1258.76,0.6786,4258.49,0.6785,11.04,0.6784,1909.71,0.6783,6628.8,0.6782,443,0.6781,32497.59,0.678,1760.35,0.6793,569.86,0.6794,713.67,0.6795,11.05,0.6796,11.04,0.6797,470.55,0.6798,3269.19,0.6799,1258.66,0.68,11.04,0.6801,1126.73,0.6802,34505.81,0.6667,254,0.6666,1413,0.6665,1188,0.6664,33,0.6663,5854,0.6662,9765,0.6661,6476,0.666,6786,0.6659,5455,0.6658,19066,0.6668,1813,0.6669,2702,0.667,7043,0.6671,6645,0.6672,5894,0.6673,6311,0.6674,11849,0.6675,5597,0.6676,7234,0.6677,14219,-0.0000033687654511,1774152000000
2,5,54,0.6694,0.6678,-0.239,1774137174837,0.6789,1247.62,0.6788,11.05,0.6787,1258.76,0.6786,4258.49,0.6785,11.04,0.6784,1909.71,0.6783,6628.8,0.6782,443,0.6781,32497.59,0.678,1760.35,0.6794,713.67,0.6795,11.05,0.6796,11.04,0.6797,470.55,0.6798,3269.19,0.6799,1258.66,0.68,11.04,0.6801,1126.73,0.6802,34505.81,0.6803,2688.75,0.6664,70,0.6663,3428,0.6662,11677,0.6661,7410,0.666,10134,0.6659,5911,0.6658,18467,0.6657,8721,0.6656,6072,0.6655,3937,0.6668,1463,0.6669,1472,0.667,7043,0.6671,10089,0.6672,6262,0.6673,8319,0.6674,12207,0.6675,5597,0.6676,7234,0.6677,14220,-0.0000033687654511,1774152000000
2,5,54,0.6689,0.668,-0.1345,1774137175138,0.6789,1247.62,0.6788,1324.12,0.6787,1258.76,0.6786,4258.49,0.6785,1308.7,0.6784,1909.71,0.6783,6628.8,0.6782,443,0.6781,32497.59,0.678,1760.35,0.6794,713.67,0.6795,11.05,0.6796,11.04,0.6797,470.55,0.6798,3269.19,0.6799,1258.66,0.68,11.04,0.6801,2428.23,0.6802,34505.81,0.6803,2688.75,0.6663,1966,0.6662,1424,0.6661,4247,0.666,2489,0.6659,7895,0.6658,11967,0.6657,8835,0.6656,5563,0.6655,7396,0.6654,12754,0.6664,2,0.6665,2831,0.6666,1756,0.6667,4523,0.6668,8101,0.6669,14492,0.667,14574,0.6671,4373,0.6672,6688,0.6673,5123,-0.0000033687654511,1774152000000
2,5,54,0.669,0.6681,-0.1345,1774137175438,0.6788,1313.07,0.6787,4205.97,0.6786,4482.74,0.6785,1308.7,0.6784,1909.71,0.6783,6628.8,0.6782,24.99,0.6781,32497.59,0.678,1760.35,0.6779,690.93,0.6794,713.67,0.6795,1776.76,0.6796,1258.66,0.6797,11.04,0.6798,3269.19,0.6799,1258.66,0.68,11.04,0.6801,2428.23,0.6802,34505.81,0.6803,2688.75,0.6664,1069,0.6663,354,0.6662,256,0.6661,1699,0.666,7709,0.6659,9011,0.6658,5010,0.6657,8835,0.6656,5563,0.6655,4227,0.6665,1159,0.6666,4456,0.6667,8145,0.6668,8101,0.6669,14824,0.667,13050,0.6671,4373,0.6672,6688,0.6673,5123,0.6674,12208,-0.0000033687654511,1774152000000
2,5,54,0.6696,0.6682,-0.2091,1774137175739,0.6788,1313.07,0.6787,4205.97,0.6786,4482.74,0.6785,1308.7,0.6784,1909.71,0.6783,6628.8,0.6782,762.4,0.6781,32497.59,0.678,1760.35,0.6779,690.93,0.6794,713.67,0.6795,1776.76,0.6796,1258.66,0.6797,11.04,0.6798,3269.19,0.6799,1258.66,0.68,11.04,0.6801,2428.23,0.6802,34505.81,0.6803,2688.75,0.6663,2642,0.6662,2915,0.6661,3108,0.666,2542,0.6659,9988,0.6658,5030,0.6657,9310,0.6656,4963,0.6655,4227,0.6654,13505,0.6664,2,0.6665,1157,0.6666,4202,0.6667,8145,0.6668,10432,0.6669,12488,0.667,13050,0.6671,4373,0.6672,6688,0.6673,5217,-0.0000033687654511,1774152000000
2,5,54,0.6696,0.669,-0.0896,1774137176040,0.6788,1313.07,0.6787,4205.97,0.6786,4482.74,0.6785,1308.7,0.6784,1909.71,0.6783,6628.8,0.6782,762.4,0.6781,32497.59,0.678,1760.35,0.6779,690.93,0.6793,1247.62,0.6794,713.67,0.6795,1776.76,0.6796,1846.94,0.6797,11.04,0.6798,2750.19,0.6799,1258.66,0.68,11.04,0.6801,2428.23,0.6802,34505.81,0.6668,254,0.6667,2,0.6666,3273,0.6665,1425,0.6664,7536,0.6663,6473,0.6662,5553,0.6661,12438,0.666,4907,0.6659,8351,0.6669,376,0.667,376,0.6671,6115,0.6672,4115,0.6673,1466,0.6674,14383,0.6675,7382,0.6676,4933,0.6677,12606,0.6678,4604,-0.0000033687654511,1774152000000
2,5,54,0.6696,0.669,-0.0896,1774137176340,0.6788,1313.07,0.6787,4205.97,0.6786,4482.74,0.6785,1308.7,0.6784,1909.71,0.6783,6628.8,0.6782,762.4,0.6781,32497.59,0.678,1760.35,0.6779,690.93,0.6793,1247.62,0.6794,713.67,0.6795,1776.76,0.6796,1258.66,0.6797,11.04,0.6798,2750.19,0.6799,1258.66,0.68,11.04,0.6801,2428.23,0.6802,34505.81,0.6669,1966,0.6667,256,0.6666,1381,0.6665,1010,0.6664,15697,0.6663,6513,0.6662,5553,0.6661,13538,0.666,3950,0.6659,8351,0.667,1166,0.6671,6369,0.6672,3103,0.6673,9059,0.6674,13218,0.6675,5239,0.6676,5291,0.6677,12364,0.6678,4604,0.6679,4760,-0.0000033687654511,1774152000000
2,5,54,0.6695,0.6688,-0.1046,1774137176641,0.6787,4771.97,0.6786,4258.49,0.6785,1308.7,0.6784,1347.05,0.6783,6628.8,0.6782,762.4,0.6781,1576.59,0.678,1760.35,0.6779,690.93,0.6778,1288.22,0.6792,588.02,0.6793,1472.61,0.6794,449.62,0.6795,1188.48,0.6796,1258.66,0.6797,11.04,0.6798,2750.19,0.6799,2688.76,0.68,11.04,0.6801,2428.23,0.6669,966,0.6668,453,0.6667,2956,0.6666,1381,0.6665,1010,0.6664,15697,0.6663,6552,0.6662,5553,0.6661,13538,0.666,3950,0.667,3605,0.6671,724,0.6672,1767,0.6673,8705,0.6674,11850,0.6675,5239,0.6676,5291,0.6677,12364,0.6678,4604,0.6679,4760,-0.0000033687654511,1774152000000
2,5,54,0.6696,0.6688,-0.1195,1774137176942,0.6787,4194.92,0.6786,4258.49,0.6785,1308.7,0.6784,1347.05,0.6783,6628.8,0.6782,762.4,0.6781,1576.59,0.678,663.77,0.6779,31621.04,0.6778,1288.22,0.6792,588.02,0.6793,1483.66,0.6794,449.62,0.6795,1188.48,0.6796,1258.66,0.6797,11.04,0.6798,2750.19,0.6799,2688.76,0.68,11.04,0.6801,2428.23,0.6664,2,0.6663,513,0.6662,1058,0.6661,9204,0.666,5026,0.6659,7993,0.6658,11137,0.6657,14367,0.6656,5714,0.6655,4585,0.6665,174,0.6666,1811,0.6667,3130,0.6668,7096,0.6669,10442,0.667,12071,0.6671,11968,0.6672,4084,0.6673,4379,0.6674,12208,-0.0000033687654511,1774152000000
2,5,54,0.6696,0.6688,-0.1195,1774137177243,0.6786,4258.49,0.6785,1308.7,0.6784,1347.05,0.6783,6628.8,0.6782,762.4,0.6781,1576.59,0.678,663.77,0.6779,690.93,0.6778,1288.22,0.6777,7092.1,0.6788,1096.58,0.6792,588.02,0.6793,1258.67,0.6794,449.62,0.6795,1199.53,0.6796,1258.66,0.6797,11.04,0.6798,2750.19,0.6799,2688.76,0.68,11.04,0.666,408,0.6659,3255,0.6658,295,0.6657,5478,0.6656,6974,0.6655,3579,0.6654,12755,0.6653,7169,0.6652,3561,0.6651,7672,0.6662,2067,0.6663,4469,0.6664,5284,0.6665,12278,0.6666,5439,0.6667,7870,0.6668,11108,0.6669,11967,0.667,9124,0.6671,10035,-0.0000033687654511,1774152000000
2,5,54,0.6697,0.669,-0.1045,1774137177543,0.6787,1177.43,0.6786,4247.44,0.6785,1308.7,0.6784,1347.05,0.6783,6628.8,0.6782,762.4,0.6781,1576.59,0.678,663.77,0.6779,690.93,0.6778,1288.22,0.6788,1096.58,0.679,11.06,0.6791,11.05,0.6792,610.13,0.6793,1258.67,0.6794,449.62,0.6795,1199.53,0.6796,1258.66,0.6797,11.04,0.6798,2750.19,0.6657,219,0.6656,63,0.6655,1141,0.6654,3421,0.6653,7736,0.6652,4209,0.6651,6563,0.665,12459,0.6649,3621,0.6648,15007,0.6658,1165,0.6659,8762,0.666,3956,0.6661,3716,0.6662,16667,0.6663,7215,0.6664,8590,0.6665,10135,0.6666,5797,0.6667,7349,-0.0000033687654511,1774152000000
2,5,54,0.6697,0.669,-0.1045,1774137177844,0.6787,1177.43,0.6786,1697.24,0.6785,1536.4,0.6784,1347.05,0.6783,8075.14,0.6782,3652.48,0.6781,1576.59,0.678,663.77,0.6779,690.93,0.6778,1288.22,0.679,11.06,0.6791,11.05,0.6792,610.13,0.6793,1258.67,0.6794,449.62,0.6795,1199.53,0.6796,1258.66,0.6797,11.04,0.6798,2750.19,0.6799,2688.76,0.6657,1859,0.6656,317,0.6655,12,0.6654,260,0.6653,6837,0.6652,4209,0.6651,9715,0.665,12459,0.6649,3621,0.6648,15007,0.6658,3613,0.6659,7136,0.666,6656,0.6661,2079,0.6662,16675,0.6663,4257,0.6664,8590,0.6665,10493,0.6666,5797,0.6667,7349,-0.0000033687654511,1774152000000
2,5,54,0.6697,0.669,-0.1045,1774137178145,0.6787,1177.43,0.6786,2263.24,0.6785,1536.4,0.6784,3897.25,0.6783,8075.14,0.6782,2915.07,0.6781,1576.59,0.678,663.77,0.6779,690.93,0.6778,1288.22,0.6788,961.03,0.679,11.06,0.6791,11.05,0.6792,272.67,0.6793,1258.67,0.6794,449.62,0.6795,1199.53,0.6796,1258.66,0.6797,11.04,0.6798,2750.19,0.6648,46,0.6647,10,0.6646,34,0.6645,5561,0.6644,4925,0.6643,10550,0.6642,6770,0.6641,5507,0.664,12484,0.6639,6722,0.6649,2065,0.665,2580,0.6651,2480,0.6652,11452,0.6653,19654,0.6654,20414,0.6655,15886,0.6656,16674,0.6657,6400,0.6658,11492,-0.0000033687654511,1774152000000
2,5,54,0.6696,0.669,-0.0896,1774137178445,0.6787,1177.43,0.6786,2263.24,0.6785,1536.4,0.6784,3897.25,0.6783,8075.14,0.6782,2915.07,0.6781,2299.86,0.678,663.77,0.6779,690.93,0.6778,1288.22,0.6788,961.03,0.679,11.06,0.6791,11.05,0.6792,272.67,0.6793,1258.67,0.6794,449.62,0.6795,1199.53,0.6796,1258.66,0.6797,11.04,0.6798,2750.19,0.6652,404,0.6651,254,0.665,256,0.6649,430,0.6648,7603,0.6647,7939,0.6646,11246,0.6645,6732,0.6644,13002,0.6643,11945,0.6653,2031,0.6654,176,0.6655,8046,0.6656,16225,0.6657,8736,0.6658,8186,0.6659,9946,0.666,8275,0.6661,5519,0.6662,16161,-0.0000033687654511,1774152000000
2,5,54,0.6697,0.669,-0.1045,1774137178746,0.6787,1177.43,0.6786,1015.62,0.6785,4484.45,0.6784,3897.25,0.6783,8075.14,0.6782,2915.07,0.6781,2299.86,0.678,663.77,0.6779,690.93,0.6778,1288.22,0.6788,670.03,0.679,11.06,0.6791,11.05,0.6792,272.67,0.6793,1258.67,0.6794,449.62,0.6795,1199.53,0.6796,1258.66,0.6797,11.04,0.6798,2750.19,0.6657,2562,0.6656,5161,0.6655,4770,0.6654,2750,0.6653,2,0.6652,4709,0.6651,10428,0.665,6728,0.6649,16758,0.6648,7668,0.6658,1206,0.6659,9400,0.666,7772,0.6661,4165,0.6662,13430,0.6663,5082,0.6664,9074,0.6665,12925,0.6666,5903,0.6667,8264,-0.0000033687654511,1774152000000
2,5,54,0.6697,0.669,-0.1045,1774137179046,0.6787,1177.43,0.6786,1015.62,0.6785,4484.45,0.6784,3897.25,0.6783,8075.14,0.6782,2915.07,0.6781,2299.86,0.678,663.77,0.6779,690.93,0.6778,1288.22,0.6788,670.03,0.679,11.06,0.6791,11.05,0.6792,272.67,0.6793,1258.67,0.6794,449.62,0.6795,1199.53,0.6796,1258.66,0.6797,11.04,0.6798,2661.88,0.6657,122,0.6656,254,0.6655,916,0.6654,6485,0.6653,7997,0.6652,10916,0.6651,12176,0.665,5748,0.6649,16549,0.6648,4543,0.6658,2452,0.6659,6772,0.666,2132,0.6661,4165,0.6662,17411,0.6663,5082,0.6664,9074,0.6665,10191,0.6666,5935,0.6667,6720,-0.0000033687654511,1774152000000
2,5,54,0.6697,0.669,-0.1045,1774137179347,0.6787,1177.43,0.6786,1015.62,0.6785,4484.45,0.6784,3897.25,0.6783,8075.14,0.6782,2915.07,0.6781,2299.86,0.678,663.77,0.6779,690.93,0.6778,1288.22,0.6788,670.03,0.679,11.06,0.6791,11.05,0.6792,272.67,0.6793,1258.67,0.6794,449.62,0.6795,1199.53,0.6796,1258.66,0.6797,11.04,0.6798,2661.88,0.6657,1528,0.6656,1282,0.6655,916,0.6654,6485,0.6653,5864,0.6652,10916,0.6651,11210,0.665,5748,0.6649,16549,0.6648,4543,0.6658,1206,0.6659,7618,0.666,1878,0.6661,4887,0.6662,15349,0.6663,5082,0.6664,9074,0.6665,9590,0.6666,5935,0.6667,7320,-0.0000033687654511,1774152000000
2,5,54,0.6697,0.669,-0.1045,1774137179648,0.6787,1177.43,0.6786,1015.62,0.6785,4484.45,0.6784,3897.25,0.6783,8075.14,0.6782,2915.07,0.6781,2299.86,0.678,663.77,0.6779,690.93,0.6778,1288.22,0.6788,670.03,0.679,11.06,0.6791,11.05,0.6792,272.67,0.6793,1258.67,0.6794,449.62,0.6795,1199.53,0.6796,1258.66,0.6797,11.04,0.6798,2661.88,0.6657,1514,0.6656,1434,0.6655,794,0.6654,6485,0.6653,7216,0.6652,10916,0.6651,11210,0.665,5748,0.6649,16549,0.6648,4543,0.6658,11418,0.6659,7618,0.666,11792,0.6661,4887,0.6662,15601,0.6663,7336,0.6664,8629,0.6665,9590,0.6666,5640,0.6667,8974,-0.0000033687654511,1774152000000
2,5,54,0.6697,0.669,-0.1045,1774137179949,0.6787,1177.43,0.6786,1015.62,0.6785,4484.45,0.6784,3897.25,0.6783,8075.14,0.6782,2915.07,0.6781,2299.86,0.678,663.77,0.6779,690.93,0.6778,1288.22,0.6788,670.03,0.679,11.06,0.6791,11.05,0.6792,272.67,0.6793,1258.67,0.6794,449.62,0.6795,1199.53,0.6796,1258.66,0.6797,11.04,0.6798,34983.8,0.6653,1309,0.6652,430,0.6651,376,0.665,1245,0.6649,5611,0.6648,16684,0.6647,9502,0.6646,13982,0.6645,5066,0.6644,14827,0.6654,3302,0.6655,1357,0.6656,15925,0.6657,8009,0.6658,16344,0.6659,11840,0.666,15090,0.6661,4524,0.6662,12645,0.6663,7740,-0.0000033687654511,1774152000000
2,5,54,0.6697,0.669,-0.1045,1774137180250,0.6787,1177.43,0.6786,1015.62,0.6785,4484.45,0.6784,3897.25,0.6783,8075.14,0.6782,2915.07,0.6781,2299.86,0.678,663.77,0.6779,690.93,0.6778,1288.22,0.6788,670.03,0.679,11.06,0.6791,11.05,0.6792,272.67,0.6793,1258.67,0.6794,449.62,0.6795,1199.53,0.6796,1258.66,0.6797,11.04,0.6798,34983.8,0.6657,1078,0.6656,1608,0.6655,1757,0.6654,15232,0.6653,11458,0.6652,16450,0.6651,10141,0.665,16409,0.6649,3617,0.6648,17335,0.6658,17,0.6659,2256,0.666,9922,0.6661,4437,0.6662,16499,0.6663,7336,0.6664,8271,0.6665,10430,0.6666,5156,0.6667,9776,-0.0000126762773075,1774152000000
2,5,54,0.67,0.6695,-0.0746,1774137180550,0.6787,1177.43,0.6786,1015.62,0.6785,4484.45,0.6784,3897.25,0.6783,8075.14,0.6782,2915.07,0.6781,2299.86,0.678,663.77,0.6779,690.93,0.6778,1288.22,0.6788,670.03,0.679,11.06,0.6791,11.05,0.6792,272.67,0.6793,1258.67,0.6794,449.62,0.6795,1199.53,0.6796,1258.66,0.6797,11.04,0.6798,34983.8,0.6669,1281,0.6668,254,0.6667,254,0.6666,1230,0.6665,489,0.6664,933,0.6663,8682,0.6662,8658,0.6661,16327,0.666,7706,0.667,3365,0.6671,6084,0.6672,10176,0.6673,10560,0.6674,12150,0.6675,3566,0.6676,4789,0.6677,14131,0.6678,3630,0.6679,8414,-0.0000126762773075,1774152000000
2,5,54,0.6703,0.6695,-0.1193,1774137180851,0.6787,1177.43,0.6786,1015.62,0.6785,4256.75,0.6784,3897.25,0.6783,8075.14,0.6782,2915.07,0.6781,2299.86,0.678,663.77,0.6779,690.93,0.6778,1288.22,0.6788,670.03,0.679,11.06,0.6791,593.94,0.6792,855.56,0.6793,1258.67,0.6794,449.62,0.6795,1199.53,0.6796,1258.66,0.6797,11.04,0.6798,34983.8,0.667,6837,0.6669,2686,0.6668,982,0.6667,256,0.6666,14452,0.6665,7236,0.6664,5435,0.6663,13478,0.6662,8660,0.6661,14454,0.6671,28,0.6672,8,0.6673,3235,0.6674,5489,0.6675,3566,0.6676,14858,0.6677,10387,0.6678,3630,0.6679,7815,0.668,14598,-0.0000126762773075,1774152000000
2,5,54,0.6704,0.6696,-0.1193,1774137181151,0.6787,1177.43,0.6786,1015.62,0.6785,4256.75,0.6784,3897.25,0.6783,8075.14,0.6782,2915.07,0.6781,2299.86,0.678,663.77,0.6779,690.93,0.6778,1288.22,0.6788,670.03,0.679,11.06,0.6791,593.94,0.6792,272.67,0.6793,1258.67,0.6794,449.62,0.6795,1199.53,0.6796,1258.66,0.6797,11.04,0.6798,34983.8,0.667,297,0.6669,122,0.6668,3328,0.6667,6975,0.6666,14452,0.6665,7226,0.6664,3614,0.6663,13478,0.6662,12161,0.6661,14812,0.6672,897,0.6673,983,0.6674,2184,0.6675,6425,0.6676,14862,0.6677,10754,0.6678,3630,0.6679,7815,0.668,11845,0.6681,4365,-0.0000126762773075,1774152000000
2,5,54,0.6704,0.6696,-0.1193,1774137181452,0.6787,1177.43,0.6786,1015.62,0.6785,4256.75,0.6784,3897.25,0.6783,8075.14,0.6782,2915.07,0.6781,2299.86,0.678,663.77,0.6779,690.93,0.6778,1288.22,0.6788,670.03,0.679,11.06,0.6791,593.94,0.6792,272.67,0.6793,1258.67,0.6794,449.62,0.6795,1199.53,0.6796,1258.66,0.6797,11.04,0.6798,34983.8,0.6671,5619,0.667,2385,0.6669,10038,0.6668,6367,0.6667,5445,0.6666,14452,0.6665,7165,0.6664,4213,0.6663,13478,0.6662,11562,0.6672,2,0.6673,1237,0.6674,3517,0.6675,6871,0.6676,14862,0.6677,9586,0.6678,3631,0.6679,7815,0.668,11845,0.6681,4365,-0.0000126762773075,1774152000000
2,5,54,0.6704,0.6698,-0.0895,1774137181753,0.6785,4256.75,0.6784,4139.18,0.6783,8075.14,0.6782,2915.07,0.6781,2299.86,0.678,663.77,0.6779,690.93,0.6778,1288.22,0.6777,38031.32,0.6776,4000.62,0.6788,670.03,0.6789,11.06,0.679,11.06,0.6791,593.94,0.6792,1450.1,0.6793,1258.67,0.6794,449.62,0.6795,1199.53,0.6796,1258.66,0.6797,11.04,0.6675,1131,0.6674,3379,0.6673,176,0.6672,3006,0.6671,10534,0.667,4567,0.6669,14203,0.6668,7947,0.6667,5821,0.6666,15051,0.6676,533,0.6677,3301,0.6678,2849,0.6679,7949,0.668,14506,0.6681,5890,0.6682,4826,0.6683,12629,0.6684,3567,0.6685,10568,-0.0000126762773075,1774152000000
2,5,54,0.6706,0.6702,-0.0596,1774137182054,0.6785,1297.66,0.6784,4705.18,0.6783,8075.14,0.6782,24.99,0.6781,1576.59,0.678,663.77,0.6779,690.93,0.6778,1288.22,0.6777,38031.32,0.6776,4000.62,0.6788,670.03,0.6789,11.06,0.679,11.06,0.6791,593.94,0.6792,1450.1,0.6793,1258.67,0.6794,449.62,0.6795,1199.53,0.6796,1258.66,0.6797,11.04,0.667,1265,0.6669,944,0.6668,2299,0.6667,8446,0.6666,4538,0.6665,8035,0.6664,3614,0.6663,13478,0.6662,11785,0.6661,14812,0.6671,3861,0.6672,1742,0.6673,579,0.6674,6513,0.6675,15536,0.6676,4735,0.6677,9153,0.6678,6141,0.6679,6976,0.668,14302,-0.0000126762773075,1774152000000
2,5,54,0.671,0.6706,-0.0596,1774137182354,0.6784,4463.25,0.6783,8075.14,0.6782,24.99,0.6781,1576.59,0.678,663.77,0.6779,690.93,0.6778,1288.22,0.6777,38031.32,0.6776,4000.62,0.6775,6779.31,0.6788,670.03,0.6789,11.06,0.679,11.06,0.6791,1032.51,0.6792,1450.1,0.6793,1258.67,0.6794,449.62,0.6795,1199.53,0.6796,1258.66,0.6797,11.04,0.667,2836,0.6669,944,0.6668,1323,0.6667,9438,0.6666,4558,0.6665,5730,0.6664,4213,0.6663,13478,0.6662,11427,0.6661,15562,0.6671,436,0.6672,1744,0.6673,613,0.6674,3952,0.6675,17491,0.6676,5710,0.6677,5855,0.6678,6141,0.6679,6170,0.668,16469,-0.0000126762773075,1774152000000
2,5,54,0.6712,0.6711,-0.0149,1774137182654,0.6784,3127.24,0.6783,4870.29,0.6782,24.99,0.6781,1576.59,0.678,752.18,0.6779,690.93,0.6778,1288.22,0.6777,38031.32,0.6776,4000.62,0.6775,6779.31,0.6786,582.38,0.6787,582.38,0.6788,670.03,0.6789,11.06,0.679,1840.97,0.6791,1032.51,0.6792,1450.1,0.6793,1258.67,0.6794,449.62,0.6795,1199.53,0.6671,3979,0.667,18,0.6669,944,0.6668,3016,0.6667,9569,0.6666,12653,0.6665,5730,0.6664,3614,0.6663,15577,0.6662,11427,0.6672,2511,0.6673,613,0.6674,3953,0.6675,17498,0.6676,5710,0.6677,5855,0.6678,6141,0.6679,6170,0.668,16469,0.6681,3924,-0.0000126762773075,1774152000000
2,5,54,0.6716,0.6714,-0.0298,1774137182955,0.6782,24.99,0.6781,1576.59,0.678,752.18,0.6779,690.93,0.6778,1288.22,0.6777,2260,0.6776,1742.12,0.6775,8155.82,0.6774,31416.89,0.6773,23.44,0.6788,681.09,0.6789,11.06,0.679,1840.97,0.6791,449.62,0.6792,1538.52,0.6793,1258.67,0.6794,449.62,0.6795,32152.43,0.6796,1789.24,0.6797,11.04,0.6671,3979,0.667,20,0.6669,2839,0.6668,6133,0.6667,11068,0.6666,12653,0.6665,5730,0.6664,7330,0.6663,14978,0.6662,12177,0.6672,2,0.6673,2,0.6674,299,0.6675,17498,0.6676,5710,0.6677,5855,0.6678,6141,0.6679,6170,0.668,16469,0.6681,3924,-0.0000126762773075,1774152000000
2,5,54,0.6719,0.6718,-0.0149,1774137183255,0.6782,596.33,0.6781,2314.11,0.678,3302.78,0.6779,690.93,0.6778,1288.22,0.6777,460.59,0.6776,1742.12,0.6775,8155.82,0.6774,31416.89,0.6773,34.5,0.6788,681.09,0.6789,1188.49,0.679,1840.97,0.6791,449.62,0.6792,1538.52,0.6793,1258.67,0.6794,449.62,0.6795,32152.43,0.6796,1789.24,0.6797,11.04,0.6672,3827,0.6671,8,0.667,20,0.6669,2140,0.6668,7097,0.6667,9092,0.6666,12653,0.6665,6329,0.6664,3614,0.6663,14978,0.6673,1513,0.6674,1642,0.6675,11703,0.6676,5710,0.6677,6879,0.6678,7117,0.6679,6170,0.668,13703,0.6681,3924,0.6682,5184,-0.0000126762773075,1774152000000
2,5,54,0.6719,0.672,0.0149,1774137183556,0.6783,582.38,0.6782,607.39,0.6781,777.33,0.678,2864.21,0.6779,2004,0.6778,1288.22,0.6777,460.59,0.6776,1742.12,0.6775,9403.44,0.6774,31416.89,0.6788,681.09,0.6789,1188.49,0.679,1258.68,0.6791,449.62,0.6792,1287.96,0.6793,1258.67,0.6794,449.62,0.6795,32152.43,0.6796,2218.15,0.6797,11.04,0.6672,4855,0.6671,8,0.667,986,0.6669,2140,0.6668,7127,0.6667,9092,0.6666,12653,0.6665,6329,0.6664,3614,0.6663,14978,0.6673,613,0.6674,1642,0.6675,11703,0.6676,5710,0.6677,6879,0.6678,7118,0.6679,6170,0.668,13703,0.6681,4071,0.6682,5184,-0.0000126762773075,1774152000000
2,5,54,0.6724,0.6719,-0.0744,1774137183856,0.6782,607.39,0.6781,777.33,0.678,3302.78,0.6779,2004,0.6778,1288.22,0.6777,460.59,0.6776,1742.12,0.6775,9403.44,0.6774,31416.89,0.6773,34.5,0.6787,1247.62,0.6788,681.09,0.6789,1188.49,0.679,1258.68,0.6791,449.62,0.6792,1287.96,0.6793,1258.67,0.6794,449.62,0.6795,32152.43,0.6796,2218.15,0.6668,227,0.6667,138,0.6666,10072,0.6665,3570,0.6664,12293,0.6663,17445,0.6662,14792,0.6661,14454,0.666,10170,0.6659,21695,0.6669,1564,0.667,787,0.6671,12189,0.6672,5644,0.6673,9821,0.6674,7442,0.6675,14827,0.6676,5536,0.6677,6879,0.6678,7476,-0.0000126762773075,1774152000000
2,5,54,0.6725,0.6719,-0.0892,1774137184157,0.6782,13.95,0.6781,1954.76,0.678,752.18,0.6779,2004,0.6778,1288.22,0.6777,460.59,0.6776,3542.38,0.6775,9403.44,0.6774,31416.89,0.6773,34.5,0.6787,1247.62,0.6788,681.09,0.6789,1188.49,0.679,1258.68,0.6791,449.62,0.6792,1287.96,0.6793,1258.67,0.6794,449.62,0.6795,32152.43,0.6796,2218.15,0.6668,4642,0.6667,124,0.6666,4611,0.6665,4368,0.6664,2585,0.6663,7905,0.6662,12222,0.6661,15047,0.666,10170,0.6659,22104,0.6669,2,0.667,178,0.6671,10699,0.6672,7429,0.6673,11087,0.6674,4637,0.6675,16679,0.6676,5894,0.6677,6241,0.6678,5337,-0.0000126762773075,1774152000000
2,5,54,0.6726,0.6726,0.0,1774137184458,0.6782,13.95,0.6781,3202.38,0.678,752.18,0.6779,2004,0.6778,1288.22,0.6777,460.59,0.6776,3542.38,0.6775,9403.44,0.6774,31416.89,0.6773,34.5,0.6787,1686.19,0.6788,681.09,0.6789,1188.49,0.679,1258.68,0.6791,449.62,0.6792,1287.96,0.6793,1258.67,0.6794,449.62,0.6795,32152.43,0.6796,2218.15,0.6675,2808,0.6673,1204,0.6672,5474,0.6671,6456,0.667,9217,0.6669,7205,0.6668,12335,0.6667,16122,0.6666,7026,0.6665,7391,0.6676,860,0.6677,1338,0.6678,3173,0.6679,8471,0.668,13983,0.6681,3713,0.6682,10445,0.6683,21020,0.6684,3567,0.6685,18283,-0.0000126762773075,1774152000000
2,5,54,0.6726,0.6726,0.0,1774137184759,0.6782,579.95,0.6781,3202.38,0.678,752.18,0.6779,2004,0.6778,1288.22,0.6777,460.59,0.6776,3542.38,0.6775,9403.44,0.6774,31416.89,0.6773,34.5,0.6787,1686.19,0.6788,681.09,0.6789,1188.49,0.679,1258.68,0.6791,449.62,0.6792,1287.96,0.6793,1258.67,0.6794,449.62,0.6795,32152.43,0.6796,2218.15,0.6671,75,0.667,297,0.6669,2508,0.6668,10083,0.6667,14469,0.6666,7026,0.6665,6126,0.6664,12678,0.6663,6037,0.6662,12376,0.6672,1567,0.6673,655,0.6674,2521,0.6675,11945,0.6676,3578,0.6677,6775,0.6678,3627,0.6679,7669,0.668,12203,0.6681,4071,-0.0000126762773075,1774152000000
2,5,54,0.6726,0.6728,0.0297,1774137185060,0.6782,13.95,0.6781,3202.38,0.678,752.18,0.6779,2004,0.6778,3839.02,0.6777,460.59,0.6776,3542.38,0.6775,9403.44,0.6774,31416.89,0.6773,34.5,0.6787,1686.19,0.6788,681.09,0.6789,1188.49,0.679,1258.68,0.6791,449.62,0.6792,1287.96,0.6793,1258.67,0.6794,449.62,0.6795,32152.43,0.6796,2218.15,0.6671,1017,0.667,822,0.6669,2681,0.6668,8598,0.6667,6374,0.6666,7026,0.6665,6126,0.6664,4583,0.6663,6037,0.6662,12374,0.6672,11917,0.6673,1767,0.6674,2056,0.6675,11705,0.6676,3578,0.6677,6775,0.6678,6761,0.6679,7669,0.668,12203,0.6681,4071,-0.0000126762773075,1774152000000
2,5,54,0.6728,0.6722,-0.0892,1774137185360,0.6782,13.95,0.6781,3202.38,0.678,752.18,0.6779,2004,0.6778,3839.02,0.6777,460.59,0.6776,3542.38,0.6775,9403.44,0.6774,31416.89,0.6773,34.5,0.6787,1686.19,0.6788,681.09,0.6789,1188.49,0.679,1258.68,0.6791,449.62,0.6792,1287.96,0.6793,1258.67,0.6794,449.62,0.6795,32152.43,0.6796,2218.15,0.6678,3991,0.6677,136,0.6676,493,0.6675,373,0.6674,3132,0.6673,7802,0.6672,9924,0.6671,12277,0.667,12093,0.6669,15478,0.6679,270,0.668,8540,0.6681,3595,0.6682,11605,0.6683,22359,0.6684,3567,0.6685,17683,0.6686,16707,0.6687,7520,0.6688,11134,-0.0000126762773075,1774152000000
2,5,54,0.6734,0.6721,-0.1931,1774137185661,0.6782,13.95,0.6781,2464.86,0.678,752.18,0.6779,2004,0.6778,3839.02,0.6777,460.59,0.6776,3542.38,0.6775,9403.44,0.6774,31416.89,0.6773,34.5,0.6787,1686.19,0.6788,681.09,0.6789,1188.49,0.679,1258.68,0.6791,449.62,0.6792,1287.96,0.6793,1258.67,0.6794,449.62,0.6795,32152.43,0.6796,2218.15,0.6679,5221,0.6678,4623,0.6677,139,0.6676,6114,0.6675,5353,0.6674,21289,0.6673,11998,0.6672,6843,0.6671,10091,0.667,12895,0.668,5205,0.6681,3331,0.6682,7154,0.6683,19613,0.6684,4741,0.6685,15549,0.6686,16721,0.6687,10321,0.6688,11148,0.6689,15018,-0.0000126762773075,1774152000000
2,5,54,0.6734,0.6719,-0.2228,1774137185962,0.6782,13.95,0.6781,2464.86,0.678,752.18,0.6779,2004,0.6778,3839.02,0.6777,460.59,0.6776,3542.38,0.6775,9403.44,0.6774,31416.89,0.6773,34.5,0.6787,1686.19,0.6788,681.09,0.6789,1188.49,0.679,1258.68,0.6791,449.62,0.6792,1287.96,0.6793,1258.67,0.6794,449.62,0.6795,32152.43,0.6796,2218.15,0.6673,2286,0.6672,2448,0.6671,1172,0.667,14763,0.6669,8433,0.6668,5016,0.6667,19887,0.6666,8934,0.6665,6153,0.6664,18316,0.6674,268,0.6675,1384,0.6676,566,0.6677,8661,0.6678,9079,0.6679,7205,0.668,16630,0.6681,5736,0.6682,5847,0.6683,12201,-0.0000126762773075,1774152000000
2,5,54,0.6736,0.6719,-0.2524,1774137186263,0.6782,13.95,0.6781,2464.86,0.678,752.18,0.6779,2004,0.6778,3839.02,0.6777,460.59,0.6776,3542.38,0.6775,9403.44,0.6774,31416.89,0.6773,34.5,0.6787,1686.19,0.6788,681.09,0.6789,1188.49,0.679,1258.68,0.6791,449.62,0.6792,1287.96,0.6793,1258.67,0.6794,449.62,0.6795,32152.43,0.6796,2218.15,0.6673,3788,0.6672,2448,0.6671,1637,0.667,20382,0.6669,8433,0.6668,5016,0.6667,19887,0.6666,8934,0.6665,6903,0.6664,18316,0.6674,268,0.6675,1384,0.6676,2065,0.6677,16682,0.6678,9086,0.6679,12824,0.668,16630,0.6681,6094,0.6682,5847,0.6683,12201,-0.0000126762773075,1774152000000
2,5,54,0.6728,0.6712,-0.2378,1774137186563,0.6782,13.95,0.6781,1217.24,0.678,3175.29,0.6779,2741.74,0.6778,3839.02,0.6777,460.59,0.6776,3542.38,0.6775,9403.44,0.6774,31416.89,0.6773,34.5,0.6786,472.48,0.6787,1686.19,0.6788,681.09,0.6789,1188.49,0.679,1258.68,0.6791,449.62,0.6792,1199.54,0.6793,1258.67,0.6794,1879.72,0.6795,32152.43,0.6673,3801,0.6672,2448,0.6671,452,0.667,20401,0.6669,8433,0.6668,5016,0.6667,19288,0.6666,9533,0.6665,6903,0.6664,18316,0.6674,268,0.6675,1384,0.6676,2065,0.6677,16682,0.6678,9086,0.6679,12838,0.668,16630,0.6681,11713,0.6682,5847,0.6683,12201,-0.0000126762773075,1774152000000
2,5,54,0.6732,0.671,-0.3268,1774137186864,0.6782,13.95,0.6781,1217.24,0.678,3613.86,0.6779,2741.74,0.6778,3839.02,0.6777,460.59,0.6776,1742.12,0.6775,9403.44,0.6774,31416.89,0.6773,34.5,0.6786,472.48,0.6787,1697.25,0.6788,1004.54,0.6789,1188.49,0.679,1258.68,0.6791,449.62,0.6792,1199.54,0.6793,1258.67,0.6794,1879.72,0.6795,32152.43,0.6672,2315,0.6671,4597,0.667,10864,0.6669,15170,0.6668,6877,0.6667,19887,0.6666,8934,0.6665,5796,0.6664,19816,0.6663,5825,0.6673,625,0.6674,625,0.6675,1742,0.6676,3670,0.6677,19290,0.6678,6946,0.6679,12838,0.668,19448,0.6681,11193,0.6682,5847,-0.0000126762773075,1774152000000
2,5,54,0.6729,0.6713,-0.2378,1774137187165,0.6782,13.95,0.6781,1217.24,0.678,3613.86,0.6779,748.79,0.6778,3839.02,0.6777,460.59,0.6776,1742.12,0.6775,11202.85,0.6774,31416.89,0.6773,34.5,0.6786,472.48,0.6787,1697.25,0.6788,1004.54,0.6789,1199.55,0.679,1258.68,0.6791,449.62,0.6792,1199.54,0.6793,1258.67,0.6794,1879.72,0.6795,32152.43,0.6672,2317,0.6671,5243,0.667,10864,0.6669,14052,0.6668,6898,0.6667,19288,0.6666,9533,0.6665,5796,0.6664,19816,0.6663,5825,0.6673,16,0.6674,14,0.6675,1742,0.6676,2335,0.6677,20747,0.6678,6796,0.6679,12838,0.668,16988,0.6681,11046,0.6682,5847,-0.0000126762773075,1774152000000
2,5,54,0.6723,0.6717,-0.0892,1774137187466,0.6782,13.95,0.6781,1217.24,0.678,3613.86,0.6779,748.79,0.6778,3839.02,0.6777,460.59,0.6776,1742.12,0.6775,8981.36,0.6774,31416.89,0.6773,34.5,0.6785,581.05,0.6786,472.48,0.6787,1697.25,0.6788,1004.54,0.6789,1199.55,0.679,1258.68,0.6791,449.62,0.6792,1199.54,0.6793,1258.67,0.6794,1879.72,0.6673,4877,0.6672,541,0.6671,3662,0.667,13001,0.6669,15005,0.6668,6877,0.6667,19288,0.6666,9533,0.6665,5796,0.6664,19816,0.6674,14,0.6675,1131,0.6676,2335,0.6677,20747,0.6678,6796,0.6679,12838,0.668,16988,0.6681,11046,0.6682,5847,0.6683,20574,-0.0000126762773075,1774152000000
2,5,54,0.6719,0.6714,-0.0744,1774137187766,0.6782,13.95,0.6781,1217.24,0.678,663.77,0.6779,748.79,0.6778,3839.02,0.6777,460.59,0.6776,1742.12,0.6775,8981.36,0.6774,31416.89,0.6773,34.5,0.6785,581.05,0.6786,472.48,0.6787,1697.25,0.6788,1004.54,0.6789,1199.55,0.679,1258.68,0.6791,449.62,0.6792,1199.54,0.6793,3596.77,0.6794,1879.72,0.6673,3253,0.6672,541,0.6671,3637,0.667,13001,0.6669,15938,0.6668,5657,0.6667,19288,0.6666,9533,0.6665,6546,0.6664,19816,0.6674,14,0.6675,445,0.6676,2335,0.6677,20747,0.6678,7702,0.6679,12838,0.668,16988,0.6681,11046,0.6682,5848,0.6683,20574,-0.0000126762773075,1774152000000
2,5,54,0.6722,0.6711,-0.1636,1774137188067,0.6782,13.95,0.6781,1217.24,0.678,225.2,0.6779,11.05,0.6778,3839.02,0.6777,460.59,0.6776,1742.12,0.6775,8981.36,0.6774,31416.89,0.6773,34.5,0.6784,581.05,0.6785,592.11,0.6786,483.54,0.6787,1697.25,0.6788,1004.54,0.6789,1199.55,0.679,1258.68,0.6791,449.62,0.6792,1199.54,0.6793,3596.77,0.6672,59,0.6671,2673,0.667,3383,0.6669,4398,0.6668,8969,0.6667,16215,0.6666,8934,0.6665,6395,0.6664,20462,0.6663,5075,0.6673,3336,0.6674,10175,0.6675,10615,0.6676,4098,0.6677,21431,0.6678,4657,0.6679,13196,0.668,16988,0.6681,11046,0.6682,5848,-0.0000126762773075,1774152000000
2,5,54,0.6724,0.6714,-0.1487,1774137188367,0.6782,13.95,0.6781,1217.24,0.678,225.2,0.6779,11.05,0.6778,4576.87,0.6777,460.59,0.6776,1742.12,0.6775,8981.36,0.6774,31416.89,0.6773,34.5,0.6784,581.05,0.6785,592.11,0.6786,11.06,0.6787,1697.25,0.6788,1004.54,0.6789,1199.55,0.679,1258.68,0.6791,449.62,0.6792,1199.54,0.6793,3596.77,0.6671,1530,0.667,1159,0.6669,3424,0.6668,8932,0.6667,16321,0.6666,8934,0.6665,6396,0.6664,20462,0.6663,5075,0.6662,17164,0.6672,932,0.6673,1416,0.6674,8717,0.6675,10875,0.6676,5265,0.6677,21424,0.6678,6157,0.6679,15996,0.668,16988,0.6681,11046,-0.0000126762773075,1774152000000
2,5,54,0.672,0.6718,-0.0298,1774137188668,0.6782,13.95,0.6781,1217.24,0.678,225.2,0.6779,11.05,0.6778,7528,0.6777,460.59,0.6776,1742.12,0.6775,8981.36,0.6774,31416.89,0.6773,34.5,0.6784,581.05,0.6785,592.11,0.6786,11.06,0.6787,1697.25,0.6788,1004.54,0.6789,1199.55,0.679,1258.68,0.6791,449.62,0.6792,1199.54,0.6793,3596.77,0.6671,630,0.667,1159,0.6669,3425,0.6668,8932,0.6667,16321,0.6666,9533,0.6665,5797,0.6664,20462,0.6663,5075,0.6662,16414,0.6672,1543,0.6673,4576,0.6674,10175,0.6675,10875,0.6676,5266,0.6677,21424,0.6678,6157,0.6679,15996,0.668,16988,0.6681,11046,-0.0000126762773075,1774152000000
2,5,54,0.6725,0.6716,-0.1338,1774137188969,0.6782,13.95,0.6781,1217.24,0.678,225.2,0.6779,11.05,0.6778,7528,0.6777,460.59,0.6776,1742.12,0.6775,8981.36,0.6774,31416.89,0.6773,34.5,0.6784,581.05,0.6785,592.11,0.6786,1188.49,0.6787,1697.25,0.6788,1004.54,0.6789,1199.55,0.679,1258.68,0.6791,449.62,0.6792,1199.54,0.6793,3596.77,0.6671,267,0.667,1159,0.6669,3425,0.6668,8932,0.6667,16321,0.6666,9533,0.6665,5797,0.6664,20462,0.6663,5075,0.6662,16414,0.6672,1665,0.6673,7533,0.6674,8717,0.6675,10875,0.6676,5266,0.6677,21424,0.6678,6157,0.6679,15996,0.668,16988,0.6681,11046,-0.0000126762773075,1774152000000
2,5,54,0.6725,0.6716,-0.1338,1774137189269,0.6782,13.95,0.6781,1217.24,0.678,225.2,0.6779,11.05,0.6778,7528,0.6777,460.59,0.6776,1742.12,0.6775,8981.36,0.6774,31416.89,0.6773,34.5,0.6785,592.11,0.6786,1188.49,0.6787,1697.25,0.6788,1004.54,0.6789,1199.55,0.679,1258.68,0.6791,449.62,0.6792,1199.54,0.6793,3596.77,0.6794,449.62,0.6669,104,0.6668,18,0.6667,2246,0.6666,4308,0.6665,5233,0.6664,21981,0.6663,5815,0.6662,16580,0.6661,14974,0.666,10656,0.667,12255,0.6671,11988,0.6672,2249,0.6673,11556,0.6674,14153,0.6675,10693,0.6676,8251,0.6677,18720,0.6678,6393,0.6679,15822,-0.0000126762773075,1774152000000
2,5,54,0.6726,0.6716,-0.1487,1774137189570,0.6782,13.95,0.6781,1217.24,0.678,225.2,0.6779,11.05,0.6778,7528,0.6777,460.59,0.6776,1742.12,0.6775,9069.8,0.6774,31416.89,0.6773,34.5,0.6785,592.19,0.6786,1188.49,0.6787,1697.25,0.6788,681.09,0.6789,1199.55,0.679,1258.68,0.6791,449.62,0.6792,1199.54,0.6793,3596.77,0.6794,449.62,0.6669,2294,0.6668,371,0.6667,5050,0.6666,2173,0.6665,7185,0.6664,23556,0.6663,5216,0.6662,16580,0.6661,17224,0.666,10656,0.667,4496,0.6671,9401,0.6672,3582,0.6673,11556,0.6674,14163,0.6675,10693,0.6676,8251,0.6677,20220,0.6678,6393,0.6679,15822,-0.0000126762773075,1774152000000
