spot_exch,fut_exch,symbol,ask_spot,bid_futures,spread_pct,ts
gate,bybit,VANRYUSDT,0.005731,0.006139,7.1192,1774047353452
gate,bybit,VANRYUSDT,0.005731,0.006139,7.1192,1774047353761
gate,bybit,VANRYUSDT,0.005731,0.006139,7.1192,1774047354061
gate,bybit,VANRYUSDT,0.005731,0.006139,7.1192,1774047354361
gate,bybit,VANRYUSDT,0.005731,0.006139,7.1192,1774047354661
gate,bybit,VANRYUSDT,0.005731,0.006139,7.1192,1774047354962
gate,bybit,VANRYUSDT,0.005731,0.006139,7.1192,1774047355263
gate,bybit,VANRYUSDT,0.005731,0.006139,7.1192,1774047355563
gate,bybit,VANRYUSDT,0.005731,0.006139,7.1192,1774047355863
gate,bybit,VANRYUSDT,0.005731,0.006139,7.1192,1774047356164
gate,bybit,VANRYUSDT,0.005731,0.006139,7.1192,1774047356464
gate,bybit,VANRYUSDT,0.005731,0.006139,7.1192,1774047356764
gate,bybit,VANRYUSDT,0.005731,0.006139,7.1192,1774047357064
gate,bybit,VANRYUSDT,0.005731,0.006139,7.1192,1774047357364
gate,bybit,VANRYUSDT,0.005731,0.006139,7.1192,1774047357665
gate,bybit,VANRYUSDT,0.005731,0.006139,7.1192,1774047357965
gate,bybit,VANRYUSDT,0.005732,0.006139,7.1005,1774047358265
gate,bybit,VANRYUSDT,0.005732,0.006139,7.1005,1774047358571
gate,bybit,VANRYUSDT,0.005732,0.006139,7.1005,1774047358872
gate,bybit,VANRYUSDT,0.005732,0.006139,7.1005,1774047359172
gate,bybit,VANRYUSDT,0.005732,0.006139,7.1005,1774047359476
gate,bybit,VANRYUSDT,0.005732,0.006139,7.1005,1774047359777
gate,bybit,VANRYUSDT,0.005732,0.006139,7.1005,1774047360077
gate,bybit,VANRYUSDT,0.005732,0.006139,7.1005,1774047360377
gate,bybit,VANRYUSDT,0.005732,0.006139,7.1005,1774047360678
gate,bybit,VANRYUSDT,0.005732,0.006139,7.1005,1774047360978
gate,bybit,VANRYUSDT,0.005732,0.006139,7.1005,1774047361278
gate,bybit,VANRYUSDT,0.005732,0.006139,7.1005,1774047361578
gate,bybit,VANRYUSDT,0.005732,0.006139,7.1005,1774047361878
gate,bybit,VANRYUSDT,0.005732,0.006139,7.1005,1774047362179
gate,bybit,VANRYUSDT,0.005732,0.006139,7.1005,1774047362479
gate,bybit,VANRYUSDT,0.005732,0.006139,7.1005,1774047362779
gate,bybit,VANRYUSDT,0.005732,0.006139,7.1005,1774047363079
gate,bybit,VANRYUSDT,0.005732,0.006139,7.1005,1774047363386
gate,bybit,VANRYUSDT,0.005732,0.006139,7.1005,1774047363686
gate,bybit,VANRYUSDT,0.005732,0.006139,7.1005,1774047363986
gate,bybit,VANRYUSDT,0.005732,0.006139,7.1005,1774047364287
gate,bybit,VANRYUSDT,0.005732,0.006139,7.1005,1774047364591
gate,bybit,VANRYUSDT,0.005732,0.006139,7.1005,1774047364904
gate,bybit,VANRYUSDT,0.005732,0.006139,7.1005,1774047365212
gate,bybit,VANRYUSDT,0.005732,0.006139,7.1005,1774047365520
gate,bybit,VANRYUSDT,0.005732,0.006139,7.1005,1774047365823
gate,bybit,VANRYUSDT,0.005732,0.006139,7.1005,1774047366138
gate,bybit,VANRYUSDT,0.005732,0.006139,7.1005,1774047366449
gate,bybit,VANRYUSDT,0.005732,0.006139,7.1005,1774047366750
gate,bybit,VANRYUSDT,0.005732,0.006139,7.1005,1774047367050
gate,bybit,VANRYUSDT,0.005732,0.006139,7.1005,1774047367351
gate,bybit,VANRYUSDT,0.005741,0.006147,7.0719,1774047367651
gate,bybit,VANRYUSDT,0.00574,0.006149,7.1254,1774047367951
gate,bybit,VANRYUSDT,0.00574,0.006149,7.1254,1774047368253
gate,bybit,VANRYUSDT,0.00574,0.006149,7.1254,1774047368553
gate,bybit,VANRYUSDT,0.00574,0.006149,7.1254,1774047368853
gate,bybit,VANRYUSDT,0.00574,0.006149,7.1254,1774047369164
gate,bybit,VANRYUSDT,0.00574,0.006149,7.1254,1774047369464
gate,bybit,VANRYUSDT,0.00574,0.006149,7.1254,1774047369764
gate,bybit,VANRYUSDT,0.005742,0.006149,7.0881,1774047370064
gate,bybit,VANRYUSDT,0.005742,0.006149,7.0881,1774047370364
gate,bybit,VANRYUSDT,0.005742,0.006149,7.0881,1774047370665
gate,bybit,VANRYUSDT,0.005743,0.006149,7.0695,1774047370965
gate,bybit,VANRYUSDT,0.005743,0.006149,7.0695,1774047371265
gate,bybit,VANRYUSDT,0.005743,0.006149,7.0695,1774047371565
gate,bybit,VANRYUSDT,0.005743,0.006149,7.0695,1774047371865
gate,bybit,VANRYUSDT,0.005743,0.006149,7.0695,1774047372165
gate,bybit,VANRYUSDT,0.005743,0.006149,7.0695,1774047372466
gate,bybit,VANRYUSDT,0.005743,0.006149,7.0695,1774047372766
gate,bybit,VANRYUSDT,0.005744,0.006149,7.0508,1774047373076
gate,bybit,VANRYUSDT,0.005744,0.006149,7.0508,1774047373376
gate,bybit,VANRYUSDT,0.005744,0.006149,7.0508,1774047373676
gate,bybit,VANRYUSDT,0.005744,0.006149,7.0508,1774047373976
gate,bybit,VANRYUSDT,0.005744,0.006149,7.0508,1774047374277
gate,bybit,VANRYUSDT,0.005744,0.006149,7.0508,1774047374577
gate,bybit,VANRYUSDT,0.005744,0.006149,7.0508,1774047374877
gate,bybit,VANRYUSDT,0.005743,0.006149,7.0695,1774047375177
gate,bybit,VANRYUSDT,0.005743,0.006149,7.0695,1774047375477
gate,bybit,VANRYUSDT,0.005743,0.006149,7.0695,1774047375777
gate,bybit,VANRYUSDT,0.005744,0.006149,7.0508,1774047376077
gate,bybit,VANRYUSDT,0.005744,0.006149,7.0508,1774047376378
gate,bybit,VANRYUSDT,0.005744,0.006149,7.0508,1774047376678
gate,bybit,VANRYUSDT,0.005744,0.006149,7.0508,1774047376978
gate,bybit,VANRYUSDT,0.005744,0.006149,7.0508,1774047377278
gate,bybit,VANRYUSDT,0.005744,0.006149,7.0508,1774047377579
gate,bybit,VANRYUSDT,0.005744,0.006149,7.0508,1774047377879
gate,bybit,VANRYUSDT,0.005745,0.006149,7.0322,1774047378180
gate,bybit,VANRYUSDT,0.005745,0.006149,7.0322,1774047378481
gate,bybit,VANRYUSDT,0.005745,0.006149,7.0322,1774047378781
gate,bybit,VANRYUSDT,0.005745,0.006149,7.0322,1774047379081
gate,bybit,VANRYUSDT,0.005745,0.006149,7.0322,1774047379381
gate,bybit,VANRYUSDT,0.005745,0.006149,7.0322,1774047379681
gate,bybit,VANRYUSDT,0.005745,0.006149,7.0322,1774047379982
gate,bybit,VANRYUSDT,0.005745,0.006149,7.0322,1774047380282
gate,bybit,VANRYUSDT,0.005745,0.006149,7.0322,1774047380582
gate,bybit,VANRYUSDT,0.005745,0.006149,7.0322,1774047380882
gate,bybit,VANRYUSDT,0.005745,0.006149,7.0322,1774047381183
gate,bybit,VANRYUSDT,0.005745,0.006149,7.0322,1774047381483
gate,bybit,VANRYUSDT,0.005745,0.006149,7.0322,1774047381784
gate,bybit,VANRYUSDT,0.005745,0.006149,7.0322,1774047382084
gate,bybit,VANRYUSDT,0.005745,0.006149,7.0322,1774047382384
gate,bybit,VANRYUSDT,0.005745,0.006149,7.0322,1774047382685
gate,bybit,VANRYUSDT,0.005745,0.006149,7.0322,1774047382985
gate,bybit,VANRYUSDT,0.005745,0.006149,7.0322,1774047383285
gate,bybit,VANRYUSDT,0.005745,0.006149,7.0322,1774047383585
gate,bybit,VANRYUSDT,0.005745,0.006149,7.0322,1774047383886
gate,bybit,VANRYUSDT,0.005745,0.006149,7.0322,1774047384186
gate,bybit,VANRYUSDT,0.005745,0.006149,7.0322,1774047384486
gate,bybit,VANRYUSDT,0.005745,0.006149,7.0322,1774047384786
gate,bybit,VANRYUSDT,0.005745,0.006149,7.0322,1774047385086
gate,bybit,VANRYUSDT,0.005745,0.006149,7.0322,1774047385386
gate,bybit,VANRYUSDT,0.005745,0.006149,7.0322,1774047385686
gate,bybit,VANRYUSDT,0.005745,0.006149,7.0322,1774047385986
gate,bybit,VANRYUSDT,0.005745,0.006149,7.0322,1774047386287
gate,bybit,VANRYUSDT,0.005745,0.006149,7.0322,1774047386587
gate,bybit,VANRYUSDT,0.005745,0.006149,7.0322,1774047386887
gate,bybit,VANRYUSDT,0.005745,0.006149,7.0322,1774047387188
gate,bybit,VANRYUSDT,0.005745,0.006149,7.0322,1774047387488
gate,bybit,VANRYUSDT,0.005745,0.006149,7.0322,1774047387798
gate,bybit,VANRYUSDT,0.005745,0.006149,7.0322,1774047388098
gate,bybit,VANRYUSDT,0.005745,0.006149,7.0322,1774047388403
gate,bybit,VANRYUSDT,0.005745,0.006149,7.0322,1774047388705
gate,bybit,VANRYUSDT,0.005745,0.006149,7.0322,1774047389017
gate,bybit,VANRYUSDT,0.005745,0.006149,7.0322,1774047389328
gate,bybit,VANRYUSDT,0.005745,0.006149,7.0322,1774047389640
gate,bybit,VANRYUSDT,0.005743,0.006147,7.0347,1774047389941
gate,bybit,VANRYUSDT,0.005744,0.00615,7.0682,1774047390241
gate,bybit,VANRYUSDT,0.005744,0.00615,7.0682,1774047390542
gate,bybit,VANRYUSDT,0.005744,0.00615,7.0682,1774047390842
gate,bybit,VANRYUSDT,0.005744,0.00615,7.0682,1774047391142
gate,bybit,VANRYUSDT,0.005744,0.00615,7.0682,1774047391442
gate,bybit,VANRYUSDT,0.005744,0.00615,7.0682,1774047391743
gate,bybit,VANRYUSDT,0.005744,0.00615,7.0682,1774047392044
gate,bybit,VANRYUSDT,0.005744,0.00615,7.0682,1774047392344
gate,bybit,VANRYUSDT,0.00575,0.006159,7.113,1774047392644
gate,bybit,VANRYUSDT,0.005749,0.006156,7.0795,1774047392951
gate,bybit,VANRYUSDT,0.005747,0.006156,7.1168,1774047393268
gate,bybit,VANRYUSDT,0.005747,0.006156,7.1168,1774047393575
gate,bybit,VANRYUSDT,0.005747,0.006156,7.1168,1774047393875
gate,bybit,VANRYUSDT,0.005747,0.006155,7.0994,1774047394186
gate,bybit,VANRYUSDT,0.005747,0.006155,7.0994,1774047394497
gate,bybit,VANRYUSDT,0.005747,0.006155,7.0994,1774047394810
gate,bybit,VANRYUSDT,0.005747,0.006155,7.0994,1774047395124
gate,bybit,VANRYUSDT,0.005747,0.006155,7.0994,1774047395439
gate,bybit,VANRYUSDT,0.005747,0.006155,7.0994,1774047395747
gate,bybit,VANRYUSDT,0.005747,0.006155,7.0994,1774047396049
gate,bybit,VANRYUSDT,0.005747,0.006155,7.0994,1774047396349
gate,bybit,VANRYUSDT,0.005748,0.006155,7.0807,1774047396649
gate,bybit,VANRYUSDT,0.005748,0.006155,7.0807,1774047396950
gate,bybit,VANRYUSDT,0.005748,0.006155,7.0807,1774047397250
gate,bybit,VANRYUSDT,0.005748,0.006155,7.0807,1774047397550
gate,bybit,VANRYUSDT,0.005748,0.006155,7.0807,1774047397850
gate,bybit,VANRYUSDT,0.00575,0.006156,7.0609,1774047398156
gate,bybit,VANRYUSDT,0.00575,0.006156,7.0609,1774047398456
gate,bybit,VANRYUSDT,0.00575,0.006156,7.0609,1774047398757
gate,bybit,VANRYUSDT,0.005749,0.006156,7.0795,1774047399057
gate,bybit,VANRYUSDT,0.005749,0.006156,7.0795,1774047399357
gate,bybit,VANRYUSDT,0.00575,0.006156,7.0609,1774047399657
gate,bybit,VANRYUSDT,0.00575,0.006156,7.0609,1774047399958
gate,bybit,VANRYUSDT,0.00575,0.006156,7.0609,1774047400258
gate,bybit,VANRYUSDT,0.00575,0.006156,7.0609,1774047400558
gate,bybit,VANRYUSDT,0.00575,0.006156,7.0609,1774047400859
gate,bybit,VANRYUSDT,0.005749,0.006156,7.0795,1774047401159
gate,bybit,VANRYUSDT,0.00575,0.006156,7.0609,1774047401460
gate,bybit,VANRYUSDT,0.00575,0.006156,7.0609,1774047401761
gate,bybit,VANRYUSDT,0.005749,0.006156,7.0795,1774047402063
gate,bybit,VANRYUSDT,0.00575,0.006156,7.0609,1774047402364
gate,bybit,VANRYUSDT,0.00575,0.006156,7.0609,1774047402664
gate,bybit,VANRYUSDT,0.00575,0.006156,7.0609,1774047402964
gate,bybit,VANRYUSDT,0.00575,0.006156,7.0609,1774047403264
gate,bybit,VANRYUSDT,0.00575,0.006156,7.0609,1774047403564
gate,bybit,VANRYUSDT,0.00575,0.006156,7.0609,1774047403865
gate,bybit,VANRYUSDT,0.00575,0.006156,7.0609,1774047404166
gate,bybit,VANRYUSDT,0.00575,0.006156,7.0609,1774047404466
gate,bybit,VANRYUSDT,0.005751,0.006156,7.0423,1774047404767
gate,bybit,VANRYUSDT,0.005751,0.006156,7.0423,1774047405067
gate,bybit,VANRYUSDT,0.005751,0.006156,7.0423,1774047405367
gate,bybit,VANRYUSDT,0.005751,0.006156,7.0423,1774047405667
gate,bybit,VANRYUSDT,0.005751,0.006156,7.0423,1774047405968
gate,bybit,VANRYUSDT,0.005751,0.006156,7.0423,1774047406268
gate,bybit,VANRYUSDT,0.005752,0.006156,7.0236,1774047406568
gate,bybit,VANRYUSDT,0.005752,0.006156,7.0236,1774047406877
gate,bybit,VANRYUSDT,0.005752,0.006156,7.0236,1774047407177
gate,bybit,VANRYUSDT,0.005752,0.006156,7.0236,1774047407477
gate,bybit,VANRYUSDT,0.005752,0.006156,7.0236,1774047407778
gate,bybit,VANRYUSDT,0.005752,0.006157,7.041,1774047408078
gate,bybit,VANRYUSDT,0.005752,0.006157,7.041,1774047408378
gate,bybit,VANRYUSDT,0.005753,0.006157,7.0224,1774047408678
gate,bybit,VANRYUSDT,0.005752,0.006156,7.0236,1774047408978
gate,bybit,VANRYUSDT,0.005753,0.006158,7.0398,1774047409279
gate,bybit,VANRYUSDT,0.005753,0.006159,7.0572,1774047409579
gate,bybit,VANRYUSDT,0.005753,0.006159,7.0572,1774047409879
gate,bybit,VANRYUSDT,0.005753,0.006159,7.0572,1774047410179
gate,bybit,VANRYUSDT,0.005753,0.006158,7.0398,1774047410479
gate,bybit,VANRYUSDT,0.005753,0.006158,7.0398,1774047410780
gate,bybit,VANRYUSDT,0.005753,0.006158,7.0398,1774047411080
gate,bybit,VANRYUSDT,0.005753,0.006157,7.0224,1774047411381
gate,bybit,VANRYUSDT,0.005754,0.006156,6.9864,1774047411681
gate,bybit,VANRYUSDT,0.005754,0.006156,6.9864,1774047411981
gate,bybit,VANRYUSDT,0.005754,0.006156,6.9864,1774047412282
gate,bybit,VANRYUSDT,0.005754,0.006156,6.9864,1774047412582
gate,bybit,VANRYUSDT,0.005754,0.006156,6.9864,1774047412882
gate,bybit,VANRYUSDT,0.005754,0.006156,6.9864,1774047413182
gate,bybit,VANRYUSDT,0.005754,0.006156,6.9864,1774047413483
gate,bybit,VANRYUSDT,0.005754,0.006156,6.9864,1774047413783
gate,bybit,VANRYUSDT,0.005754,0.006156,6.9864,1774047414083
gate,bybit,VANRYUSDT,0.005754,0.006156,6.9864,1774047414384
gate,bybit,VANRYUSDT,0.005754,0.006156,6.9864,1774047414684
gate,bybit,VANRYUSDT,0.005754,0.006156,6.9864,1774047414984
gate,bybit,VANRYUSDT,0.005754,0.006156,6.9864,1774047415285
gate,bybit,VANRYUSDT,0.005754,0.006156,6.9864,1774047415585
gate,bybit,VANRYUSDT,0.005754,0.006156,6.9864,1774047415885
gate,bybit,VANRYUSDT,0.005754,0.006156,6.9864,1774047416186
gate,bybit,VANRYUSDT,0.005754,0.006156,6.9864,1774047416486
gate,bybit,VANRYUSDT,0.005755,0.006156,6.9679,1774047416787
gate,bybit,VANRYUSDT,0.005755,0.006156,6.9679,1774047417087
gate,bybit,VANRYUSDT,0.005755,0.006156,6.9679,1774047417387
gate,bybit,VANRYUSDT,0.005755,0.006156,6.9679,1774047417687
gate,bybit,VANRYUSDT,0.005755,0.006156,6.9679,1774047417987
gate,bybit,VANRYUSDT,0.005755,0.006156,6.9679,1774047418288
gate,bybit,VANRYUSDT,0.005755,0.006156,6.9679,1774047418588
gate,bybit,VANRYUSDT,0.005755,0.006156,6.9679,1774047418888
gate,bybit,VANRYUSDT,0.005755,0.006156,6.9679,1774047419189
gate,bybit,VANRYUSDT,0.005755,0.006156,6.9679,1774047419489
gate,bybit,VANRYUSDT,0.005755,0.006156,6.9679,1774047419789
gate,bybit,VANRYUSDT,0.005755,0.006156,6.9679,1774047420089
gate,bybit,VANRYUSDT,0.005755,0.006157,6.9852,1774047420389
gate,bybit,VANRYUSDT,0.005755,0.006157,6.9852,1774047420689
gate,bybit,VANRYUSDT,0.005755,0.006157,6.9852,1774047420989
gate,bybit,VANRYUSDT,0.005755,0.006157,6.9852,1774047421289
gate,bybit,VANRYUSDT,0.005755,0.006157,6.9852,1774047421590
gate,bybit,VANRYUSDT,0.005755,0.006157,6.9852,1774047421890
gate,bybit,VANRYUSDT,0.005755,0.006157,6.9852,1774047422190
gate,bybit,VANRYUSDT,0.005755,0.006157,6.9852,1774047422490
gate,bybit,VANRYUSDT,0.005755,0.006157,6.9852,1774047422790
gate,bybit,VANRYUSDT,0.005755,0.006157,6.9852,1774047423090
gate,bybit,VANRYUSDT,0.005755,0.006157,6.9852,1774047423391
gate,bybit,VANRYUSDT,0.005755,0.006157,6.9852,1774047423691
gate,bybit,VANRYUSDT,0.005755,0.006157,6.9852,1774047423991
gate,bybit,VANRYUSDT,0.005755,0.006157,6.9852,1774047424293
gate,bybit,VANRYUSDT,0.005755,0.006157,6.9852,1774047424593
gate,bybit,VANRYUSDT,0.005755,0.006157,6.9852,1774047424894
gate,bybit,VANRYUSDT,0.005755,0.006157,6.9852,1774047425194
gate,bybit,VANRYUSDT,0.005755,0.006157,6.9852,1774047425496
gate,bybit,VANRYUSDT,0.005755,0.006157,6.9852,1774047425798
gate,bybit,VANRYUSDT,0.005755,0.006157,6.9852,1774047426099
gate,bybit,VANRYUSDT,0.005755,0.006157,6.9852,1774047426401
gate,bybit,VANRYUSDT,0.005755,0.006157,6.9852,1774047426702
gate,bybit,VANRYUSDT,0.005755,0.006157,6.9852,1774047427003
gate,bybit,VANRYUSDT,0.005755,0.006157,6.9852,1774047427306
gate,bybit,VANRYUSDT,0.005755,0.006157,6.9852,1774047427609
gate,bybit,VANRYUSDT,0.005755,0.006157,6.9852,1774047427913
gate,bybit,VANRYUSDT,0.005755,0.006157,6.9852,1774047428220
gate,bybit,VANRYUSDT,0.005755,0.006157,6.9852,1774047428521
gate,bybit,VANRYUSDT,0.005755,0.006157,6.9852,1774047428821
gate,bybit,VANRYUSDT,0.005755,0.006157,6.9852,1774047429122
gate,bybit,VANRYUSDT,0.005755,0.006157,6.9852,1774047429422
gate,bybit,VANRYUSDT,0.005755,0.006157,6.9852,1774047429723
gate,bybit,VANRYUSDT,0.005755,0.006157,6.9852,1774047430023
gate,bybit,VANRYUSDT,0.005755,0.006157,6.9852,1774047430323
gate,bybit,VANRYUSDT,0.005755,0.006157,6.9852,1774047430623
gate,bybit,VANRYUSDT,0.005755,0.006157,6.9852,1774047430935
gate,bybit,VANRYUSDT,0.005755,0.006157,6.9852,1774047431236
gate,bybit,VANRYUSDT,0.005755,0.006157,6.9852,1774047431537
gate,bybit,VANRYUSDT,0.005755,0.006157,6.9852,1774047431837
gate,bybit,VANRYUSDT,0.005755,0.006157,6.9852,1774047432137
gate,bybit,VANRYUSDT,0.005755,0.006157,6.9852,1774047432437
gate,bybit,VANRYUSDT,0.005755,0.006157,6.9852,1774047432738
gate,bybit,VANRYUSDT,0.005755,0.006157,6.9852,1774047433038
gate,bybit,VANRYUSDT,0.005755,0.006157,6.9852,1774047433338
gate,bybit,VANRYUSDT,0.005755,0.006157,6.9852,1774047433639
gate,bybit,VANRYUSDT,0.005755,0.006157,6.9852,1774047433939
gate,bybit,VANRYUSDT,0.005755,0.006157,6.9852,1774047434239
gate,bybit,VANRYUSDT,0.005755,0.006157,6.9852,1774047434539
gate,bybit,VANRYUSDT,0.005755,0.006157,6.9852,1774047434840
gate,bybit,VANRYUSDT,0.005755,0.006157,6.9852,1774047435140
gate,bybit,VANRYUSDT,0.005755,0.006157,6.9852,1774047435440
gate,bybit,VANRYUSDT,0.005755,0.006157,6.9852,1774047435740
gate,bybit,VANRYUSDT,0.005755,0.006157,6.9852,1774047436041
gate,bybit,VANRYUSDT,0.005755,0.006157,6.9852,1774047436343
gate,bybit,VANRYUSDT,0.005755,0.006157,6.9852,1774047436643
gate,bybit,VANRYUSDT,0.005755,0.006157,6.9852,1774047436943
gate,bybit,VANRYUSDT,0.005755,0.006157,6.9852,1774047437243
gate,bybit,VANRYUSDT,0.005755,0.006157,6.9852,1774047437543
gate,bybit,VANRYUSDT,0.005755,0.006157,6.9852,1774047437843
gate,bybit,VANRYUSDT,0.005755,0.006157,6.9852,1774047438144
gate,bybit,VANRYUSDT,0.005755,0.006157,6.9852,1774047438444
gate,bybit,VANRYUSDT,0.005755,0.006157,6.9852,1774047438744
gate,bybit,VANRYUSDT,0.005755,0.006157,6.9852,1774047439044
gate,bybit,VANRYUSDT,0.005755,0.006157,6.9852,1774047439344
gate,bybit,VANRYUSDT,0.005755,0.006157,6.9852,1774047439645
gate,bybit,VANRYUSDT,0.005755,0.006157,6.9852,1774047439945
gate,bybit,VANRYUSDT,0.005755,0.006157,6.9852,1774047440245
gate,bybit,VANRYUSDT,0.005755,0.006157,6.9852,1774047440546
gate,bybit,VANRYUSDT,0.005755,0.006157,6.9852,1774047440846
gate,bybit,VANRYUSDT,0.005755,0.006157,6.9852,1774047441146
gate,bybit,VANRYUSDT,0.005755,0.006157,6.9852,1774047441446
gate,bybit,VANRYUSDT,0.005755,0.006157,6.9852,1774047441746
gate,bybit,VANRYUSDT,0.005755,0.006157,6.9852,1774047442047
gate,bybit,VANRYUSDT,0.005755,0.006157,6.9852,1774047442347
gate,bybit,VANRYUSDT,0.005755,0.006157,6.9852,1774047442648
gate,bybit,VANRYUSDT,0.005755,0.006157,6.9852,1774047442950
gate,bybit,VANRYUSDT,0.005755,0.006157,6.9852,1774047443250
gate,bybit,VANRYUSDT,0.005755,0.006157,6.9852,1774047443551
gate,bybit,VANRYUSDT,0.005755,0.006156,6.9679,1774047443851
gate,bybit,VANRYUSDT,0.005755,0.006156,6.9679,1774047444151
gate,bybit,VANRYUSDT,0.005755,0.006156,6.9679,1774047444451
gate,bybit,VANRYUSDT,0.005755,0.006156,6.9679,1774047444752
gate,bybit,VANRYUSDT,0.005755,0.006156,6.9679,1774047445052
gate,bybit,VANRYUSDT,0.005755,0.006156,6.9679,1774047445352
