spot_exch,fut_exch,symbol,ask_spot,bid_futures,spread_pct,ts,s_b1,s_b2,s_b3,s_b4,s_b5,s_b6,s_b7,s_b8,s_b9,s_b10,s_bq1,s_bq2,s_bq3,s_bq4,s_bq5,s_bq6,s_bq7,s_bq8,s_bq9,s_bq10,s_a1,s_a2,s_a3,s_a4,s_a5,s_a6,s_a7,s_a8,s_a9,s_a10,s_aq1,s_aq2,s_aq3,s_aq4,s_aq5,s_aq6,s_aq7,s_aq8,s_aq9,s_aq10,f_b1,f_b2,f_b3,f_b4,f_b5,f_b6,f_b7,f_b8,f_b9,f_b10,f_bq1,f_bq2,f_bq3,f_bq4,f_bq5,f_bq6,f_bq7,f_bq8,f_bq9,f_bq10,f_a1,f_a2,f_a3,f_a4,f_a5,f_a6,f_a7,f_a8,f_a9,f_a10,f_aq1,f_aq2,f_aq3,f_aq4,f_aq5,f_aq6,f_aq7,f_aq8,f_aq9,f_aq10
binance,gate,FUNUSDT,0.00141700,0.03164,2132.8864,1774110670219,0.00141600,881391.00000000,0.00141500,674277.00000000,0.00141400,547164.00000000,0.00141300,251037.00000000,0.00141200,1226746.00000000,0.00141100,528672.00000000,0.00141000,87589.00000000,0.00140900,67774.00000000,0.00140800,75542.00000000,0.00140700,528475.00000000,0.00141700,4238.00000000,0.00141900,472802.00000000,0.00142000,8742.00000000,0.00142100,981194.00000000,0.00142200,806991.00000000,0.00142300,465281.00000000,0.00142500,826867.00000000,0.00142600,210887.00000000,0.00142700,733176.00000000,0.00142800,255369.00000000,0.03164,14,0.03163,103,0.03162,14,0.03161,71,0.0316,90,0.03158,15,0.03157,104,0.03155,15,0.03154,91,0.03151,103,0.03172,15,0.03173,103,0.03174,66,0.03175,15,0.03176,89,0.03178,15,0.03179,104,0.03182,16,0.03183,76,0.03185,15
binance,gate,FUNUSDT,0.00141700,0.03164,2132.8864,1774110670524,0.00141600,881391.00000000,0.00141500,674277.00000000,0.00141400,547164.00000000,0.00141300,251037.00000000,0.00141200,1226746.00000000,0.00141100,528672.00000000,0.00141000,87589.00000000,0.00140900,67774.00000000,0.00140800,75542.00000000,0.00140700,528475.00000000,0.00141700,4238.00000000,0.00141900,472802.00000000,0.00142000,8742.00000000,0.00142100,981194.00000000,0.00142200,806991.00000000,0.00142300,465281.00000000,0.00142500,826867.00000000,0.00142600,210887.00000000,0.00142700,733176.00000000,0.00142800,255369.00000000,0.03164,14,0.03163,103,0.03162,14,0.03161,71,0.0316,90,0.03158,15,0.03157,104,0.03155,15,0.03154,91,0.03151,103,0.03172,15,0.03173,103,0.03174,66,0.03175,15,0.03176,89,0.03178,15,0.03179,104,0.03182,16,0.03183,76,0.03185,15
binance,gate,FUNUSDT,0.00141700,0.03164,2132.8864,1774110670824,0.00141600,881391.00000000,0.00141500,674277.00000000,0.00141400,547164.00000000,0.00141300,251037.00000000,0.00141200,1226746.00000000,0.00141100,528672.00000000,0.00141000,87589.00000000,0.00140900,67774.00000000,0.00140800,75542.00000000,0.00140700,528475.00000000,0.00141700,4238.00000000,0.00141900,472802.00000000,0.00142000,8742.00000000,0.00142100,981194.00000000,0.00142200,806991.00000000,0.00142300,465281.00000000,0.00142500,826867.00000000,0.00142600,210887.00000000,0.00142700,733176.00000000,0.00142800,255369.00000000,0.03164,14,0.03163,103,0.03162,14,0.03161,71,0.0316,90,0.03158,15,0.03157,104,0.03155,15,0.03154,91,0.03151,103,0.03172,15,0.03173,103,0.03174,66,0.03175,15,0.03176,89,0.03178,15,0.03179,104,0.03182,16,0.03183,76,0.03185,15
binance,gate,FUNUSDT,0.00141700,0.03164,2132.8864,1774110671133,0.00141600,881391.00000000,0.00141500,674277.00000000,0.00141400,547164.00000000,0.00141300,251037.00000000,0.00141200,1226746.00000000,0.00141100,528672.00000000,0.00141000,87589.00000000,0.00140900,67774.00000000,0.00140800,75542.00000000,0.00140700,528475.00000000,0.00141700,4238.00000000,0.00141900,472802.00000000,0.00142000,8742.00000000,0.00142100,981194.00000000,0.00142200,806991.00000000,0.00142300,465281.00000000,0.00142500,826867.00000000,0.00142600,210887.00000000,0.00142700,733176.00000000,0.00142800,255369.00000000,0.03164,14,0.03163,103,0.03162,14,0.03161,71,0.0316,90,0.03158,15,0.03157,104,0.03155,15,0.03154,91,0.03151,103,0.03172,15,0.03173,103,0.03174,66,0.03175,15,0.03176,89,0.03178,15,0.03179,104,0.03182,16,0.03183,76,0.03185,15
binance,gate,FUNUSDT,0.00141700,0.03164,2132.8864,1774110671433,0.00141600,881391.00000000,0.00141500,674277.00000000,0.00141400,547164.00000000,0.00141300,251037.00000000,0.00141200,1226746.00000000,0.00141100,528672.00000000,0.00141000,87589.00000000,0.00140900,67774.00000000,0.00140800,75542.00000000,0.00140700,528475.00000000,0.00141700,4238.00000000,0.00141900,472802.00000000,0.00142000,8742.00000000,0.00142100,981194.00000000,0.00142200,806991.00000000,0.00142300,465281.00000000,0.00142500,826867.00000000,0.00142600,210887.00000000,0.00142700,733176.00000000,0.00142800,255369.00000000,0.03164,14,0.03163,103,0.03162,14,0.03161,71,0.0316,90,0.03158,15,0.03157,104,0.03155,15,0.03154,91,0.03151,103,0.03172,15,0.03173,103,0.03174,66,0.03175,15,0.03176,89,0.03178,15,0.03179,104,0.03182,16,0.03183,76,0.03185,15
binance,gate,FUNUSDT,0.00141700,0.03164,2132.8864,1774110671733,0.00141600,881391.00000000,0.00141500,674277.00000000,0.00141400,547164.00000000,0.00141300,251037.00000000,0.00141200,1226746.00000000,0.00141100,528672.00000000,0.00141000,87589.00000000,0.00140900,67774.00000000,0.00140800,75542.00000000,0.00140700,528475.00000000,0.00141700,4238.00000000,0.00141900,472802.00000000,0.00142000,8742.00000000,0.00142100,981194.00000000,0.00142200,806991.00000000,0.00142300,465281.00000000,0.00142500,826867.00000000,0.00142600,210887.00000000,0.00142700,733176.00000000,0.00142800,255369.00000000,0.03164,14,0.03163,103,0.03162,14,0.03161,71,0.0316,90,0.03158,15,0.03157,104,0.03155,15,0.03154,91,0.03151,103,0.03172,15,0.03173,103,0.03174,66,0.03175,15,0.03176,89,0.03178,15,0.03179,104,0.03182,16,0.03183,76,0.03185,15
binance,gate,FUNUSDT,0.00141700,0.03164,2132.8864,1774110672039,0.00141600,881391.00000000,0.00141500,674277.00000000,0.00141400,547164.00000000,0.00141300,251037.00000000,0.00141200,1226746.00000000,0.00141100,528672.00000000,0.00141000,87589.00000000,0.00140900,67774.00000000,0.00140800,75542.00000000,0.00140700,528475.00000000,0.00141700,4238.00000000,0.00141900,472802.00000000,0.00142000,8742.00000000,0.00142100,981194.00000000,0.00142200,806991.00000000,0.00142300,465281.00000000,0.00142500,826867.00000000,0.00142600,210887.00000000,0.00142700,733176.00000000,0.00142800,255369.00000000,0.03164,14,0.03163,103,0.03162,14,0.03161,71,0.0316,90,0.03158,15,0.03157,104,0.03155,15,0.03154,91,0.03151,103,0.03172,15,0.03173,103,0.03174,66,0.03175,15,0.03176,89,0.03178,15,0.03179,104,0.03182,16,0.03183,76,0.03185,15
binance,gate,FUNUSDT,0.00141700,0.03164,2132.8864,1774110672342,0.00141600,881391.00000000,0.00141500,674277.00000000,0.00141400,547164.00000000,0.00141300,251037.00000000,0.00141200,1226746.00000000,0.00141100,528672.00000000,0.00141000,87589.00000000,0.00140900,67774.00000000,0.00140800,75542.00000000,0.00140700,528475.00000000,0.00141700,4238.00000000,0.00141900,472802.00000000,0.00142000,8742.00000000,0.00142100,981194.00000000,0.00142200,806991.00000000,0.00142300,465281.00000000,0.00142500,826867.00000000,0.00142600,210887.00000000,0.00142700,733176.00000000,0.00142800,255369.00000000,0.03164,14,0.03163,103,0.03162,14,0.03161,71,0.0316,90,0.03158,15,0.03157,104,0.03155,15,0.03154,91,0.03151,103,0.03172,15,0.03173,103,0.03174,66,0.03175,15,0.03176,89,0.03178,15,0.03179,104,0.03182,16,0.03183,76,0.03185,15
binance,gate,FUNUSDT,0.00141700,0.03164,2132.8864,1774110672642,0.00141600,881391.00000000,0.00141500,674277.00000000,0.00141400,547164.00000000,0.00141300,251037.00000000,0.00141200,1226746.00000000,0.00141100,528672.00000000,0.00141000,87589.00000000,0.00140900,67774.00000000,0.00140800,75542.00000000,0.00140700,528475.00000000,0.00141700,4238.00000000,0.00141900,472802.00000000,0.00142000,8742.00000000,0.00142100,981194.00000000,0.00142200,806991.00000000,0.00142300,465281.00000000,0.00142500,826867.00000000,0.00142600,210887.00000000,0.00142700,733176.00000000,0.00142800,255369.00000000,0.03164,14,0.03163,103,0.03162,14,0.03161,71,0.0316,90,0.03158,15,0.03157,104,0.03155,15,0.03154,91,0.03151,103,0.03172,15,0.03173,103,0.03174,66,0.03175,15,0.03176,89,0.03178,15,0.03179,104,0.03182,16,0.03183,76,0.03185,15
binance,gate,FUNUSDT,0.00141700,0.03164,2132.8864,1774110672943,0.00141600,881391.00000000,0.00141500,674277.00000000,0.00141400,547164.00000000,0.00141300,251037.00000000,0.00141200,1226746.00000000,0.00141100,528672.00000000,0.00141000,87589.00000000,0.00140900,67774.00000000,0.00140800,75542.00000000,0.00140700,528475.00000000,0.00141700,4238.00000000,0.00141900,472802.00000000,0.00142000,8742.00000000,0.00142100,981194.00000000,0.00142200,806991.00000000,0.00142300,465281.00000000,0.00142500,826867.00000000,0.00142600,210887.00000000,0.00142700,733176.00000000,0.00142800,255369.00000000,0.03164,14,0.03163,103,0.03162,14,0.03161,71,0.0316,90,0.03158,15,0.03157,104,0.03155,15,0.03154,91,0.03151,103,0.03172,15,0.03173,103,0.03174,66,0.03175,15,0.03176,89,0.03178,15,0.03179,104,0.03182,16,0.03183,76,0.03185,15
binance,gate,FUNUSDT,0.00141700,0.03164,2132.8864,1774110673243,0.00141600,881391.00000000,0.00141500,674277.00000000,0.00141400,547164.00000000,0.00141300,251037.00000000,0.00141200,1226746.00000000,0.00141100,528672.00000000,0.00141000,87589.00000000,0.00140900,67774.00000000,0.00140800,75542.00000000,0.00140700,528475.00000000,0.00141700,4238.00000000,0.00141900,472802.00000000,0.00142000,8742.00000000,0.00142100,981194.00000000,0.00142200,806991.00000000,0.00142300,465281.00000000,0.00142500,826867.00000000,0.00142600,210887.00000000,0.00142700,733176.00000000,0.00142800,255369.00000000,0.03164,14,0.03163,103,0.03162,14,0.03161,71,0.0316,90,0.03158,15,0.03157,104,0.03155,15,0.03154,91,0.03151,103,0.03172,15,0.03173,103,0.03174,66,0.03175,15,0.03176,89,0.03178,15,0.03179,104,0.03182,16,0.03183,76,0.03185,15
binance,gate,FUNUSDT,0.00141700,0.03164,2132.8864,1774110673545,0.00141600,881391.00000000,0.00141500,674277.00000000,0.00141400,547164.00000000,0.00141300,251037.00000000,0.00141200,1226746.00000000,0.00141100,528672.00000000,0.00141000,87589.00000000,0.00140900,67774.00000000,0.00140800,75542.00000000,0.00140700,528475.00000000,0.00141700,4238.00000000,0.00141900,472802.00000000,0.00142000,8742.00000000,0.00142100,981194.00000000,0.00142200,806991.00000000,0.00142300,465281.00000000,0.00142500,826867.00000000,0.00142600,210887.00000000,0.00142700,733176.00000000,0.00142800,255369.00000000,0.03164,14,0.03163,103,0.03162,14,0.03161,71,0.0316,90,0.03158,15,0.03157,104,0.03155,15,0.03154,91,0.03151,103,0.03172,15,0.03173,103,0.03174,66,0.03175,15,0.03176,89,0.03178,15,0.03179,104,0.03182,16,0.03183,76,0.03185,15
binance,gate,FUNUSDT,0.00141700,0.03164,2132.8864,1774110673847,0.00141600,881391.00000000,0.00141500,674277.00000000,0.00141400,547164.00000000,0.00141300,251037.00000000,0.00141200,1226746.00000000,0.00141100,528672.00000000,0.00141000,87589.00000000,0.00140900,67774.00000000,0.00140800,75542.00000000,0.00140700,528475.00000000,0.00141700,4238.00000000,0.00141900,472802.00000000,0.00142000,8742.00000000,0.00142100,981194.00000000,0.00142200,806991.00000000,0.00142300,465281.00000000,0.00142500,826867.00000000,0.00142600,210887.00000000,0.00142700,733176.00000000,0.00142800,255369.00000000,0.03164,14,0.03163,103,0.03162,14,0.03161,71,0.0316,90,0.03158,15,0.03157,104,0.03155,15,0.03154,91,0.03151,103,0.03172,15,0.03173,103,0.03174,66,0.03175,15,0.03176,89,0.03178,15,0.03179,104,0.03182,16,0.03183,76,0.03185,15
binance,gate,FUNUSDT,0.00141700,0.03164,2132.8864,1774110674150,0.00141600,881391.00000000,0.00141500,674277.00000000,0.00141400,547164.00000000,0.00141300,251037.00000000,0.00141200,1226746.00000000,0.00141100,528672.00000000,0.00141000,87589.00000000,0.00140900,67774.00000000,0.00140800,75542.00000000,0.00140700,528475.00000000,0.00141700,4238.00000000,0.00141900,472802.00000000,0.00142000,8742.00000000,0.00142100,981194.00000000,0.00142200,806991.00000000,0.00142300,465281.00000000,0.00142500,826867.00000000,0.00142600,210887.00000000,0.00142700,733176.00000000,0.00142800,255369.00000000,0.03164,14,0.03163,103,0.03162,14,0.03161,71,0.0316,90,0.03158,15,0.03157,104,0.03155,15,0.03154,91,0.03151,103,0.03172,15,0.03173,103,0.03174,66,0.03175,15,0.03176,89,0.03178,15,0.03179,104,0.03182,16,0.03183,76,0.03185,15
binance,gate,FUNUSDT,0.00141700,0.03164,2132.8864,1774110674452,0.00141600,876325.00000000,0.00141500,674277.00000000,0.00141400,547164.00000000,0.00141300,251037.00000000,0.00141200,1226746.00000000,0.00141100,528672.00000000,0.00141000,87589.00000000,0.00140900,67774.00000000,0.00140800,75542.00000000,0.00140700,528475.00000000,0.00141700,4238.00000000,0.00141900,472802.00000000,0.00142000,8742.00000000,0.00142100,981194.00000000,0.00142200,806991.00000000,0.00142300,465281.00000000,0.00142500,826867.00000000,0.00142600,210887.00000000,0.00142700,733176.00000000,0.00142800,255369.00000000,0.03164,14,0.03163,103,0.03162,14,0.03161,71,0.0316,90,0.03158,15,0.03157,104,0.03155,15,0.03154,91,0.03151,103,0.03172,15,0.03173,103,0.03174,66,0.03175,15,0.03176,89,0.03178,15,0.03179,104,0.03182,16,0.03183,76,0.03185,15
binance,gate,FUNUSDT,0.00141700,0.03164,2132.8864,1774110674752,0.00141600,876325.00000000,0.00141500,674277.00000000,0.00141400,547164.00000000,0.00141300,251037.00000000,0.00141200,1226746.00000000,0.00141100,528672.00000000,0.00141000,87589.00000000,0.00140900,67774.00000000,0.00140800,75542.00000000,0.00140700,528475.00000000,0.00141700,4238.00000000,0.00141900,472802.00000000,0.00142000,8742.00000000,0.00142100,981194.00000000,0.00142200,806991.00000000,0.00142300,465281.00000000,0.00142500,826867.00000000,0.00142600,210887.00000000,0.00142700,733176.00000000,0.00142800,255369.00000000,0.03164,14,0.03163,103,0.03162,14,0.03161,71,0.0316,90,0.03158,15,0.03157,104,0.03155,15,0.03154,91,0.03151,103,0.03172,15,0.03173,103,0.03174,66,0.03175,15,0.03176,89,0.03178,15,0.03179,104,0.03182,16,0.03183,76,0.03185,15
binance,gate,FUNUSDT,0.00141700,0.03164,2132.8864,1774110675052,0.00141600,876325.00000000,0.00141500,674277.00000000,0.00141400,547164.00000000,0.00141300,251037.00000000,0.00141200,1226746.00000000,0.00141100,528672.00000000,0.00141000,87589.00000000,0.00140900,67774.00000000,0.00140800,75542.00000000,0.00140700,528475.00000000,0.00141700,4238.00000000,0.00141900,472802.00000000,0.00142000,8742.00000000,0.00142100,981194.00000000,0.00142200,806991.00000000,0.00142300,465281.00000000,0.00142500,826867.00000000,0.00142600,210887.00000000,0.00142700,733176.00000000,0.00142800,255369.00000000,0.03164,14,0.03163,103,0.03162,14,0.03161,71,0.0316,90,0.03158,15,0.03157,104,0.03155,15,0.03154,91,0.03151,103,0.03172,15,0.03173,103,0.03174,66,0.03175,15,0.03176,89,0.03178,15,0.03179,104,0.03182,16,0.03183,76,0.03185,15
binance,gate,FUNUSDT,0.00141700,0.03164,2132.8864,1774110675353,0.00141600,876325.00000000,0.00141500,674277.00000000,0.00141400,547164.00000000,0.00141300,251037.00000000,0.00141200,1226746.00000000,0.00141100,528672.00000000,0.00141000,87589.00000000,0.00140900,67774.00000000,0.00140800,75542.00000000,0.00140700,528475.00000000,0.00141700,4238.00000000,0.00141900,472802.00000000,0.00142000,8742.00000000,0.00142100,981194.00000000,0.00142200,806991.00000000,0.00142300,465281.00000000,0.00142500,826867.00000000,0.00142600,210887.00000000,0.00142700,733176.00000000,0.00142800,255369.00000000,0.03164,14,0.03163,103,0.03162,14,0.03161,71,0.0316,90,0.03158,15,0.03157,104,0.03155,15,0.03154,91,0.03151,103,0.03172,15,0.03173,169,0.03175,15,0.03176,89,0.03178,15,0.03179,104,0.03182,16,0.03183,76,0.03185,15,0.03186,91
binance,gate,FUNUSDT,0.00141700,0.03164,2132.8864,1774110675653,0.00141600,876325.00000000,0.00141500,674277.00000000,0.00141400,547164.00000000,0.00141300,251037.00000000,0.00141200,1226746.00000000,0.00141100,528672.00000000,0.00141000,87589.00000000,0.00140900,67774.00000000,0.00140800,75542.00000000,0.00140700,528475.00000000,0.00141700,4238.00000000,0.00141900,472802.00000000,0.00142000,8742.00000000,0.00142100,981194.00000000,0.00142200,806991.00000000,0.00142300,465281.00000000,0.00142500,826867.00000000,0.00142600,210887.00000000,0.00142700,733176.00000000,0.00142800,255369.00000000,0.03164,14,0.03163,103,0.03162,14,0.03161,71,0.0316,90,0.03158,15,0.03157,104,0.03155,15,0.03154,91,0.03151,103,0.03172,15,0.03173,169,0.03175,15,0.03176,89,0.03178,15,0.03179,104,0.03182,16,0.03183,76,0.03185,15,0.03186,91
binance,gate,FUNUSDT,0.00141700,0.03164,2132.8864,1774110675953,0.00141600,876325.00000000,0.00141500,674277.00000000,0.00141400,547164.00000000,0.00141300,251037.00000000,0.00141200,1226746.00000000,0.00141100,528672.00000000,0.00141000,87589.00000000,0.00140900,67774.00000000,0.00140800,75542.00000000,0.00140700,528475.00000000,0.00141700,4238.00000000,0.00141900,472802.00000000,0.00142000,8742.00000000,0.00142100,981194.00000000,0.00142200,806991.00000000,0.00142300,465281.00000000,0.00142500,826867.00000000,0.00142600,210887.00000000,0.00142700,733176.00000000,0.00142800,255369.00000000,0.03164,14,0.03163,103,0.03162,14,0.03161,71,0.0316,90,0.03158,15,0.03157,104,0.03155,15,0.03154,91,0.03151,103,0.03172,15,0.03173,169,0.03175,15,0.03176,89,0.03178,15,0.03179,104,0.03182,16,0.03183,76,0.03185,15,0.03186,91
binance,gate,FUNUSDT,0.00141700,0.03164,2132.8864,1774110676260,0.00141600,876325.00000000,0.00141500,674277.00000000,0.00141400,547164.00000000,0.00141300,251037.00000000,0.00141200,1226746.00000000,0.00141100,528672.00000000,0.00141000,87589.00000000,0.00140900,67774.00000000,0.00140800,75542.00000000,0.00140700,528475.00000000,0.00141700,4238.00000000,0.00141900,472802.00000000,0.00142000,8742.00000000,0.00142100,981194.00000000,0.00142200,806991.00000000,0.00142300,465281.00000000,0.00142500,826867.00000000,0.00142600,210887.00000000,0.00142700,733176.00000000,0.00142800,255369.00000000,0.03164,14,0.03163,103,0.03162,14,0.03161,71,0.0316,90,0.03158,15,0.03157,104,0.03155,15,0.03154,91,0.03151,103,0.03172,15,0.03173,169,0.03175,15,0.03176,89,0.03178,15,0.03179,104,0.03182,16,0.03183,76,0.03185,15,0.03186,91
binance,gate,FUNUSDT,0.00141700,0.03164,2132.8864,1774110676560,0.00141600,876325.00000000,0.00141500,674277.00000000,0.00141400,547164.00000000,0.00141300,251037.00000000,0.00141200,1226746.00000000,0.00141100,528672.00000000,0.00141000,87589.00000000,0.00140900,67774.00000000,0.00140800,75542.00000000,0.00140700,528475.00000000,0.00141700,4238.00000000,0.00141900,472802.00000000,0.00142000,8742.00000000,0.00142100,981194.00000000,0.00142200,806991.00000000,0.00142300,465281.00000000,0.00142500,826867.00000000,0.00142600,210887.00000000,0.00142700,733176.00000000,0.00142800,255369.00000000,0.03164,14,0.03163,103,0.03162,14,0.03161,71,0.0316,90,0.03158,15,0.03157,104,0.03155,15,0.03154,91,0.03151,103,0.03172,15,0.03173,169,0.03175,15,0.03176,89,0.03178,15,0.03179,104,0.03182,16,0.03183,76,0.03185,15,0.03186,91
binance,gate,FUNUSDT,0.00141700,0.03164,2132.8864,1774110676861,0.00141600,876325.00000000,0.00141500,674277.00000000,0.00141400,547164.00000000,0.00141300,251037.00000000,0.00141200,1226746.00000000,0.00141100,528672.00000000,0.00141000,87589.00000000,0.00140900,67774.00000000,0.00140800,75542.00000000,0.00140700,528475.00000000,0.00141700,4238.00000000,0.00141900,472802.00000000,0.00142000,8742.00000000,0.00142100,981194.00000000,0.00142200,806991.00000000,0.00142300,465281.00000000,0.00142500,826867.00000000,0.00142600,210887.00000000,0.00142700,733176.00000000,0.00142800,255369.00000000,0.03164,14,0.03163,103,0.03162,14,0.03161,71,0.0316,90,0.03158,15,0.03157,104,0.03155,15,0.03154,91,0.03151,103,0.03172,15,0.03173,169,0.03175,15,0.03176,89,0.03178,15,0.03179,104,0.03182,16,0.03183,76,0.03185,15,0.03186,91
binance,gate,FUNUSDT,0.00141700,0.03164,2132.8864,1774110677161,0.00141600,876325.00000000,0.00141500,674277.00000000,0.00141400,547164.00000000,0.00141300,251037.00000000,0.00141200,1226746.00000000,0.00141100,528672.00000000,0.00141000,87589.00000000,0.00140900,67774.00000000,0.00140800,75542.00000000,0.00140700,528475.00000000,0.00141700,4238.00000000,0.00141900,472802.00000000,0.00142000,8742.00000000,0.00142100,981194.00000000,0.00142200,806991.00000000,0.00142300,465281.00000000,0.00142500,826867.00000000,0.00142600,210887.00000000,0.00142700,733176.00000000,0.00142800,255369.00000000,0.03164,14,0.03163,103,0.03162,14,0.03161,71,0.0316,90,0.03158,15,0.03157,104,0.03155,15,0.03154,91,0.03151,103,0.03172,15,0.03173,169,0.03175,15,0.03176,89,0.03178,15,0.03179,104,0.03182,16,0.03183,76,0.03185,15,0.03186,91
binance,gate,FUNUSDT,0.00141700,0.03164,2132.8864,1774110677461,0.00141600,876325.00000000,0.00141500,674277.00000000,0.00141400,547164.00000000,0.00141300,251037.00000000,0.00141200,1226746.00000000,0.00141100,528672.00000000,0.00141000,87589.00000000,0.00140900,67774.00000000,0.00140800,75542.00000000,0.00140700,528475.00000000,0.00141700,4238.00000000,0.00141900,472802.00000000,0.00142000,8742.00000000,0.00142100,981194.00000000,0.00142200,806991.00000000,0.00142300,465281.00000000,0.00142500,826867.00000000,0.00142600,210887.00000000,0.00142700,733176.00000000,0.00142800,255369.00000000,0.03164,14,0.03163,103,0.03162,14,0.03161,71,0.0316,90,0.03158,15,0.03157,104,0.03155,15,0.03154,91,0.03151,103,0.03172,15,0.03173,169,0.03175,15,0.03176,89,0.03178,15,0.03179,104,0.03182,16,0.03183,76,0.03185,15,0.03186,91
binance,gate,FUNUSDT,0.00141700,0.03164,2132.8864,1774110677761,0.00141600,876325.00000000,0.00141500,674277.00000000,0.00141400,547164.00000000,0.00141300,251037.00000000,0.00141200,1226746.00000000,0.00141100,528672.00000000,0.00141000,87589.00000000,0.00140900,67774.00000000,0.00140800,75542.00000000,0.00140700,528475.00000000,0.00141700,4238.00000000,0.00141900,472802.00000000,0.00142000,8742.00000000,0.00142100,981194.00000000,0.00142200,806991.00000000,0.00142300,465281.00000000,0.00142500,826867.00000000,0.00142600,210887.00000000,0.00142700,733176.00000000,0.00142800,255369.00000000,0.03164,14,0.03163,103,0.03162,14,0.03161,71,0.0316,90,0.03158,15,0.03157,104,0.03155,15,0.03154,91,0.03151,103,0.03172,15,0.03173,169,0.03175,15,0.03176,89,0.03178,15,0.03179,104,0.03182,16,0.03183,76,0.03185,15,0.03186,91
binance,gate,FUNUSDT,0.00141700,0.03164,2132.8864,1774110678061,0.00141600,876325.00000000,0.00141500,674277.00000000,0.00141400,547164.00000000,0.00141300,251037.00000000,0.00141200,1226746.00000000,0.00141100,528672.00000000,0.00141000,87589.00000000,0.00140900,67774.00000000,0.00140800,75542.00000000,0.00140700,528475.00000000,0.00141700,4238.00000000,0.00141900,472802.00000000,0.00142000,8742.00000000,0.00142100,981194.00000000,0.00142200,806991.00000000,0.00142300,465281.00000000,0.00142500,826867.00000000,0.00142600,210887.00000000,0.00142700,733176.00000000,0.00142800,255369.00000000,0.03164,14,0.03163,103,0.03162,14,0.03161,71,0.0316,90,0.03158,15,0.03157,104,0.03155,15,0.03154,91,0.03151,103,0.03172,15,0.03173,169,0.03175,15,0.03176,89,0.03178,15,0.03179,104,0.03182,16,0.03183,76,0.03185,15,0.03186,91
binance,gate,FUNUSDT,0.00141700,0.03164,2132.8864,1774110678362,0.00141600,876325.00000000,0.00141500,674277.00000000,0.00141400,547164.00000000,0.00141300,251037.00000000,0.00141200,1226746.00000000,0.00141100,528672.00000000,0.00141000,87589.00000000,0.00140900,67774.00000000,0.00140800,75542.00000000,0.00140700,528475.00000000,0.00141700,4238.00000000,0.00141900,472802.00000000,0.00142000,8742.00000000,0.00142100,981194.00000000,0.00142200,806991.00000000,0.00142300,465281.00000000,0.00142500,826867.00000000,0.00142600,210887.00000000,0.00142700,733176.00000000,0.00142800,255369.00000000,0.03164,14,0.03163,103,0.03162,14,0.03161,71,0.0316,90,0.03158,15,0.03157,104,0.03155,15,0.03154,91,0.03151,103,0.03172,15,0.03173,169,0.03175,15,0.03176,89,0.03178,15,0.03179,104,0.03182,16,0.03183,76,0.03185,15,0.03186,91
binance,gate,FUNUSDT,0.00141700,0.03164,2132.8864,1774110678662,0.00141600,227320.00000000,0.00141500,878726.00000000,0.00141400,547164.00000000,0.00141300,251037.00000000,0.00141200,1226746.00000000,0.00141100,528672.00000000,0.00141000,87589.00000000,0.00140900,67774.00000000,0.00140800,75542.00000000,0.00140700,528475.00000000,0.00141700,4238.00000000,0.00141900,472802.00000000,0.00142000,8742.00000000,0.00142100,981194.00000000,0.00142200,806991.00000000,0.00142300,465281.00000000,0.00142500,826867.00000000,0.00142600,210887.00000000,0.00142700,733176.00000000,0.00142800,255369.00000000,0.03164,14,0.03163,103,0.03162,14,0.03161,71,0.0316,90,0.03158,15,0.03157,104,0.03155,15,0.03154,91,0.03151,103,0.03172,15,0.03173,169,0.03175,15,0.03176,89,0.03178,15,0.03179,104,0.03182,16,0.03183,76,0.03185,15,0.03186,91
binance,gate,FUNUSDT,0.00141700,0.03164,2132.8864,1774110678962,0.00141600,2177.00000000,0.00141500,878726.00000000,0.00141400,547164.00000000,0.00141300,251037.00000000,0.00141200,1015664.00000000,0.00141100,528672.00000000,0.00141000,87589.00000000,0.00140900,67774.00000000,0.00140800,75542.00000000,0.00140700,528475.00000000,0.00141700,4238.00000000,0.00141900,472802.00000000,0.00142000,8742.00000000,0.00142100,981194.00000000,0.00142200,806991.00000000,0.00142300,465281.00000000,0.00142500,826867.00000000,0.00142600,210887.00000000,0.00142700,733176.00000000,0.00142800,255369.00000000,0.03164,14,0.03163,103,0.03162,14,0.03161,71,0.0316,90,0.03158,15,0.03157,104,0.03155,15,0.03154,91,0.03151,103,0.03172,15,0.03173,169,0.03175,15,0.03176,89,0.03178,15,0.03179,104,0.03182,16,0.03183,76,0.03185,15,0.03186,91
binance,gate,FUNUSDT,0.00141700,0.03164,2132.8864,1774110679263,0.00141600,2177.00000000,0.00141500,878726.00000000,0.00141400,547164.00000000,0.00141300,251037.00000000,0.00141200,1015664.00000000,0.00141100,528672.00000000,0.00141000,87589.00000000,0.00140900,67774.00000000,0.00140800,75542.00000000,0.00140700,528475.00000000,0.00141700,4238.00000000,0.00141900,472802.00000000,0.00142000,8742.00000000,0.00142100,981194.00000000,0.00142200,806991.00000000,0.00142300,465281.00000000,0.00142500,826867.00000000,0.00142600,210887.00000000,0.00142700,733176.00000000,0.00142800,255369.00000000,0.03164,14,0.03163,103,0.03162,14,0.03161,71,0.0316,90,0.03158,15,0.03157,104,0.03155,15,0.03154,91,0.03151,103,0.03172,15,0.03173,169,0.03175,15,0.03176,89,0.03178,15,0.03179,104,0.03182,16,0.03183,76,0.03185,15,0.03186,91
binance,gate,FUNUSDT,0.00141700,0.03164,2132.8864,1774110679564,0.00141600,2177.00000000,0.00141500,878726.00000000,0.00141400,547164.00000000,0.00141300,251037.00000000,0.00141200,1015664.00000000,0.00141100,528672.00000000,0.00141000,87589.00000000,0.00140900,67774.00000000,0.00140800,75542.00000000,0.00140700,528475.00000000,0.00141700,4238.00000000,0.00141900,472802.00000000,0.00142000,8742.00000000,0.00142100,981194.00000000,0.00142200,806991.00000000,0.00142300,465281.00000000,0.00142500,826867.00000000,0.00142600,210887.00000000,0.00142700,733176.00000000,0.00142800,255369.00000000,0.03164,14,0.03163,103,0.03162,14,0.03161,71,0.0316,90,0.03158,15,0.03157,104,0.03155,15,0.03154,91,0.03151,103,0.03172,15,0.03173,169,0.03175,15,0.03176,89,0.03178,15,0.03179,104,0.03182,16,0.03183,76,0.03185,15,0.03186,91
binance,gate,FUNUSDT,0.00141700,0.03164,2132.8864,1774110679864,0.00141600,2177.00000000,0.00141500,878726.00000000,0.00141400,547164.00000000,0.00141300,251037.00000000,0.00141200,1015664.00000000,0.00141100,528672.00000000,0.00141000,87589.00000000,0.00140900,67774.00000000,0.00140800,75542.00000000,0.00140700,528475.00000000,0.00141700,4238.00000000,0.00141900,472802.00000000,0.00142000,8742.00000000,0.00142100,981194.00000000,0.00142200,806991.00000000,0.00142300,465281.00000000,0.00142500,826867.00000000,0.00142600,210887.00000000,0.00142700,733176.00000000,0.00142800,255369.00000000,0.03164,14,0.03163,103,0.03162,14,0.03161,71,0.0316,90,0.03158,15,0.03157,104,0.03155,15,0.03154,91,0.03151,103,0.03172,15,0.03173,169,0.03175,15,0.03176,89,0.03178,15,0.03179,104,0.03182,16,0.03183,76,0.03185,15,0.03186,91
binance,gate,FUNUSDT,0.00141700,0.03164,2132.8864,1774110680166,0.00141600,2177.00000000,0.00141500,878726.00000000,0.00141400,547164.00000000,0.00141300,251037.00000000,0.00141200,1015664.00000000,0.00141100,528672.00000000,0.00141000,87589.00000000,0.00140900,67774.00000000,0.00140800,75542.00000000,0.00140700,528475.00000000,0.00141700,4238.00000000,0.00141900,472802.00000000,0.00142000,8742.00000000,0.00142100,981194.00000000,0.00142200,806991.00000000,0.00142300,465281.00000000,0.00142500,826867.00000000,0.00142600,210887.00000000,0.00142700,733176.00000000,0.00142800,255369.00000000,0.03164,14,0.03163,103,0.03162,14,0.03161,71,0.0316,90,0.03158,15,0.03157,104,0.03155,15,0.03154,91,0.03151,103,0.03172,15,0.03173,169,0.03175,15,0.03176,89,0.03178,15,0.03179,104,0.03182,16,0.03183,76,0.03185,15,0.03186,91
binance,gate,FUNUSDT,0.00141700,0.03164,2132.8864,1774110680466,0.00141600,2177.00000000,0.00141500,878726.00000000,0.00141400,547164.00000000,0.00141300,251037.00000000,0.00141200,1015664.00000000,0.00141100,528672.00000000,0.00141000,87589.00000000,0.00140900,67774.00000000,0.00140800,75542.00000000,0.00140700,528475.00000000,0.00141700,4238.00000000,0.00141900,472802.00000000,0.00142000,8742.00000000,0.00142100,981194.00000000,0.00142200,806991.00000000,0.00142300,465281.00000000,0.00142500,826867.00000000,0.00142600,210887.00000000,0.00142700,733176.00000000,0.00142800,255369.00000000,0.03164,14,0.03163,103,0.03162,14,0.03161,71,0.0316,90,0.03158,15,0.03157,104,0.03155,15,0.03154,91,0.03151,103,0.03172,15,0.03173,169,0.03175,15,0.03176,89,0.03178,15,0.03179,104,0.03182,16,0.03183,76,0.03185,15,0.03186,91
binance,gate,FUNUSDT,0.00141700,0.03164,2132.8864,1774110680767,0.00141600,2177.00000000,0.00141500,878726.00000000,0.00141400,547164.00000000,0.00141300,251037.00000000,0.00141200,1015664.00000000,0.00141100,528672.00000000,0.00141000,87589.00000000,0.00140900,67774.00000000,0.00140800,75542.00000000,0.00140700,528475.00000000,0.00141700,4238.00000000,0.00141900,472802.00000000,0.00142000,8742.00000000,0.00142100,981194.00000000,0.00142200,806991.00000000,0.00142300,465281.00000000,0.00142500,826867.00000000,0.00142600,210887.00000000,0.00142700,733176.00000000,0.00142800,255369.00000000,0.03164,14,0.03163,103,0.03162,14,0.03161,71,0.0316,90,0.03158,15,0.03157,104,0.03155,15,0.03154,91,0.03151,103,0.03172,15,0.03173,169,0.03175,15,0.03176,89,0.03178,15,0.03179,104,0.03182,16,0.03183,76,0.03185,15,0.03186,91
binance,gate,FUNUSDT,0.00141700,0.03164,2132.8864,1774110681068,0.00141600,2177.00000000,0.00141500,878726.00000000,0.00141400,547164.00000000,0.00141300,251037.00000000,0.00141200,1015664.00000000,0.00141100,741433.00000000,0.00141000,87589.00000000,0.00140900,67774.00000000,0.00140800,75542.00000000,0.00140700,528475.00000000,0.00141700,4238.00000000,0.00141900,472802.00000000,0.00142000,8742.00000000,0.00142100,981194.00000000,0.00142200,806991.00000000,0.00142300,465281.00000000,0.00142500,826867.00000000,0.00142600,210887.00000000,0.00142700,733176.00000000,0.00142800,255369.00000000,0.03164,14,0.03163,103,0.03162,14,0.03161,14,0.0316,90,0.03159,57,0.03158,15,0.03157,104,0.03155,15,0.03154,91,0.03172,15,0.03173,169,0.03175,15,0.03176,89,0.03178,15,0.03179,104,0.03182,16,0.03183,76,0.03185,15,0.03186,91
binance,gate,FUNUSDT,0.00141700,0.03164,2132.8864,1774110681368,0.00141600,2177.00000000,0.00141500,878726.00000000,0.00141400,547164.00000000,0.00141300,251037.00000000,0.00141200,1015664.00000000,0.00141100,741433.00000000,0.00141000,87589.00000000,0.00140900,67774.00000000,0.00140800,75542.00000000,0.00140700,528475.00000000,0.00141700,4238.00000000,0.00141900,472802.00000000,0.00142000,8742.00000000,0.00142100,981194.00000000,0.00142200,806991.00000000,0.00142300,465281.00000000,0.00142500,826867.00000000,0.00142600,210887.00000000,0.00142700,733176.00000000,0.00142800,255369.00000000,0.03164,14,0.03163,103,0.03162,14,0.03161,14,0.0316,90,0.03159,57,0.03158,15,0.03157,104,0.03155,15,0.03154,91,0.03172,15,0.03173,169,0.03175,15,0.03176,89,0.03178,15,0.03179,104,0.03182,16,0.03183,76,0.03185,15,0.03186,91
binance,gate,FUNUSDT,0.00141700,0.03164,2132.8864,1774110681668,0.00141600,2177.00000000,0.00141500,878726.00000000,0.00141400,547164.00000000,0.00141300,251037.00000000,0.00141200,1015664.00000000,0.00141100,741433.00000000,0.00141000,87589.00000000,0.00140900,67774.00000000,0.00140800,75542.00000000,0.00140700,528475.00000000,0.00141700,4238.00000000,0.00141900,472802.00000000,0.00142000,8742.00000000,0.00142100,981194.00000000,0.00142200,806991.00000000,0.00142300,465281.00000000,0.00142500,826867.00000000,0.00142600,210887.00000000,0.00142700,733176.00000000,0.00142800,255369.00000000,0.03164,14,0.03163,103,0.03162,14,0.03161,14,0.0316,90,0.03159,57,0.03158,15,0.03157,104,0.03155,15,0.03154,91,0.03172,15,0.03173,169,0.03175,15,0.03176,89,0.03178,15,0.03179,104,0.03182,16,0.03183,76,0.03185,15,0.03186,91
binance,gate,FUNUSDT,0.00141700,0.03164,2132.8864,1774110681968,0.00141600,2177.00000000,0.00141500,878726.00000000,0.00141400,547164.00000000,0.00141300,251037.00000000,0.00141200,1015664.00000000,0.00141100,741433.00000000,0.00141000,87589.00000000,0.00140900,67774.00000000,0.00140800,75542.00000000,0.00140700,528475.00000000,0.00141700,4238.00000000,0.00141900,472802.00000000,0.00142000,8742.00000000,0.00142100,981194.00000000,0.00142200,806991.00000000,0.00142300,465281.00000000,0.00142500,826867.00000000,0.00142600,210887.00000000,0.00142700,733176.00000000,0.00142800,255369.00000000,0.03164,14,0.03163,103,0.03162,14,0.03161,71,0.0316,90,0.03158,15,0.03157,104,0.03155,15,0.03154,91,0.03151,103,0.03171,14,0.03172,81,0.03173,103,0.03175,15,0.03176,89,0.03178,15,0.03179,104,0.03182,16,0.03183,76,0.03185,15
binance,gate,FUNUSDT,0.00141700,0.03164,2132.8864,1774110682269,0.00141600,2177.00000000,0.00141500,878726.00000000,0.00141400,547164.00000000,0.00141300,251037.00000000,0.00141200,1015664.00000000,0.00141100,741433.00000000,0.00141000,87589.00000000,0.00140900,67774.00000000,0.00140800,75542.00000000,0.00140700,528475.00000000,0.00141700,4238.00000000,0.00141900,472802.00000000,0.00142000,8742.00000000,0.00142100,981194.00000000,0.00142200,806991.00000000,0.00142300,465281.00000000,0.00142500,826867.00000000,0.00142600,210887.00000000,0.00142700,733176.00000000,0.00142800,255369.00000000,0.03164,14,0.03163,103,0.03162,14,0.03161,71,0.0316,90,0.03158,15,0.03157,104,0.03155,15,0.03154,91,0.03151,103,0.03171,14,0.03172,81,0.03173,103,0.03175,15,0.03176,89,0.03178,15,0.03179,104,0.03182,16,0.03183,76,0.03185,15
binance,gate,FUNUSDT,0.00141700,0.03164,2132.8864,1774110682569,0.00141600,2177.00000000,0.00141500,878726.00000000,0.00141400,547164.00000000,0.00141300,251037.00000000,0.00141200,1015664.00000000,0.00141100,741433.00000000,0.00141000,87589.00000000,0.00140900,67774.00000000,0.00140800,75542.00000000,0.00140700,528475.00000000,0.00141700,4238.00000000,0.00141900,472802.00000000,0.00142000,8742.00000000,0.00142100,981194.00000000,0.00142200,806991.00000000,0.00142300,465281.00000000,0.00142500,826867.00000000,0.00142600,210887.00000000,0.00142700,733176.00000000,0.00142800,255369.00000000,0.03164,14,0.03163,103,0.03162,14,0.03161,71,0.0316,90,0.03158,15,0.03157,104,0.03155,15,0.03154,91,0.03151,103,0.03171,14,0.03172,81,0.03173,103,0.03175,15,0.03176,89,0.03178,15,0.03179,104,0.03182,16,0.03183,76,0.03185,15
binance,gate,FUNUSDT,0.00141700,0.03164,2132.8864,1774110682869,0.00141600,2177.00000000,0.00141500,878726.00000000,0.00141400,547164.00000000,0.00141300,251037.00000000,0.00141200,1015664.00000000,0.00141100,741433.00000000,0.00141000,87589.00000000,0.00140900,67774.00000000,0.00140800,75542.00000000,0.00140700,528475.00000000,0.00141700,4238.00000000,0.00141900,472802.00000000,0.00142000,8742.00000000,0.00142100,981194.00000000,0.00142200,806991.00000000,0.00142300,465281.00000000,0.00142500,826867.00000000,0.00142600,210887.00000000,0.00142700,733176.00000000,0.00142800,255369.00000000,0.03164,14,0.03163,103,0.03162,14,0.03161,71,0.0316,90,0.03158,15,0.03157,104,0.03155,15,0.03154,91,0.03151,103,0.03171,14,0.03172,81,0.03173,103,0.03175,15,0.03176,89,0.03178,15,0.03179,104,0.03182,16,0.03183,76,0.03185,15
binance,gate,FUNUSDT,0.00141700,0.03164,2132.8864,1774110683170,0.00141600,2177.00000000,0.00141500,878726.00000000,0.00141400,547164.00000000,0.00141300,251037.00000000,0.00141200,1015664.00000000,0.00141100,741433.00000000,0.00141000,87589.00000000,0.00140900,67774.00000000,0.00140800,75542.00000000,0.00140700,528475.00000000,0.00141700,4238.00000000,0.00141900,472802.00000000,0.00142000,8742.00000000,0.00142100,981194.00000000,0.00142200,806991.00000000,0.00142300,465281.00000000,0.00142500,826867.00000000,0.00142600,210887.00000000,0.00142700,733176.00000000,0.00142800,255369.00000000,0.03164,14,0.03163,103,0.03162,14,0.03161,71,0.0316,90,0.03158,15,0.03157,104,0.03155,15,0.03154,91,0.03151,103,0.03171,14,0.03172,81,0.03173,103,0.03175,15,0.03176,89,0.03178,15,0.03179,104,0.03182,16,0.03183,76,0.03185,15
binance,gate,FUNUSDT,0.00141700,0.03164,2132.8864,1774110683471,0.00141600,2177.00000000,0.00141500,878726.00000000,0.00141400,547164.00000000,0.00141300,251037.00000000,0.00141200,1015664.00000000,0.00141100,741433.00000000,0.00141000,87589.00000000,0.00140900,67774.00000000,0.00140800,75542.00000000,0.00140700,528475.00000000,0.00141700,4238.00000000,0.00141900,472802.00000000,0.00142000,8742.00000000,0.00142100,981194.00000000,0.00142200,806991.00000000,0.00142300,465281.00000000,0.00142500,826867.00000000,0.00142600,210887.00000000,0.00142700,733176.00000000,0.00142800,255369.00000000,0.03164,14,0.03163,103,0.03162,14,0.03161,71,0.0316,90,0.03158,15,0.03157,104,0.03155,15,0.03154,91,0.03151,103,0.03171,14,0.03172,81,0.03173,103,0.03175,15,0.03176,89,0.03178,15,0.03179,104,0.03182,16,0.03183,76,0.03185,15
binance,gate,FUNUSDT,0.00141700,0.03164,2132.8864,1774110683771,0.00141600,2177.00000000,0.00141500,878726.00000000,0.00141400,547164.00000000,0.00141300,251037.00000000,0.00141200,1015664.00000000,0.00141100,741433.00000000,0.00141000,87589.00000000,0.00140900,67774.00000000,0.00140800,75542.00000000,0.00140700,528475.00000000,0.00141700,4238.00000000,0.00141900,472802.00000000,0.00142000,8742.00000000,0.00142100,981194.00000000,0.00142200,806991.00000000,0.00142300,465281.00000000,0.00142500,826867.00000000,0.00142600,210887.00000000,0.00142700,733176.00000000,0.00142800,255369.00000000,0.03164,14,0.03163,103,0.03161,14,0.0316,90,0.03158,15,0.03157,161,0.03155,15,0.03154,91,0.03151,103,0.03149,14,0.03171,14,0.03172,81,0.03173,103,0.03175,15,0.03176,89,0.03178,15,0.03179,104,0.03182,16,0.03183,76,0.03185,15
binance,gate,FUNUSDT,0.00141700,0.03164,2132.8864,1774110684072,0.00141600,2177.00000000,0.00141500,878726.00000000,0.00141400,547164.00000000,0.00141300,251037.00000000,0.00141200,1015664.00000000,0.00141100,741433.00000000,0.00141000,87589.00000000,0.00140900,67774.00000000,0.00140800,75542.00000000,0.00140700,528475.00000000,0.00141700,4238.00000000,0.00141900,472802.00000000,0.00142000,8742.00000000,0.00142100,981194.00000000,0.00142200,806991.00000000,0.00142300,465281.00000000,0.00142500,826867.00000000,0.00142600,210887.00000000,0.00142700,733176.00000000,0.00142800,255369.00000000,0.03164,14,0.03163,103,0.03161,71,0.0316,90,0.03158,15,0.03157,104,0.03155,15,0.03154,91,0.03151,103,0.03149,14,0.03171,14,0.03172,81,0.03173,103,0.03175,15,0.03176,89,0.03178,15,0.03179,104,0.03182,16,0.03183,76,0.03185,15
binance,gate,FUNUSDT,0.00141700,0.03164,2132.8864,1774110684372,0.00141600,2177.00000000,0.00141500,878726.00000000,0.00141400,547164.00000000,0.00141300,251037.00000000,0.00141200,1015664.00000000,0.00141100,741433.00000000,0.00141000,87589.00000000,0.00140900,67774.00000000,0.00140800,75542.00000000,0.00140700,528475.00000000,0.00141700,4238.00000000,0.00141900,472802.00000000,0.00142000,8742.00000000,0.00142100,981194.00000000,0.00142200,806991.00000000,0.00142300,465281.00000000,0.00142500,826867.00000000,0.00142600,210887.00000000,0.00142700,733176.00000000,0.00142800,255369.00000000,0.03164,14,0.03163,103,0.03161,71,0.0316,90,0.03158,15,0.03157,104,0.03155,15,0.03154,91,0.03151,103,0.03149,14,0.03171,14,0.03172,81,0.03173,103,0.03175,15,0.03176,89,0.03178,15,0.03179,104,0.03182,16,0.03183,76,0.03185,15
binance,gate,FUNUSDT,0.00141700,0.03164,2132.8864,1774110684672,0.00141600,2177.00000000,0.00141500,878726.00000000,0.00141400,547164.00000000,0.00141300,251037.00000000,0.00141200,1015664.00000000,0.00141100,741433.00000000,0.00141000,87589.00000000,0.00140900,67774.00000000,0.00140800,75542.00000000,0.00140700,528475.00000000,0.00141700,4238.00000000,0.00141900,472802.00000000,0.00142000,8742.00000000,0.00142100,981194.00000000,0.00142200,806991.00000000,0.00142300,465281.00000000,0.00142500,826867.00000000,0.00142600,210887.00000000,0.00142700,733176.00000000,0.00142800,255369.00000000,0.03164,14,0.03163,103,0.03161,71,0.0316,90,0.03158,15,0.03157,104,0.03155,15,0.03154,91,0.03151,103,0.03149,14,0.03171,14,0.03172,81,0.03173,103,0.03175,15,0.03176,89,0.03178,15,0.03179,104,0.03182,16,0.03183,76,0.03185,15
binance,gate,FUNUSDT,0.00141700,0.03164,2132.8864,1774110684972,0.00141600,2177.00000000,0.00141500,878726.00000000,0.00141400,547164.00000000,0.00141300,251037.00000000,0.00141200,1015664.00000000,0.00141100,741433.00000000,0.00141000,87589.00000000,0.00140900,67774.00000000,0.00140800,75542.00000000,0.00140700,528475.00000000,0.00141700,4238.00000000,0.00141900,472802.00000000,0.00142000,8742.00000000,0.00142100,981194.00000000,0.00142200,806991.00000000,0.00142300,465281.00000000,0.00142500,826867.00000000,0.00142600,210887.00000000,0.00142700,733176.00000000,0.00142800,255369.00000000,0.03164,14,0.03163,103,0.03161,71,0.0316,90,0.03158,15,0.03157,104,0.03155,15,0.03154,91,0.03151,103,0.03149,14,0.03171,14,0.03172,81,0.03173,103,0.03175,15,0.03176,89,0.03178,15,0.03179,104,0.03182,16,0.03183,76,0.03185,15
binance,gate,FUNUSDT,0.00141700,0.03164,2132.8864,1774110685272,0.00141600,2177.00000000,0.00141500,878726.00000000,0.00141400,547164.00000000,0.00141300,251037.00000000,0.00141200,1015664.00000000,0.00141100,741433.00000000,0.00141000,87589.00000000,0.00140900,67774.00000000,0.00140800,75542.00000000,0.00140700,528475.00000000,0.00141700,4238.00000000,0.00141900,472802.00000000,0.00142000,8742.00000000,0.00142100,981194.00000000,0.00142200,806991.00000000,0.00142300,465281.00000000,0.00142500,826867.00000000,0.00142600,210887.00000000,0.00142700,733176.00000000,0.00142800,255369.00000000,0.03164,14,0.03163,103,0.03161,71,0.0316,90,0.03158,15,0.03157,104,0.03155,15,0.03154,91,0.03151,103,0.03149,14,0.03171,14,0.03172,81,0.03173,103,0.03175,15,0.03176,89,0.03178,15,0.03179,104,0.03182,16,0.03183,76,0.03185,15
binance,gate,FUNUSDT,0.00141700,0.03164,2132.8864,1774110685572,0.00141600,2177.00000000,0.00141500,878726.00000000,0.00141400,547164.00000000,0.00141300,251037.00000000,0.00141200,1015664.00000000,0.00141100,741433.00000000,0.00141000,87589.00000000,0.00140900,67774.00000000,0.00140800,75542.00000000,0.00140700,528475.00000000,0.00141700,4238.00000000,0.00141900,472802.00000000,0.00142000,8742.00000000,0.00142100,981194.00000000,0.00142200,806991.00000000,0.00142300,465281.00000000,0.00142500,826867.00000000,0.00142600,210887.00000000,0.00142700,733176.00000000,0.00142800,255369.00000000,0.03164,14,0.03163,103,0.03161,71,0.0316,90,0.03158,15,0.03157,104,0.03155,15,0.03154,91,0.03151,103,0.03149,14,0.03171,14,0.03172,81,0.03173,103,0.03175,15,0.03176,89,0.03178,15,0.03179,104,0.03182,16,0.03183,76,0.03185,15
binance,gate,FUNUSDT,0.00141700,0.03164,2132.8864,1774110685873,0.00141600,2177.00000000,0.00141500,878726.00000000,0.00141400,547164.00000000,0.00141300,251037.00000000,0.00141200,1015664.00000000,0.00141100,741433.00000000,0.00141000,87589.00000000,0.00140900,67774.00000000,0.00140800,75542.00000000,0.00140700,528475.00000000,0.00141700,4238.00000000,0.00141900,472802.00000000,0.00142000,8742.00000000,0.00142100,981194.00000000,0.00142200,806991.00000000,0.00142300,465281.00000000,0.00142500,826867.00000000,0.00142600,210887.00000000,0.00142700,733176.00000000,0.00142800,255369.00000000,0.03164,14,0.03163,103,0.03161,71,0.0316,90,0.03158,15,0.03157,104,0.03155,15,0.03154,91,0.03151,103,0.03149,14,0.03171,14,0.03172,81,0.03173,103,0.03175,15,0.03176,89,0.03178,15,0.03179,104,0.03182,16,0.03183,76,0.03185,15
binance,gate,FUNUSDT,0.00141700,0.03164,2132.8864,1774110686173,0.00141600,2177.00000000,0.00141500,878726.00000000,0.00141400,547164.00000000,0.00141300,251037.00000000,0.00141200,1015664.00000000,0.00141100,741433.00000000,0.00141000,87589.00000000,0.00140900,67774.00000000,0.00140800,75542.00000000,0.00140700,528475.00000000,0.00141700,4238.00000000,0.00141900,472802.00000000,0.00142000,8742.00000000,0.00142100,981194.00000000,0.00142200,806991.00000000,0.00142300,465281.00000000,0.00142500,826867.00000000,0.00142600,210887.00000000,0.00142700,733176.00000000,0.00142800,255369.00000000,0.03164,14,0.03163,103,0.03161,71,0.0316,90,0.03158,15,0.03157,104,0.03155,15,0.03154,91,0.03151,103,0.03149,14,0.03171,14,0.03172,81,0.03173,103,0.03175,15,0.03176,89,0.03178,15,0.03179,104,0.03182,16,0.03183,76,0.03185,15
binance,gate,FUNUSDT,0.00141700,0.03164,2132.8864,1774110686475,0.00141600,2177.00000000,0.00141500,878726.00000000,0.00141400,547164.00000000,0.00141300,251037.00000000,0.00141200,1015664.00000000,0.00141100,741433.00000000,0.00141000,87589.00000000,0.00140900,67774.00000000,0.00140800,75542.00000000,0.00140700,528475.00000000,0.00141700,4238.00000000,0.00141900,472802.00000000,0.00142000,8742.00000000,0.00142100,981194.00000000,0.00142200,806991.00000000,0.00142300,465281.00000000,0.00142500,826867.00000000,0.00142600,210887.00000000,0.00142700,733176.00000000,0.00142800,255369.00000000,0.03164,14,0.03163,103,0.03161,71,0.0316,90,0.03158,15,0.03157,104,0.03155,15,0.03154,91,0.03151,103,0.03149,14,0.03171,14,0.03172,81,0.03173,103,0.03175,15,0.03176,89,0.03178,15,0.03179,104,0.03182,16,0.03183,76,0.03185,15
binance,gate,FUNUSDT,0.00141700,0.03164,2132.8864,1774110686775,0.00141600,2177.00000000,0.00141500,878726.00000000,0.00141400,547164.00000000,0.00141300,251037.00000000,0.00141200,1015664.00000000,0.00141100,741433.00000000,0.00141000,87589.00000000,0.00140900,67774.00000000,0.00140800,75542.00000000,0.00140700,528475.00000000,0.00141700,4238.00000000,0.00141900,472802.00000000,0.00142000,8742.00000000,0.00142100,981194.00000000,0.00142200,806991.00000000,0.00142300,465281.00000000,0.00142500,826867.00000000,0.00142600,210887.00000000,0.00142700,733176.00000000,0.00142800,255369.00000000,0.03164,14,0.03163,103,0.03161,71,0.0316,90,0.03158,15,0.03157,104,0.03155,15,0.03154,91,0.03151,103,0.03149,14,0.03171,14,0.03172,81,0.03173,103,0.03175,15,0.03176,89,0.03178,15,0.03179,104,0.03182,16,0.03183,76,0.03185,15
binance,gate,FUNUSDT,0.00141700,0.03164,2132.8864,1774110687085,0.00141600,2177.00000000,0.00141500,878726.00000000,0.00141400,547164.00000000,0.00141300,251037.00000000,0.00141200,1015664.00000000,0.00141100,741433.00000000,0.00141000,87589.00000000,0.00140900,67774.00000000,0.00140800,75542.00000000,0.00140700,528475.00000000,0.00141700,4238.00000000,0.00141900,472802.00000000,0.00142000,8742.00000000,0.00142100,981194.00000000,0.00142200,806991.00000000,0.00142300,465281.00000000,0.00142500,826867.00000000,0.00142600,210887.00000000,0.00142700,733176.00000000,0.00142800,255369.00000000,0.03164,14,0.03163,103,0.03161,71,0.0316,90,0.03158,15,0.03157,104,0.03155,15,0.03154,91,0.03151,103,0.03149,14,0.03171,14,0.03172,81,0.03173,103,0.03175,15,0.03176,89,0.03178,15,0.03179,104,0.03182,16,0.03183,76,0.03185,15
binance,gate,FUNUSDT,0.00141700,0.03164,2132.8864,1774110687388,0.00141600,2177.00000000,0.00141500,878726.00000000,0.00141400,547164.00000000,0.00141300,251037.00000000,0.00141200,1015664.00000000,0.00141100,741433.00000000,0.00141000,87589.00000000,0.00140900,67774.00000000,0.00140800,75542.00000000,0.00140700,528475.00000000,0.00141700,4238.00000000,0.00141900,472802.00000000,0.00142000,8742.00000000,0.00142100,981194.00000000,0.00142200,806991.00000000,0.00142300,465281.00000000,0.00142500,826867.00000000,0.00142600,210887.00000000,0.00142700,733176.00000000,0.00142800,255369.00000000,0.03164,14,0.03163,103,0.03161,71,0.0316,90,0.03158,15,0.03157,104,0.03155,15,0.03154,91,0.03151,103,0.03149,14,0.03171,14,0.03172,81,0.03173,103,0.03175,15,0.03176,89,0.03178,15,0.03179,104,0.03182,16,0.03183,76,0.03185,15
binance,gate,FUNUSDT,0.00141700,0.03164,2132.8864,1774110687688,0.00141600,2177.00000000,0.00141500,878726.00000000,0.00141400,547164.00000000,0.00141300,251037.00000000,0.00141200,1015664.00000000,0.00141100,741433.00000000,0.00141000,87589.00000000,0.00140900,67774.00000000,0.00140800,75542.00000000,0.00140700,528475.00000000,0.00141700,4238.00000000,0.00141900,472802.00000000,0.00142000,8742.00000000,0.00142100,981194.00000000,0.00142200,806991.00000000,0.00142300,465281.00000000,0.00142500,826867.00000000,0.00142600,210887.00000000,0.00142700,733176.00000000,0.00142800,255369.00000000,0.03164,14,0.03163,103,0.03161,71,0.0316,90,0.03158,15,0.03157,104,0.03155,15,0.03154,91,0.03151,103,0.03149,14,0.03171,14,0.03172,81,0.03173,103,0.03175,15,0.03176,89,0.03178,15,0.03179,104,0.03182,16,0.03183,76,0.03185,15
binance,gate,FUNUSDT,0.00141700,0.03164,2132.8864,1774110687988,0.00141600,2177.00000000,0.00141500,878726.00000000,0.00141400,547164.00000000,0.00141300,251037.00000000,0.00141200,1015664.00000000,0.00141100,741433.00000000,0.00141000,87589.00000000,0.00140900,67774.00000000,0.00140800,75542.00000000,0.00140700,528475.00000000,0.00141700,4238.00000000,0.00141900,472802.00000000,0.00142000,8742.00000000,0.00142100,981194.00000000,0.00142200,806991.00000000,0.00142300,465281.00000000,0.00142500,826867.00000000,0.00142600,210887.00000000,0.00142700,733176.00000000,0.00142800,255369.00000000,0.03164,14,0.03163,103,0.03161,71,0.0316,90,0.03158,15,0.03157,104,0.03155,15,0.03154,91,0.03151,103,0.03149,14,0.03171,14,0.03172,81,0.03173,103,0.03175,15,0.03176,89,0.03178,15,0.03179,104,0.03182,16,0.03183,76,0.03185,15
binance,gate,FUNUSDT,0.00141700,0.03164,2132.8864,1774110688288,0.00141600,2177.00000000,0.00141500,878726.00000000,0.00141400,547164.00000000,0.00141300,251037.00000000,0.00141200,1015664.00000000,0.00141100,741433.00000000,0.00141000,87589.00000000,0.00140900,67774.00000000,0.00140800,75542.00000000,0.00140700,528475.00000000,0.00141700,4238.00000000,0.00141900,472802.00000000,0.00142000,8742.00000000,0.00142100,981194.00000000,0.00142200,806991.00000000,0.00142300,465281.00000000,0.00142500,826867.00000000,0.00142600,210887.00000000,0.00142700,733176.00000000,0.00142800,255369.00000000,0.03164,14,0.03163,103,0.03161,71,0.0316,90,0.03158,15,0.03157,104,0.03155,15,0.03154,91,0.03151,103,0.03149,14,0.03171,14,0.03172,81,0.03173,103,0.03175,15,0.03176,89,0.03178,15,0.03179,104,0.03182,16,0.03183,76,0.03185,15
binance,gate,FUNUSDT,0.00141700,0.03164,2132.8864,1774110688589,0.00141600,2177.00000000,0.00141500,878726.00000000,0.00141400,547164.00000000,0.00141300,251037.00000000,0.00141200,1015664.00000000,0.00141100,741433.00000000,0.00141000,87589.00000000,0.00140900,67774.00000000,0.00140800,75542.00000000,0.00140700,528475.00000000,0.00141700,4238.00000000,0.00141900,472802.00000000,0.00142000,8742.00000000,0.00142100,981194.00000000,0.00142200,806991.00000000,0.00142300,465281.00000000,0.00142500,826867.00000000,0.00142600,210887.00000000,0.00142700,733176.00000000,0.00142800,255369.00000000,0.03164,14,0.03163,103,0.03161,71,0.0316,90,0.03158,15,0.03157,104,0.03155,15,0.03154,91,0.03151,103,0.03149,14,0.03171,14,0.03172,81,0.03173,103,0.03175,15,0.03176,89,0.03178,15,0.03179,104,0.03182,16,0.03183,76,0.03185,15
binance,gate,FUNUSDT,0.00141700,0.03164,2132.8864,1774110688889,0.00141600,2177.00000000,0.00141500,878726.00000000,0.00141400,547164.00000000,0.00141300,251037.00000000,0.00141200,1015664.00000000,0.00141100,741433.00000000,0.00141000,87589.00000000,0.00140900,67774.00000000,0.00140800,75542.00000000,0.00140700,528475.00000000,0.00141700,4238.00000000,0.00141900,472802.00000000,0.00142000,8742.00000000,0.00142100,981194.00000000,0.00142200,806991.00000000,0.00142300,465281.00000000,0.00142500,826867.00000000,0.00142600,210887.00000000,0.00142700,733176.00000000,0.00142800,255369.00000000,0.03164,14,0.03163,103,0.03161,71,0.0316,90,0.03158,15,0.03157,104,0.03155,15,0.03154,91,0.03151,103,0.03149,14,0.03171,14,0.03172,81,0.03173,103,0.03175,15,0.03176,89,0.03178,15,0.03179,104,0.03182,16,0.03183,76,0.03185,15
binance,gate,FUNUSDT,0.00141700,0.03164,2132.8864,1774110689189,0.00141600,2177.00000000,0.00141500,878726.00000000,0.00141400,547164.00000000,0.00141300,251037.00000000,0.00141200,1015664.00000000,0.00141100,741433.00000000,0.00141000,87589.00000000,0.00140900,67774.00000000,0.00140800,75542.00000000,0.00140700,528475.00000000,0.00141700,4238.00000000,0.00141900,472802.00000000,0.00142000,8742.00000000,0.00142100,981194.00000000,0.00142200,806991.00000000,0.00142300,465281.00000000,0.00142500,826867.00000000,0.00142600,210887.00000000,0.00142700,733176.00000000,0.00142800,255369.00000000,0.03164,14,0.03163,103,0.03161,71,0.0316,90,0.03158,15,0.03157,104,0.03155,15,0.03154,91,0.03151,103,0.03149,14,0.03171,14,0.03172,81,0.03173,103,0.03175,15,0.03176,89,0.03178,15,0.03179,104,0.03182,16,0.03183,76,0.03185,15
binance,gate,FUNUSDT,0.00141700,0.03164,2132.8864,1774110689489,0.00141600,2177.00000000,0.00141500,878726.00000000,0.00141400,547164.00000000,0.00141300,251037.00000000,0.00141200,1015664.00000000,0.00141100,741433.00000000,0.00141000,87589.00000000,0.00140900,67774.00000000,0.00140800,75542.00000000,0.00140700,528475.00000000,0.00141700,4238.00000000,0.00141900,472802.00000000,0.00142000,8742.00000000,0.00142100,981194.00000000,0.00142200,806991.00000000,0.00142300,465281.00000000,0.00142500,826867.00000000,0.00142600,210887.00000000,0.00142700,733176.00000000,0.00142800,255369.00000000,0.03164,14,0.03163,103,0.03161,71,0.0316,90,0.03158,15,0.03157,104,0.03155,15,0.03154,91,0.03151,103,0.03149,14,0.03171,14,0.03172,81,0.03173,103,0.03175,15,0.03176,89,0.03178,15,0.03179,104,0.03182,16,0.03183,76,0.03185,15
binance,gate,FUNUSDT,0.00141700,0.03164,2132.8864,1774110689789,0.00141600,2177.00000000,0.00141500,878726.00000000,0.00141400,547164.00000000,0.00141300,251037.00000000,0.00141200,1015664.00000000,0.00141100,741433.00000000,0.00141000,87589.00000000,0.00140900,67774.00000000,0.00140800,75542.00000000,0.00140700,528475.00000000,0.00141700,4238.00000000,0.00141900,472802.00000000,0.00142000,8742.00000000,0.00142100,981194.00000000,0.00142200,806991.00000000,0.00142300,465281.00000000,0.00142500,826867.00000000,0.00142600,210887.00000000,0.00142700,733176.00000000,0.00142800,255369.00000000,0.03164,14,0.03163,103,0.03161,14,0.0316,147,0.03158,15,0.03157,104,0.03155,15,0.03154,91,0.03151,103,0.03149,14,0.03172,15,0.03173,169,0.03175,15,0.03176,89,0.03178,15,0.03179,104,0.03182,16,0.03183,76,0.03185,15,0.03186,91
binance,gate,FUNUSDT,0.00141700,0.03164,2132.8864,1774110690089,0.00141600,2177.00000000,0.00141500,878726.00000000,0.00141400,547164.00000000,0.00141300,251037.00000000,0.00141200,1015664.00000000,0.00141100,741433.00000000,0.00141000,87589.00000000,0.00140900,67774.00000000,0.00140800,75542.00000000,0.00140700,528475.00000000,0.00141700,4238.00000000,0.00141900,472802.00000000,0.00142000,8742.00000000,0.00142100,981194.00000000,0.00142200,806991.00000000,0.00142300,465281.00000000,0.00142500,826867.00000000,0.00142600,210887.00000000,0.00142700,733176.00000000,0.00142800,255369.00000000,0.03164,14,0.03163,103,0.03161,14,0.0316,147,0.03158,15,0.03157,104,0.03155,15,0.03154,91,0.03151,103,0.03149,14,0.03172,15,0.03173,169,0.03175,15,0.03176,89,0.03178,15,0.03179,104,0.03182,16,0.03183,76,0.03185,15,0.03186,91
binance,gate,FUNUSDT,0.00141700,0.03164,2132.8864,1774110690389,0.00141600,2177.00000000,0.00141500,878726.00000000,0.00141400,547164.00000000,0.00141300,251037.00000000,0.00141200,1015664.00000000,0.00141100,741433.00000000,0.00141000,87589.00000000,0.00140900,67774.00000000,0.00140800,75542.00000000,0.00140700,528475.00000000,0.00141700,4238.00000000,0.00141900,472802.00000000,0.00142000,8742.00000000,0.00142100,981194.00000000,0.00142200,806991.00000000,0.00142300,465281.00000000,0.00142500,826867.00000000,0.00142600,210887.00000000,0.00142700,733176.00000000,0.00142800,255369.00000000,0.03164,14,0.03163,103,0.03161,14,0.0316,147,0.03158,15,0.03157,104,0.03155,15,0.03154,91,0.03151,103,0.03149,14,0.03172,15,0.03173,169,0.03175,15,0.03176,89,0.03178,15,0.03179,104,0.03182,16,0.03183,76,0.03185,15,0.03186,91
binance,gate,FUNUSDT,0.00141700,0.03164,2132.8864,1774110690690,0.00141600,2177.00000000,0.00141500,878726.00000000,0.00141400,547164.00000000,0.00141300,251037.00000000,0.00141200,1015664.00000000,0.00141100,741433.00000000,0.00141000,87589.00000000,0.00140900,67774.00000000,0.00140800,75542.00000000,0.00140700,528475.00000000,0.00141700,4238.00000000,0.00141900,472802.00000000,0.00142000,8742.00000000,0.00142100,981194.00000000,0.00142200,806991.00000000,0.00142300,465281.00000000,0.00142500,826867.00000000,0.00142600,210887.00000000,0.00142700,733176.00000000,0.00142800,255369.00000000,0.03164,14,0.03163,103,0.03161,14,0.0316,147,0.03158,15,0.03157,104,0.03155,15,0.03154,91,0.03151,103,0.03149,14,0.03172,15,0.03173,169,0.03175,15,0.03176,89,0.03178,15,0.03179,104,0.03182,16,0.03183,76,0.03185,15,0.03186,91
binance,gate,FUNUSDT,0.00141700,0.03164,2132.8864,1774110690990,0.00141600,2177.00000000,0.00141500,878726.00000000,0.00141400,547164.00000000,0.00141300,251037.00000000,0.00141200,1015664.00000000,0.00141100,741433.00000000,0.00141000,87589.00000000,0.00140900,67774.00000000,0.00140800,75542.00000000,0.00140700,528475.00000000,0.00141700,4238.00000000,0.00141900,472802.00000000,0.00142000,8742.00000000,0.00142100,981194.00000000,0.00142200,806991.00000000,0.00142300,465281.00000000,0.00142500,826867.00000000,0.00142600,210887.00000000,0.00142700,733176.00000000,0.00142800,255369.00000000,0.03164,14,0.03163,103,0.03161,14,0.0316,147,0.03158,15,0.03157,104,0.03155,15,0.03154,91,0.03151,103,0.03149,14,0.03172,15,0.03173,169,0.03175,15,0.03176,89,0.03178,15,0.03179,104,0.03182,16,0.03183,76,0.03185,15,0.03186,91
binance,gate,FUNUSDT,0.00141700,0.03164,2132.8864,1774110691290,0.00141600,2177.00000000,0.00141500,878726.00000000,0.00141400,547164.00000000,0.00141300,251037.00000000,0.00141200,1015664.00000000,0.00141100,741433.00000000,0.00141000,87589.00000000,0.00140900,67774.00000000,0.00140800,75542.00000000,0.00140700,528475.00000000,0.00141700,4238.00000000,0.00141900,472802.00000000,0.00142000,8742.00000000,0.00142100,981194.00000000,0.00142200,806991.00000000,0.00142300,465281.00000000,0.00142500,826867.00000000,0.00142600,210887.00000000,0.00142700,733176.00000000,0.00142800,255369.00000000,0.03164,14,0.03163,103,0.03161,14,0.0316,147,0.03158,15,0.03157,104,0.03155,15,0.03154,91,0.03151,103,0.03149,14,0.03172,15,0.03173,169,0.03175,15,0.03176,89,0.03178,15,0.03179,104,0.03182,16,0.03183,76,0.03185,15,0.03186,91
binance,gate,FUNUSDT,0.00141700,0.03164,2132.8864,1774110691590,0.00141600,2177.00000000,0.00141500,878726.00000000,0.00141400,547164.00000000,0.00141300,251037.00000000,0.00141200,1015664.00000000,0.00141100,741433.00000000,0.00141000,87589.00000000,0.00140900,67774.00000000,0.00140800,75542.00000000,0.00140700,528475.00000000,0.00141700,4238.00000000,0.00141900,472802.00000000,0.00142000,8742.00000000,0.00142100,981194.00000000,0.00142200,806991.00000000,0.00142300,465281.00000000,0.00142500,826867.00000000,0.00142600,210887.00000000,0.00142700,733176.00000000,0.00142800,255369.00000000,0.03164,14,0.03163,103,0.03161,14,0.0316,147,0.03158,15,0.03157,104,0.03155,15,0.03154,91,0.03151,103,0.03149,14,0.03172,15,0.03173,169,0.03175,15,0.03176,89,0.03178,15,0.03179,104,0.03182,16,0.03183,76,0.03185,15,0.03186,91
binance,gate,FUNUSDT,0.00141700,0.03164,2132.8864,1774110691890,0.00141600,2177.00000000,0.00141500,878726.00000000,0.00141400,547164.00000000,0.00141300,251037.00000000,0.00141200,1015664.00000000,0.00141100,741433.00000000,0.00141000,87589.00000000,0.00140900,67774.00000000,0.00140800,75542.00000000,0.00140700,528475.00000000,0.00141700,4238.00000000,0.00141900,472802.00000000,0.00142000,8742.00000000,0.00142100,981194.00000000,0.00142200,806991.00000000,0.00142300,465281.00000000,0.00142500,826867.00000000,0.00142600,210887.00000000,0.00142700,733176.00000000,0.00142800,255369.00000000,0.03164,14,0.03163,103,0.03161,14,0.0316,147,0.03158,15,0.03157,104,0.03155,15,0.03154,91,0.03151,103,0.03149,14,0.03172,15,0.03173,169,0.03175,15,0.03176,89,0.03178,15,0.03179,104,0.03182,16,0.03183,76,0.03185,15,0.03186,91
binance,gate,FUNUSDT,0.00141700,0.03164,2132.8864,1774110692191,0.00141600,2177.00000000,0.00141500,878726.00000000,0.00141400,547164.00000000,0.00141300,251037.00000000,0.00141200,1015664.00000000,0.00141100,741433.00000000,0.00141000,87589.00000000,0.00140900,67774.00000000,0.00140800,75542.00000000,0.00140700,528475.00000000,0.00141700,4238.00000000,0.00141900,472802.00000000,0.00142000,8742.00000000,0.00142100,981194.00000000,0.00142200,806991.00000000,0.00142300,465281.00000000,0.00142500,826867.00000000,0.00142600,210887.00000000,0.00142700,733176.00000000,0.00142800,255369.00000000,0.03164,14,0.03163,103,0.03161,14,0.0316,147,0.03158,15,0.03157,104,0.03155,15,0.03154,91,0.03151,103,0.03149,14,0.03172,15,0.03173,169,0.03175,15,0.03176,89,0.03178,15,0.03179,104,0.03182,16,0.03183,76,0.03185,15,0.03186,91
binance,gate,FUNUSDT,0.00141700,0.03164,2132.8864,1774110692491,0.00141600,2177.00000000,0.00141500,878726.00000000,0.00141400,547164.00000000,0.00141300,251037.00000000,0.00141200,1015664.00000000,0.00141100,741433.00000000,0.00141000,87589.00000000,0.00140900,67774.00000000,0.00140800,75542.00000000,0.00140700,528475.00000000,0.00141700,4238.00000000,0.00141900,472802.00000000,0.00142000,8742.00000000,0.00142100,981194.00000000,0.00142200,806991.00000000,0.00142300,465281.00000000,0.00142500,826867.00000000,0.00142600,210887.00000000,0.00142700,733176.00000000,0.00142800,255369.00000000,0.03164,14,0.03163,103,0.03161,14,0.0316,147,0.03158,15,0.03157,104,0.03155,15,0.03154,91,0.03151,103,0.03149,14,0.03172,15,0.03173,169,0.03175,15,0.03176,89,0.03178,15,0.03179,104,0.03182,16,0.03183,76,0.03185,15,0.03186,91
binance,gate,FUNUSDT,0.00141700,0.03164,2132.8864,1774110692791,0.00141600,2177.00000000,0.00141500,878726.00000000,0.00141400,547164.00000000,0.00141300,251037.00000000,0.00141200,1015664.00000000,0.00141100,741433.00000000,0.00141000,87589.00000000,0.00140900,67774.00000000,0.00140800,75542.00000000,0.00140700,528475.00000000,0.00141700,4238.00000000,0.00141900,472802.00000000,0.00142000,8742.00000000,0.00142100,981194.00000000,0.00142200,806991.00000000,0.00142300,465281.00000000,0.00142500,826867.00000000,0.00142600,210887.00000000,0.00142700,733176.00000000,0.00142800,255369.00000000,0.03164,14,0.03163,103,0.03161,14,0.0316,147,0.03158,15,0.03157,104,0.03155,15,0.03154,91,0.03151,103,0.03149,14,0.03172,15,0.03173,169,0.03175,15,0.03176,89,0.03178,15,0.03179,104,0.03182,16,0.03183,76,0.03185,15,0.03186,91
binance,gate,FUNUSDT,0.00141700,0.03164,2132.8864,1774110693091,0.00141600,2177.00000000,0.00141500,878726.00000000,0.00141400,547164.00000000,0.00141300,251037.00000000,0.00141200,1015664.00000000,0.00141100,741433.00000000,0.00141000,87589.00000000,0.00140900,67774.00000000,0.00140800,75542.00000000,0.00140700,528475.00000000,0.00141700,4238.00000000,0.00141900,472802.00000000,0.00142000,8742.00000000,0.00142100,981194.00000000,0.00142200,806991.00000000,0.00142300,465281.00000000,0.00142500,826867.00000000,0.00142600,210887.00000000,0.00142700,733176.00000000,0.00142800,255369.00000000,0.03164,14,0.03163,103,0.03161,14,0.0316,147,0.03158,15,0.03157,104,0.03155,15,0.03154,91,0.03151,103,0.03149,14,0.03172,15,0.03173,169,0.03175,15,0.03176,89,0.03178,15,0.03179,104,0.03182,16,0.03183,76,0.03185,15,0.03186,91
binance,gate,FUNUSDT,0.00141700,0.03164,2132.8864,1774110693391,0.00141600,2177.00000000,0.00141500,878726.00000000,0.00141400,547164.00000000,0.00141300,251037.00000000,0.00141200,1015664.00000000,0.00141100,741433.00000000,0.00141000,87589.00000000,0.00140900,67774.00000000,0.00140800,75542.00000000,0.00140700,528475.00000000,0.00141700,4238.00000000,0.00141900,472802.00000000,0.00142000,8742.00000000,0.00142100,981194.00000000,0.00142200,806991.00000000,0.00142300,465281.00000000,0.00142500,826867.00000000,0.00142600,210887.00000000,0.00142700,733176.00000000,0.00142800,255369.00000000,0.03164,14,0.03163,103,0.03161,14,0.0316,147,0.03158,15,0.03157,104,0.03155,15,0.03154,91,0.03151,103,0.03149,14,0.03172,15,0.03173,169,0.03175,15,0.03176,89,0.03178,15,0.03179,104,0.03182,16,0.03183,76,0.03185,15,0.03186,91
binance,gate,FUNUSDT,0.00141700,0.03164,2132.8864,1774110693691,0.00141600,2177.00000000,0.00141500,878726.00000000,0.00141400,547164.00000000,0.00141300,251037.00000000,0.00141200,1015664.00000000,0.00141100,741433.00000000,0.00141000,87589.00000000,0.00140900,67774.00000000,0.00140800,75542.00000000,0.00140700,528475.00000000,0.00141700,4238.00000000,0.00141900,472802.00000000,0.00142000,8742.00000000,0.00142100,981194.00000000,0.00142200,806991.00000000,0.00142300,465281.00000000,0.00142500,826867.00000000,0.00142600,210887.00000000,0.00142700,733176.00000000,0.00142800,255369.00000000,0.03164,14,0.03163,103,0.03161,14,0.0316,147,0.03158,15,0.03157,104,0.03155,15,0.03154,91,0.03151,103,0.03149,14,0.03172,15,0.03173,169,0.03175,15,0.03176,89,0.03178,15,0.03179,104,0.03182,16,0.03183,76,0.03185,15,0.03186,91
binance,gate,FUNUSDT,0.00141700,0.03164,2132.8864,1774110693991,0.00141600,2177.00000000,0.00141500,878726.00000000,0.00141400,547164.00000000,0.00141300,251037.00000000,0.00141200,1015664.00000000,0.00141100,741433.00000000,0.00141000,87589.00000000,0.00140900,67774.00000000,0.00140800,75542.00000000,0.00140700,528475.00000000,0.00141700,4238.00000000,0.00141900,472802.00000000,0.00142000,8742.00000000,0.00142100,981194.00000000,0.00142200,806991.00000000,0.00142300,465281.00000000,0.00142500,826867.00000000,0.00142600,210887.00000000,0.00142700,733176.00000000,0.00142800,255369.00000000,0.03164,14,0.03163,103,0.03161,14,0.0316,147,0.03158,15,0.03157,104,0.03155,15,0.03154,91,0.03151,103,0.03149,14,0.03172,15,0.03173,169,0.03175,15,0.03176,89,0.03178,15,0.03179,104,0.03182,16,0.03183,76,0.03185,15,0.03186,91
binance,gate,FUNUSDT,0.00141700,0.03164,2132.8864,1774110694292,0.00141600,2177.00000000,0.00141500,878726.00000000,0.00141400,547164.00000000,0.00141300,251037.00000000,0.00141200,1015664.00000000,0.00141100,741433.00000000,0.00141000,87589.00000000,0.00140900,67774.00000000,0.00140800,75542.00000000,0.00140700,528475.00000000,0.00141700,4238.00000000,0.00141900,472802.00000000,0.00142000,8742.00000000,0.00142100,981194.00000000,0.00142200,806991.00000000,0.00142300,465281.00000000,0.00142500,826867.00000000,0.00142600,210887.00000000,0.00142700,733176.00000000,0.00142800,255369.00000000,0.03164,14,0.03163,103,0.03161,14,0.0316,147,0.03158,15,0.03157,104,0.03155,15,0.03154,91,0.03151,103,0.03149,14,0.03172,15,0.03173,169,0.03175,15,0.03176,89,0.03178,15,0.03179,104,0.03182,16,0.03183,76,0.03185,15,0.03186,91
binance,gate,FUNUSDT,0.00141700,0.03164,2132.8864,1774110694592,0.00141600,2177.00000000,0.00141500,878726.00000000,0.00141400,547164.00000000,0.00141300,251037.00000000,0.00141200,1015664.00000000,0.00141100,528672.00000000,0.00141000,87589.00000000,0.00140900,67774.00000000,0.00140800,75542.00000000,0.00140700,528475.00000000,0.00141700,4238.00000000,0.00141900,472802.00000000,0.00142000,8742.00000000,0.00142100,981194.00000000,0.00142200,806991.00000000,0.00142300,465281.00000000,0.00142500,826867.00000000,0.00142600,210887.00000000,0.00142700,733176.00000000,0.00142800,255369.00000000,0.03164,14,0.03163,103,0.03161,14,0.0316,147,0.03158,15,0.03157,104,0.03155,15,0.03154,91,0.03151,103,0.03149,14,0.03172,15,0.03173,169,0.03175,15,0.03176,89,0.03178,15,0.03179,104,0.03182,16,0.03183,76,0.03185,15,0.03186,91
binance,gate,FUNUSDT,0.00141700,0.03164,2132.8864,1774110694892,0.00141600,2177.00000000,0.00141500,878726.00000000,0.00141400,547164.00000000,0.00141300,251037.00000000,0.00141200,1015664.00000000,0.00141100,528672.00000000,0.00141000,87589.00000000,0.00140900,67774.00000000,0.00140800,75542.00000000,0.00140700,528475.00000000,0.00141700,4238.00000000,0.00141900,472802.00000000,0.00142000,8742.00000000,0.00142100,981194.00000000,0.00142200,806991.00000000,0.00142300,465281.00000000,0.00142500,826867.00000000,0.00142600,210887.00000000,0.00142700,733176.00000000,0.00142800,255369.00000000,0.03164,14,0.03163,103,0.03161,14,0.0316,147,0.03158,15,0.03157,104,0.03155,15,0.03154,91,0.03151,103,0.03149,14,0.03172,15,0.03173,169,0.03175,15,0.03176,89,0.03178,15,0.03179,104,0.03182,16,0.03183,76,0.03185,15,0.03186,91
binance,gate,FUNUSDT,0.00141700,0.03164,2132.8864,1774110695193,0.00141600,2177.00000000,0.00141500,878726.00000000,0.00141400,547164.00000000,0.00141300,251037.00000000,0.00141200,1224919.00000000,0.00141100,528672.00000000,0.00141000,87589.00000000,0.00140900,67774.00000000,0.00140800,75542.00000000,0.00140700,528475.00000000,0.00141700,4238.00000000,0.00141900,472802.00000000,0.00142000,8742.00000000,0.00142100,981194.00000000,0.00142200,806991.00000000,0.00142300,465281.00000000,0.00142500,826867.00000000,0.00142600,210887.00000000,0.00142700,733176.00000000,0.00142800,255369.00000000,0.03164,14,0.03163,103,0.03161,14,0.0316,147,0.03158,15,0.03157,104,0.03155,15,0.03154,91,0.03151,103,0.03149,14,0.03172,15,0.03173,169,0.03175,15,0.03176,89,0.03178,15,0.03179,104,0.03182,16,0.03183,76,0.03185,15,0.03186,91
binance,gate,FUNUSDT,0.00141700,0.03164,2132.8864,1774110695493,0.00141600,2177.00000000,0.00141500,878726.00000000,0.00141400,547164.00000000,0.00141300,251037.00000000,0.00141200,1224919.00000000,0.00141100,528672.00000000,0.00141000,87589.00000000,0.00140900,67774.00000000,0.00140800,75542.00000000,0.00140700,528475.00000000,0.00141700,4238.00000000,0.00141900,472802.00000000,0.00142000,8742.00000000,0.00142100,981194.00000000,0.00142200,806991.00000000,0.00142300,465281.00000000,0.00142500,826867.00000000,0.00142600,210887.00000000,0.00142700,733176.00000000,0.00142800,255369.00000000,0.03164,14,0.03163,103,0.03161,14,0.0316,147,0.03158,15,0.03157,104,0.03155,15,0.03154,91,0.03151,103,0.03149,14,0.03172,15,0.03173,169,0.03175,15,0.03176,89,0.03178,15,0.03179,104,0.03182,16,0.03183,76,0.03185,15,0.03186,91
binance,gate,FUNUSDT,0.00141700,0.03164,2132.8864,1774110695793,0.00141600,2177.00000000,0.00141500,878726.00000000,0.00141400,547164.00000000,0.00141300,251037.00000000,0.00141200,1224919.00000000,0.00141100,528672.00000000,0.00141000,87589.00000000,0.00140900,67774.00000000,0.00140800,75542.00000000,0.00140700,528475.00000000,0.00141700,4238.00000000,0.00141900,472802.00000000,0.00142000,8742.00000000,0.00142100,981194.00000000,0.00142200,806991.00000000,0.00142300,465281.00000000,0.00142500,826867.00000000,0.00142600,210887.00000000,0.00142700,733176.00000000,0.00142800,255369.00000000,0.03164,14,0.03163,103,0.03161,14,0.0316,147,0.03158,15,0.03157,104,0.03155,15,0.03154,91,0.03151,103,0.03149,14,0.03172,15,0.03173,169,0.03175,15,0.03176,89,0.03178,15,0.03179,104,0.03182,16,0.03183,76,0.03185,15,0.03186,91
binance,gate,FUNUSDT,0.00141700,0.03164,2132.8864,1774110696093,0.00141600,2177.00000000,0.00141500,878726.00000000,0.00141400,547164.00000000,0.00141300,251037.00000000,0.00141200,1224919.00000000,0.00141100,528672.00000000,0.00141000,87589.00000000,0.00140900,67774.00000000,0.00140800,75542.00000000,0.00140700,528475.00000000,0.00141700,4238.00000000,0.00141900,472802.00000000,0.00142000,8742.00000000,0.00142100,981194.00000000,0.00142200,806991.00000000,0.00142300,465281.00000000,0.00142500,826867.00000000,0.00142600,210887.00000000,0.00142700,733176.00000000,0.00142800,255369.00000000,0.03164,14,0.03163,103,0.03161,14,0.0316,147,0.03158,15,0.03157,104,0.03155,15,0.03154,91,0.03151,103,0.03149,14,0.03172,15,0.03173,169,0.03175,15,0.03176,89,0.03178,15,0.03179,104,0.03182,16,0.03183,76,0.03185,15,0.03186,91
binance,gate,FUNUSDT,0.00141700,0.03164,2132.8864,1774110696394,0.00141600,2177.00000000,0.00141500,878726.00000000,0.00141400,547164.00000000,0.00141300,251037.00000000,0.00141200,1224919.00000000,0.00141100,528672.00000000,0.00141000,87589.00000000,0.00140900,67774.00000000,0.00140800,75542.00000000,0.00140700,528475.00000000,0.00141700,4238.00000000,0.00141900,472802.00000000,0.00142000,8742.00000000,0.00142100,981194.00000000,0.00142200,806991.00000000,0.00142300,465281.00000000,0.00142500,826867.00000000,0.00142600,210887.00000000,0.00142700,733176.00000000,0.00142800,255369.00000000,0.03164,14,0.03163,103,0.03161,14,0.0316,147,0.03158,15,0.03157,104,0.03155,15,0.03154,91,0.03151,103,0.03149,14,0.03172,15,0.03173,169,0.03175,15,0.03176,89,0.03178,15,0.03179,104,0.03182,16,0.03183,76,0.03185,15,0.03186,91
binance,gate,FUNUSDT,0.00141700,0.03164,2132.8864,1774110696694,0.00141600,2177.00000000,0.00141500,878726.00000000,0.00141400,547164.00000000,0.00141300,251037.00000000,0.00141200,1224919.00000000,0.00141100,528672.00000000,0.00141000,87589.00000000,0.00140900,67774.00000000,0.00140800,75542.00000000,0.00140700,528475.00000000,0.00141700,4238.00000000,0.00141900,472802.00000000,0.00142000,8742.00000000,0.00142100,981194.00000000,0.00142200,806991.00000000,0.00142300,465281.00000000,0.00142500,826867.00000000,0.00142600,210887.00000000,0.00142700,733176.00000000,0.00142800,255369.00000000,0.03164,14,0.03163,103,0.03161,14,0.0316,147,0.03158,15,0.03157,104,0.03155,15,0.03154,91,0.03151,103,0.03149,14,0.03172,15,0.03173,169,0.03175,15,0.03176,89,0.03178,15,0.03179,104,0.03182,16,0.03183,76,0.03185,15,0.03186,91
binance,gate,FUNUSDT,0.00141700,0.03164,2132.8864,1774110696994,0.00141600,2177.00000000,0.00141500,878726.00000000,0.00141400,547164.00000000,0.00141300,251037.00000000,0.00141200,1224919.00000000,0.00141100,528672.00000000,0.00141000,87589.00000000,0.00140900,67774.00000000,0.00140800,75542.00000000,0.00140700,528475.00000000,0.00141700,4238.00000000,0.00141900,472802.00000000,0.00142000,8742.00000000,0.00142100,981194.00000000,0.00142200,806991.00000000,0.00142300,465281.00000000,0.00142500,826867.00000000,0.00142600,210887.00000000,0.00142700,733176.00000000,0.00142800,255369.00000000,0.03164,14,0.03163,103,0.03161,14,0.0316,147,0.03158,15,0.03157,104,0.03155,15,0.03154,91,0.03151,103,0.03149,14,0.03172,15,0.03173,169,0.03175,15,0.03176,89,0.03178,15,0.03179,104,0.03182,16,0.03183,76,0.03185,15,0.03186,91
binance,gate,FUNUSDT,0.00141700,0.03164,2132.8864,1774110697294,0.00141600,2177.00000000,0.00141500,878726.00000000,0.00141400,547164.00000000,0.00141300,251037.00000000,0.00141200,1224919.00000000,0.00141100,528672.00000000,0.00141000,87589.00000000,0.00140900,67774.00000000,0.00140800,75542.00000000,0.00140700,528475.00000000,0.00141700,4238.00000000,0.00141900,472802.00000000,0.00142000,8742.00000000,0.00142100,981194.00000000,0.00142200,806991.00000000,0.00142300,465281.00000000,0.00142500,826867.00000000,0.00142600,210887.00000000,0.00142700,733176.00000000,0.00142800,255369.00000000,0.03164,14,0.03163,103,0.03161,14,0.0316,147,0.03158,15,0.03157,104,0.03155,15,0.03154,91,0.03151,103,0.03149,14,0.03172,15,0.03173,169,0.03175,15,0.03176,89,0.03178,15,0.03179,104,0.03182,16,0.03183,76,0.03185,15,0.03186,91
binance,gate,FUNUSDT,0.00141700,0.03164,2132.8864,1774110697594,0.00141600,2177.00000000,0.00141500,878726.00000000,0.00141400,547164.00000000,0.00141300,251037.00000000,0.00141200,1224919.00000000,0.00141100,528672.00000000,0.00141000,87589.00000000,0.00140900,67774.00000000,0.00140800,75542.00000000,0.00140700,528475.00000000,0.00141700,4238.00000000,0.00141900,472802.00000000,0.00142000,8742.00000000,0.00142100,981194.00000000,0.00142200,806991.00000000,0.00142300,465281.00000000,0.00142500,826867.00000000,0.00142600,210887.00000000,0.00142700,733176.00000000,0.00142800,255369.00000000,0.03164,14,0.03163,103,0.03161,14,0.0316,147,0.03158,15,0.03157,104,0.03155,15,0.03154,91,0.03151,103,0.03149,14,0.03172,15,0.03173,169,0.03175,15,0.03176,89,0.03178,15,0.03179,104,0.03182,16,0.03183,76,0.03185,15,0.03186,91
binance,gate,FUNUSDT,0.00141700,0.03164,2132.8864,1774110697894,0.00141600,2177.00000000,0.00141500,878726.00000000,0.00141400,547164.00000000,0.00141300,251037.00000000,0.00141200,1224919.00000000,0.00141100,528672.00000000,0.00141000,87589.00000000,0.00140900,67774.00000000,0.00140800,75542.00000000,0.00140700,528475.00000000,0.00141700,4238.00000000,0.00141900,472802.00000000,0.00142000,8742.00000000,0.00142100,981194.00000000,0.00142200,806991.00000000,0.00142300,465281.00000000,0.00142500,826867.00000000,0.00142600,210887.00000000,0.00142700,733176.00000000,0.00142800,255369.00000000,0.03164,14,0.03163,103,0.03161,14,0.0316,147,0.03158,15,0.03157,104,0.03155,15,0.03154,91,0.03151,103,0.03149,14,0.03172,15,0.03173,169,0.03175,15,0.03176,89,0.03178,15,0.03179,104,0.03182,16,0.03183,76,0.03185,15,0.03186,91
binance,gate,FUNUSDT,0.00141700,0.03164,2132.8864,1774110698195,0.00141600,2177.00000000,0.00141500,878726.00000000,0.00141400,547164.00000000,0.00141300,251037.00000000,0.00141200,1224919.00000000,0.00141100,528672.00000000,0.00141000,87589.00000000,0.00140900,67774.00000000,0.00140800,75542.00000000,0.00140700,528475.00000000,0.00141700,4238.00000000,0.00141900,472802.00000000,0.00142000,8742.00000000,0.00142100,981194.00000000,0.00142200,806991.00000000,0.00142300,465281.00000000,0.00142500,826867.00000000,0.00142600,210887.00000000,0.00142700,733176.00000000,0.00142800,255369.00000000,0.03164,14,0.03163,103,0.03161,14,0.0316,147,0.03158,15,0.03157,104,0.03155,15,0.03154,91,0.03151,103,0.03149,14,0.03172,15,0.03173,169,0.03175,15,0.03176,89,0.03178,15,0.03179,104,0.03182,16,0.03183,76,0.03185,15,0.03186,91
binance,gate,FUNUSDT,0.00141700,0.03164,2132.8864,1774110698495,0.00141600,2177.00000000,0.00141500,878726.00000000,0.00141400,547164.00000000,0.00141300,251037.00000000,0.00141200,1224919.00000000,0.00141100,528672.00000000,0.00141000,87589.00000000,0.00140900,67774.00000000,0.00140800,75542.00000000,0.00140700,528475.00000000,0.00141700,4238.00000000,0.00141900,472802.00000000,0.00142000,8742.00000000,0.00142100,981194.00000000,0.00142200,806991.00000000,0.00142300,465281.00000000,0.00142500,826867.00000000,0.00142600,210887.00000000,0.00142700,733176.00000000,0.00142800,255369.00000000,0.03164,14,0.03163,103,0.03161,14,0.0316,147,0.03158,15,0.03157,104,0.03155,15,0.03154,91,0.03151,103,0.03149,14,0.03172,15,0.03173,169,0.03175,15,0.03176,89,0.03178,15,0.03179,104,0.03182,16,0.03183,76,0.03185,15,0.03186,91
binance,gate,FUNUSDT,0.00141700,0.03164,2132.8864,1774110698795,0.00141600,2177.00000000,0.00141500,878726.00000000,0.00141400,547164.00000000,0.00141300,251037.00000000,0.00141200,1224919.00000000,0.00141100,528672.00000000,0.00141000,87589.00000000,0.00140900,67774.00000000,0.00140800,75542.00000000,0.00140700,528475.00000000,0.00141700,4238.00000000,0.00141900,472802.00000000,0.00142000,8742.00000000,0.00142100,981194.00000000,0.00142200,806991.00000000,0.00142300,465281.00000000,0.00142500,826867.00000000,0.00142600,210887.00000000,0.00142700,733176.00000000,0.00142800,255369.00000000,0.03164,14,0.03163,103,0.03161,14,0.0316,147,0.03158,15,0.03157,104,0.03155,15,0.03154,91,0.03151,103,0.03149,14,0.03172,15,0.03173,169,0.03175,15,0.03176,89,0.03178,15,0.03179,104,0.03182,16,0.03183,76,0.03185,15,0.03186,91
binance,gate,FUNUSDT,0.00141700,0.03164,2132.8864,1774110699097,0.00141600,2177.00000000,0.00141500,878726.00000000,0.00141400,547164.00000000,0.00141300,251037.00000000,0.00141200,1224919.00000000,0.00141100,528672.00000000,0.00141000,87589.00000000,0.00140900,67774.00000000,0.00140800,75542.00000000,0.00140700,528475.00000000,0.00141700,4238.00000000,0.00141900,472802.00000000,0.00142000,8742.00000000,0.00142100,981194.00000000,0.00142200,806991.00000000,0.00142300,465281.00000000,0.00142500,826867.00000000,0.00142600,210887.00000000,0.00142700,733176.00000000,0.00142800,255369.00000000,0.03164,14,0.03163,103,0.03161,14,0.0316,147,0.03158,15,0.03157,104,0.03155,15,0.03154,91,0.03151,103,0.03149,14,0.03172,15,0.03173,169,0.03175,15,0.03176,89,0.03178,15,0.03179,104,0.03182,16,0.03183,76,0.03185,15,0.03186,91
binance,gate,FUNUSDT,0.00141700,0.03164,2132.8864,1774110699398,0.00141600,2177.00000000,0.00141500,878726.00000000,0.00141400,547164.00000000,0.00141300,251037.00000000,0.00141200,1224919.00000000,0.00141100,528672.00000000,0.00141000,87589.00000000,0.00140900,67774.00000000,0.00140800,75542.00000000,0.00140700,528475.00000000,0.00141700,4238.00000000,0.00141900,472802.00000000,0.00142000,8742.00000000,0.00142100,981194.00000000,0.00142200,806991.00000000,0.00142300,465281.00000000,0.00142500,826867.00000000,0.00142600,210887.00000000,0.00142700,733176.00000000,0.00142800,255369.00000000,0.03164,14,0.03163,103,0.03161,14,0.0316,147,0.03158,15,0.03157,104,0.03155,15,0.03154,91,0.03151,103,0.03149,14,0.03172,15,0.03173,169,0.03175,15,0.03176,89,0.03178,15,0.03179,104,0.03182,16,0.03183,76,0.03185,15,0.03186,91
binance,gate,FUNUSDT,0.00141700,0.03164,2132.8864,1774110699701,0.00141600,2177.00000000,0.00141500,878726.00000000,0.00141400,547164.00000000,0.00141300,251037.00000000,0.00141200,1224919.00000000,0.00141100,528672.00000000,0.00141000,87589.00000000,0.00140900,67774.00000000,0.00140800,75542.00000000,0.00140700,528475.00000000,0.00141700,4238.00000000,0.00141900,472802.00000000,0.00142000,8742.00000000,0.00142100,981194.00000000,0.00142200,806991.00000000,0.00142300,465281.00000000,0.00142500,826867.00000000,0.00142600,210887.00000000,0.00142700,733176.00000000,0.00142800,255369.00000000,0.03164,14,0.03163,103,0.03161,14,0.0316,147,0.03158,15,0.03157,104,0.03155,15,0.03154,91,0.03151,103,0.03149,14,0.03172,15,0.03173,169,0.03175,15,0.03176,89,0.03178,15,0.03179,104,0.03182,16,0.03183,76,0.03185,15,0.03186,91
binance,gate,FUNUSDT,0.00141700,0.03164,2132.8864,1774110700005,0.00141600,2177.00000000,0.00141500,878726.00000000,0.00141400,547164.00000000,0.00141300,251037.00000000,0.00141200,1224919.00000000,0.00141100,528672.00000000,0.00141000,87589.00000000,0.00140900,67774.00000000,0.00140800,75542.00000000,0.00140700,528475.00000000,0.00141700,4238.00000000,0.00141900,472802.00000000,0.00142000,8742.00000000,0.00142100,981194.00000000,0.00142200,806991.00000000,0.00142300,465281.00000000,0.00142500,826867.00000000,0.00142600,210887.00000000,0.00142700,733176.00000000,0.00142800,255369.00000000,0.03164,14,0.03163,103,0.03161,14,0.0316,147,0.03158,15,0.03157,104,0.03155,15,0.03154,91,0.03151,103,0.03149,14,0.03172,15,0.03173,169,0.03175,15,0.03176,89,0.03178,15,0.03179,104,0.03182,16,0.03183,76,0.03185,15,0.03186,91
binance,gate,FUNUSDT,0.00141700,0.03164,2132.8864,1774110700310,0.00141600,2177.00000000,0.00141500,878726.00000000,0.00141400,547164.00000000,0.00141300,251037.00000000,0.00141200,1224919.00000000,0.00141100,528672.00000000,0.00141000,87589.00000000,0.00140900,67774.00000000,0.00140800,75542.00000000,0.00140700,528475.00000000,0.00141700,4238.00000000,0.00141900,472802.00000000,0.00142000,8742.00000000,0.00142100,981194.00000000,0.00142200,806991.00000000,0.00142300,465281.00000000,0.00142500,826867.00000000,0.00142600,210887.00000000,0.00142700,733176.00000000,0.00142800,255369.00000000,0.03164,14,0.03163,103,0.03161,14,0.0316,147,0.03158,15,0.03157,104,0.03155,15,0.03154,91,0.03151,103,0.03149,14,0.03172,15,0.03173,169,0.03175,15,0.03176,89,0.03178,15,0.03179,104,0.03182,15,0.03183,76,0.03185,15,0.03186,91
binance,gate,FUNUSDT,0.00141700,0.03164,2132.8864,1774110700616,0.00141600,2177.00000000,0.00141500,596041.00000000,0.00141400,547164.00000000,0.00141300,251037.00000000,0.00141200,1224919.00000000,0.00141100,528672.00000000,0.00141000,87589.00000000,0.00140900,67774.00000000,0.00140800,75542.00000000,0.00140700,528475.00000000,0.00141700,4238.00000000,0.00141900,472802.00000000,0.00142000,8742.00000000,0.00142100,981194.00000000,0.00142200,806991.00000000,0.00142300,465281.00000000,0.00142500,826867.00000000,0.00142600,210887.00000000,0.00142700,733176.00000000,0.00142800,255369.00000000,0.03164,14,0.03163,103,0.03161,14,0.0316,147,0.03158,15,0.03157,104,0.03155,15,0.03154,91,0.03151,103,0.03149,14,0.03172,15,0.03173,169,0.03175,15,0.03176,89,0.03178,15,0.03179,104,0.03182,15,0.03183,76,0.03185,15,0.03186,91
binance,gate,FUNUSDT,0.00141700,0.03164,2132.8864,1774110700916,0.00141600,2177.00000000,0.00141500,596041.00000000,0.00141400,547164.00000000,0.00141300,251037.00000000,0.00141200,1224919.00000000,0.00141100,528672.00000000,0.00141000,87589.00000000,0.00140900,67774.00000000,0.00140800,75542.00000000,0.00140700,528475.00000000,0.00141700,4238.00000000,0.00141900,472802.00000000,0.00142000,8742.00000000,0.00142100,981194.00000000,0.00142200,806991.00000000,0.00142300,465281.00000000,0.00142500,826867.00000000,0.00142600,210887.00000000,0.00142700,733176.00000000,0.00142800,255369.00000000,0.03164,14,0.03163,103,0.03161,14,0.0316,147,0.03158,15,0.03157,104,0.03155,15,0.03154,91,0.03151,103,0.03149,14,0.03172,15,0.03173,169,0.03175,15,0.03176,89,0.03178,15,0.03179,104,0.03182,15,0.03183,76,0.03185,15,0.03186,91
binance,gate,FUNUSDT,0.00141700,0.03164,2132.8864,1774110701220,0.00141600,2177.00000000,0.00141500,596041.00000000,0.00141400,547164.00000000,0.00141300,251037.00000000,0.00141200,1224919.00000000,0.00141100,528672.00000000,0.00141000,87589.00000000,0.00140900,67774.00000000,0.00140800,75542.00000000,0.00140700,528475.00000000,0.00141700,4238.00000000,0.00141900,472802.00000000,0.00142000,8742.00000000,0.00142100,981194.00000000,0.00142200,806991.00000000,0.00142300,465281.00000000,0.00142500,826867.00000000,0.00142600,210887.00000000,0.00142700,733176.00000000,0.00142800,255369.00000000,0.03164,14,0.03163,103,0.03161,14,0.0316,147,0.03158,15,0.03157,104,0.03155,15,0.03154,91,0.03151,103,0.03149,14,0.03172,15,0.03173,169,0.03175,15,0.03176,89,0.03178,15,0.03179,104,0.03182,15,0.03183,76,0.03185,15,0.03186,91
binance,gate,FUNUSDT,0.00141700,0.03164,2132.8864,1774110701521,0.00141600,2177.00000000,0.00141500,596041.00000000,0.00141400,547164.00000000,0.00141300,251037.00000000,0.00141200,1224919.00000000,0.00141100,528672.00000000,0.00141000,87589.00000000,0.00140900,67774.00000000,0.00140800,75542.00000000,0.00140700,528475.00000000,0.00141700,4238.00000000,0.00141900,472802.00000000,0.00142000,8742.00000000,0.00142100,981194.00000000,0.00142200,806991.00000000,0.00142300,465281.00000000,0.00142500,826867.00000000,0.00142600,210887.00000000,0.00142700,733176.00000000,0.00142800,255369.00000000,0.03164,14,0.03163,103,0.03161,14,0.0316,147,0.03158,15,0.03157,104,0.03155,15,0.03154,91,0.03151,103,0.03149,14,0.03172,15,0.03173,169,0.03175,15,0.03176,89,0.03178,15,0.03179,104,0.03182,15,0.03183,76,0.03185,15,0.03186,91
binance,gate,FUNUSDT,0.00141700,0.03164,2132.8864,1774110701821,0.00141600,2177.00000000,0.00141500,596041.00000000,0.00141400,547164.00000000,0.00141300,251037.00000000,0.00141200,1224919.00000000,0.00141100,528672.00000000,0.00141000,87589.00000000,0.00140900,67774.00000000,0.00140800,75542.00000000,0.00140700,528475.00000000,0.00141700,4238.00000000,0.00141900,472802.00000000,0.00142000,8742.00000000,0.00142100,981194.00000000,0.00142200,806991.00000000,0.00142300,465281.00000000,0.00142500,826867.00000000,0.00142600,210887.00000000,0.00142700,733176.00000000,0.00142800,255369.00000000,0.03164,14,0.03163,103,0.03161,14,0.0316,147,0.03158,15,0.03157,104,0.03155,15,0.03154,91,0.03151,103,0.03149,14,0.03172,15,0.03173,169,0.03175,15,0.03176,89,0.03178,15,0.03179,104,0.03182,15,0.03183,76,0.03185,15,0.03186,91
binance,gate,FUNUSDT,0.00141700,0.03164,2132.8864,1774110702122,0.00141600,2177.00000000,0.00141500,596041.00000000,0.00141400,547164.00000000,0.00141300,251037.00000000,0.00141200,1224919.00000000,0.00141100,528672.00000000,0.00141000,87589.00000000,0.00140900,67774.00000000,0.00140800,75542.00000000,0.00140700,528475.00000000,0.00141700,4238.00000000,0.00141900,472802.00000000,0.00142000,8742.00000000,0.00142100,981194.00000000,0.00142200,806991.00000000,0.00142300,465281.00000000,0.00142500,826867.00000000,0.00142600,210887.00000000,0.00142700,733176.00000000,0.00142800,255369.00000000,0.03164,14,0.03163,103,0.03161,14,0.0316,147,0.03158,15,0.03157,104,0.03155,15,0.03154,91,0.03151,103,0.03149,14,0.03172,15,0.03173,169,0.03175,15,0.03176,89,0.03178,15,0.03179,104,0.03182,15,0.03183,76,0.03185,15,0.03186,91
binance,gate,FUNUSDT,0.00141700,0.03164,2132.8864,1774110702422,0.00141600,2177.00000000,0.00141500,596041.00000000,0.00141400,547164.00000000,0.00141300,251037.00000000,0.00141200,1224919.00000000,0.00141100,528672.00000000,0.00141000,87589.00000000,0.00140900,67774.00000000,0.00140800,75542.00000000,0.00140700,528475.00000000,0.00141700,4238.00000000,0.00141900,472802.00000000,0.00142000,8742.00000000,0.00142100,981194.00000000,0.00142200,806991.00000000,0.00142300,465281.00000000,0.00142500,826867.00000000,0.00142600,210887.00000000,0.00142700,733176.00000000,0.00142800,255369.00000000,0.03164,14,0.03163,103,0.03161,14,0.0316,147,0.03158,15,0.03157,104,0.03155,15,0.03154,91,0.03151,103,0.03149,14,0.03172,15,0.03173,169,0.03175,15,0.03176,89,0.03178,15,0.03179,104,0.03182,15,0.03183,76,0.03185,15,0.03186,91
binance,gate,FUNUSDT,0.00141700,0.03164,2132.8864,1774110702722,0.00141600,2177.00000000,0.00141500,596041.00000000,0.00141400,547164.00000000,0.00141300,251037.00000000,0.00141200,1224919.00000000,0.00141100,528672.00000000,0.00141000,87589.00000000,0.00140900,67774.00000000,0.00140800,75542.00000000,0.00140700,528475.00000000,0.00141700,4238.00000000,0.00141900,472802.00000000,0.00142000,8742.00000000,0.00142100,981194.00000000,0.00142200,806991.00000000,0.00142300,465281.00000000,0.00142500,826867.00000000,0.00142600,210887.00000000,0.00142700,733176.00000000,0.00142800,255369.00000000,0.03164,14,0.03163,103,0.03161,14,0.0316,147,0.03158,15,0.03157,104,0.03155,15,0.03154,91,0.03151,103,0.03149,14,0.03172,15,0.03173,169,0.03175,15,0.03176,89,0.03178,15,0.03179,104,0.03182,15,0.03183,76,0.03185,15,0.03186,91
binance,gate,FUNUSDT,0.00141700,0.03164,2132.8864,1774110703023,0.00141600,2177.00000000,0.00141500,596041.00000000,0.00141400,547164.00000000,0.00141300,251037.00000000,0.00141200,1224919.00000000,0.00141100,528672.00000000,0.00141000,87589.00000000,0.00140900,67774.00000000,0.00140800,75542.00000000,0.00140700,528475.00000000,0.00141700,4238.00000000,0.00141900,472802.00000000,0.00142000,8742.00000000,0.00142100,981194.00000000,0.00142200,806991.00000000,0.00142300,465281.00000000,0.00142500,826867.00000000,0.00142600,210887.00000000,0.00142700,733176.00000000,0.00142800,255369.00000000,0.03164,14,0.03163,103,0.03161,14,0.0316,147,0.03158,15,0.03157,104,0.03155,15,0.03154,91,0.03151,103,0.03149,14,0.03172,15,0.03173,169,0.03175,15,0.03176,89,0.03178,15,0.03179,104,0.03182,15,0.03183,76,0.03185,15,0.03186,91
binance,gate,FUNUSDT,0.00141700,0.03164,2132.8864,1774110703328,0.00141600,2177.00000000,0.00141500,596041.00000000,0.00141400,547164.00000000,0.00141300,251037.00000000,0.00141200,1224919.00000000,0.00141100,528672.00000000,0.00141000,87589.00000000,0.00140900,67774.00000000,0.00140800,75542.00000000,0.00140700,528475.00000000,0.00141700,4238.00000000,0.00141900,472802.00000000,0.00142000,8742.00000000,0.00142100,981194.00000000,0.00142200,806991.00000000,0.00142300,465281.00000000,0.00142500,826867.00000000,0.00142600,210887.00000000,0.00142700,733176.00000000,0.00142800,255369.00000000,0.03164,14,0.03163,103,0.03161,14,0.0316,147,0.03158,15,0.03157,104,0.03155,15,0.03154,91,0.03151,103,0.03149,14,0.03172,15,0.03173,169,0.03175,15,0.03176,89,0.03178,15,0.03179,104,0.03182,15,0.03183,76,0.03185,15,0.03186,91
binance,gate,FUNUSDT,0.00141700,0.03164,2132.8864,1774110703628,0.00141600,284662.00000000,0.00141500,674212.00000000,0.00141400,547164.00000000,0.00141300,251037.00000000,0.00141200,1224919.00000000,0.00141100,528672.00000000,0.00141000,87589.00000000,0.00140900,67774.00000000,0.00140800,75542.00000000,0.00140700,528475.00000000,0.00141700,4238.00000000,0.00141900,472802.00000000,0.00142000,8742.00000000,0.00142100,981194.00000000,0.00142200,806991.00000000,0.00142300,465281.00000000,0.00142500,826867.00000000,0.00142600,210887.00000000,0.00142700,733176.00000000,0.00142800,255369.00000000,0.03164,14,0.03163,103,0.03161,14,0.0316,90,0.03158,72,0.03157,104,0.03155,15,0.03154,91,0.03151,103,0.03149,14,0.03172,15,0.03173,169,0.03175,15,0.03176,89,0.03178,15,0.03179,104,0.03182,15,0.03183,76,0.03185,15,0.03186,91
binance,gate,FUNUSDT,0.00141700,0.03164,2132.8864,1774110703928,0.00141600,284662.00000000,0.00141500,674212.00000000,0.00141400,547164.00000000,0.00141300,251037.00000000,0.00141200,1224919.00000000,0.00141100,528672.00000000,0.00141000,87589.00000000,0.00140900,67774.00000000,0.00140800,75542.00000000,0.00140700,528475.00000000,0.00141700,4238.00000000,0.00141900,472802.00000000,0.00142000,8742.00000000,0.00142100,981194.00000000,0.00142200,806991.00000000,0.00142300,465281.00000000,0.00142500,826867.00000000,0.00142600,210887.00000000,0.00142700,733176.00000000,0.00142800,255369.00000000,0.03164,14,0.03163,103,0.03161,14,0.0316,90,0.03159,57,0.03158,15,0.03157,104,0.03155,15,0.03154,91,0.03151,103,0.03171,15,0.03172,81,0.03173,103,0.03175,15,0.03176,89,0.03178,15,0.03179,104,0.03182,15,0.03183,76,0.03185,15
binance,gate,FUNUSDT,0.00141700,0.03164,2132.8864,1774110704228,0.00141600,284662.00000000,0.00141500,674212.00000000,0.00141400,547164.00000000,0.00141300,251037.00000000,0.00141200,1224919.00000000,0.00141100,528672.00000000,0.00141000,87589.00000000,0.00140900,67774.00000000,0.00140800,75542.00000000,0.00140700,528475.00000000,0.00141700,4238.00000000,0.00141900,472802.00000000,0.00142000,8742.00000000,0.00142100,981194.00000000,0.00142200,806991.00000000,0.00142300,465281.00000000,0.00142500,826867.00000000,0.00142600,210887.00000000,0.00142700,733176.00000000,0.00142800,255369.00000000,0.03164,14,0.03163,103,0.03161,14,0.0316,90,0.03159,57,0.03158,15,0.03157,104,0.03155,15,0.03154,91,0.03151,103,0.03171,15,0.03172,81,0.03173,103,0.03175,15,0.03176,89,0.03178,15,0.03179,104,0.03182,15,0.03183,76,0.03185,15
binance,gate,FUNUSDT,0.00141700,0.03164,2132.8864,1774110704529,0.00141600,284662.00000000,0.00141500,674212.00000000,0.00141400,547164.00000000,0.00141300,251037.00000000,0.00141200,1224919.00000000,0.00141100,528672.00000000,0.00141000,87589.00000000,0.00140900,67774.00000000,0.00140800,75542.00000000,0.00140700,528475.00000000,0.00141700,4238.00000000,0.00141900,472802.00000000,0.00142000,8742.00000000,0.00142100,981194.00000000,0.00142200,806991.00000000,0.00142300,465281.00000000,0.00142500,826867.00000000,0.00142600,210887.00000000,0.00142700,733176.00000000,0.00142800,255369.00000000,0.03164,14,0.03163,103,0.03161,14,0.0316,90,0.03159,57,0.03158,15,0.03157,104,0.03155,15,0.03154,91,0.03151,103,0.03171,15,0.03172,81,0.03173,103,0.03175,15,0.03176,89,0.03178,15,0.03179,104,0.03182,15,0.03183,76,0.03185,15
binance,gate,FUNUSDT,0.00141700,0.03164,2132.8864,1774110704829,0.00141600,284662.00000000,0.00141500,674212.00000000,0.00141400,547164.00000000,0.00141300,251037.00000000,0.00141200,1224919.00000000,0.00141100,528672.00000000,0.00141000,87589.00000000,0.00140900,67774.00000000,0.00140800,75542.00000000,0.00140700,528475.00000000,0.00141700,4238.00000000,0.00141900,472802.00000000,0.00142000,8742.00000000,0.00142100,981194.00000000,0.00142200,806991.00000000,0.00142300,465281.00000000,0.00142500,826867.00000000,0.00142600,210887.00000000,0.00142700,733176.00000000,0.00142800,255369.00000000,0.03164,14,0.03163,103,0.03161,14,0.0316,90,0.03159,57,0.03158,15,0.03157,104,0.03155,15,0.03154,91,0.03151,103,0.03171,15,0.03172,81,0.03173,103,0.03175,15,0.03176,89,0.03178,15,0.03179,104,0.03182,15,0.03183,76,0.03185,15
binance,gate,FUNUSDT,0.00141700,0.03164,2132.8864,1774110705129,0.00141600,284662.00000000,0.00141500,674212.00000000,0.00141400,547164.00000000,0.00141300,251037.00000000,0.00141200,1224919.00000000,0.00141100,528672.00000000,0.00141000,87589.00000000,0.00140900,67774.00000000,0.00140800,75542.00000000,0.00140700,528475.00000000,0.00141700,4238.00000000,0.00141900,472802.00000000,0.00142000,8742.00000000,0.00142100,981194.00000000,0.00142200,806991.00000000,0.00142300,465281.00000000,0.00142500,826867.00000000,0.00142600,210887.00000000,0.00142700,733176.00000000,0.00142800,255369.00000000,0.03164,14,0.03163,103,0.03161,14,0.0316,90,0.03159,57,0.03158,15,0.03157,104,0.03155,15,0.03154,91,0.03151,103,0.03171,15,0.03172,81,0.03173,103,0.03175,15,0.03176,89,0.03178,15,0.03179,104,0.03182,15,0.03183,76,0.03185,15
binance,gate,FUNUSDT,0.00141700,0.03164,2132.8864,1774110705430,0.00141600,284662.00000000,0.00141500,674212.00000000,0.00141400,547164.00000000,0.00141300,251037.00000000,0.00141200,1224919.00000000,0.00141100,528672.00000000,0.00141000,87589.00000000,0.00140900,67774.00000000,0.00140800,75542.00000000,0.00140700,528475.00000000,0.00141700,4238.00000000,0.00141900,472802.00000000,0.00142000,8742.00000000,0.00142100,981194.00000000,0.00142200,806991.00000000,0.00142300,465281.00000000,0.00142500,826867.00000000,0.00142600,210887.00000000,0.00142700,733176.00000000,0.00142800,255369.00000000,0.03164,14,0.03163,103,0.03161,14,0.0316,90,0.03159,57,0.03158,15,0.03157,104,0.03155,15,0.03154,91,0.03151,103,0.03171,15,0.03172,81,0.03173,103,0.03175,15,0.03176,89,0.03178,15,0.03179,104,0.03182,15,0.03183,76,0.03185,15
binance,gate,FUNUSDT,0.00141700,0.03164,2132.8864,1774110705735,0.00141600,284662.00000000,0.00141500,674212.00000000,0.00141400,547164.00000000,0.00141300,251037.00000000,0.00141200,1224919.00000000,0.00141100,528672.00000000,0.00141000,87589.00000000,0.00140900,67774.00000000,0.00140800,75542.00000000,0.00140700,528475.00000000,0.00141700,4238.00000000,0.00141900,472802.00000000,0.00142000,8742.00000000,0.00142100,981194.00000000,0.00142200,806991.00000000,0.00142300,465281.00000000,0.00142500,826867.00000000,0.00142600,210887.00000000,0.00142700,733176.00000000,0.00142800,255369.00000000,0.03164,14,0.03163,103,0.03161,14,0.0316,90,0.03159,57,0.03158,15,0.03157,104,0.03155,15,0.03154,91,0.03151,103,0.03172,15,0.03173,103,0.03174,66,0.03175,15,0.03176,89,0.03178,15,0.03179,104,0.03182,15,0.03183,76,0.03185,15
binance,gate,FUNUSDT,0.00141700,0.03164,2132.8864,1774110706036,0.00141600,284662.00000000,0.00141500,674212.00000000,0.00141400,547164.00000000,0.00141300,251037.00000000,0.00141200,1224919.00000000,0.00141100,528672.00000000,0.00141000,87589.00000000,0.00140900,67774.00000000,0.00140800,75542.00000000,0.00140700,528475.00000000,0.00141700,4238.00000000,0.00141900,472802.00000000,0.00142000,8742.00000000,0.00142100,981194.00000000,0.00142200,806991.00000000,0.00142300,465281.00000000,0.00142500,826867.00000000,0.00142600,210887.00000000,0.00142700,733176.00000000,0.00142800,255369.00000000,0.03164,14,0.03163,103,0.03161,14,0.0316,90,0.03159,57,0.03158,15,0.03157,104,0.03155,15,0.03154,91,0.03151,103,0.03172,15,0.03173,103,0.03174,66,0.03175,15,0.03176,89,0.03178,15,0.03179,104,0.03182,15,0.03183,76,0.03185,15
binance,gate,FUNUSDT,0.00141700,0.03164,2132.8864,1774110706336,0.00141600,284662.00000000,0.00141500,674212.00000000,0.00141400,547164.00000000,0.00141300,251037.00000000,0.00141200,1224919.00000000,0.00141100,528672.00000000,0.00141000,87589.00000000,0.00140900,67774.00000000,0.00140800,75542.00000000,0.00140700,528475.00000000,0.00141700,4238.00000000,0.00141900,472802.00000000,0.00142000,8742.00000000,0.00142100,981194.00000000,0.00142200,806991.00000000,0.00142300,465281.00000000,0.00142500,826867.00000000,0.00142600,210887.00000000,0.00142700,733176.00000000,0.00142800,255369.00000000,0.03164,14,0.03163,103,0.03161,14,0.0316,90,0.03159,57,0.03158,15,0.03157,104,0.03155,15,0.03154,91,0.03151,103,0.03172,15,0.03173,103,0.03174,66,0.03175,15,0.03176,89,0.03178,15,0.03179,104,0.03182,15,0.03183,76,0.03185,15
