spot_exch,fut_exch,symbol,ask_spot,bid_futures,spread_pct,ts,s_b1,s_b2,s_b3,s_b4,s_b5,s_b6,s_b7,s_b8,s_b9,s_b10,s_bq1,s_bq2,s_bq3,s_bq4,s_bq5,s_bq6,s_bq7,s_bq8,s_bq9,s_bq10,s_a1,s_a2,s_a3,s_a4,s_a5,s_a6,s_a7,s_a8,s_a9,s_a10,s_aq1,s_aq2,s_aq3,s_aq4,s_aq5,s_aq6,s_aq7,s_aq8,s_aq9,s_aq10,f_b1,f_b2,f_b3,f_b4,f_b5,f_b6,f_b7,f_b8,f_b9,f_b10,f_bq1,f_bq2,f_bq3,f_bq4,f_bq5,f_bq6,f_bq7,f_bq8,f_bq9,f_bq10,f_a1,f_a2,f_a3,f_a4,f_a5,f_a6,f_a7,f_a8,f_a9,f_a10,f_aq1,f_aq2,f_aq3,f_aq4,f_aq5,f_aq6,f_aq7,f_aq8,f_aq9,f_aq10
gate,bybit,VANRYUSDT,0.005544,0.005959,7.4856,1774110644000,,,,,,,,,,,,,,,,,,,,,,,,,,,,,,,,,,,,,,,,,0.005959,8180,0.005958,1678,0.005957,1678,0.005956,17108,0.005955,32399,0.005954,73041,0.005953,26168,0.005952,40446,0.005951,78554,0.005950,20225,0.005960,10965,0.005961,3415,0.005962,21562,0.005963,28358,0.005964,20645,0.005965,13866,0.005966,19876,0.005967,71403,0.005968,43072,0.005969,13930
gate,bybit,VANRYUSDT,0.005544,0.005959,7.4856,1774110649862,0.005542,4467,0.005541,18427,0.00554,17209,0.005539,17938,0.005538,27356,0.005537,26289,0.005536,25840,0.005535,21600,0.005534,21600,0.005533,11600,0.005544,4359,0.005545,18197,0.005546,16465,0.005547,130425,0.005548,11600,0.005549,16078,0.00555,18427,0.005551,15819,0.005555,11600,0.005556,11600,0.005959,8180,0.005958,1678,0.005957,1678,0.005956,18430,0.005955,32399,0.005954,73041,0.005953,26168,0.005952,40446,0.005951,78554,0.005950,20225,0.005960,11675,0.005961,3404,0.005962,21562,0.005963,28358,0.005964,20645,0.005965,13866,0.005966,14796,0.005967,71403,0.005968,43072,0.005969,13930
gate,bybit,VANRYUSDT,0.005544,0.005959,7.4856,1774110650162,0.005542,4467,0.005541,18427,0.00554,17209,0.005539,17938,0.005538,27356,0.005537,26289,0.005536,25840,0.005535,21600,0.005534,21600,0.005533,11600,0.005544,4359,0.005545,18197,0.005546,17049,0.005547,130425,0.005548,11600,0.005549,16078,0.00555,18427,0.005551,15819,0.005556,11600,0.005559,11600,0.005959,8180,0.005958,1678,0.005957,1678,0.005956,18430,0.005955,32399,0.005954,73041,0.005953,26168,0.005952,40446,0.005951,78554,0.005950,20225,0.005960,11675,0.005961,3404,0.005962,21562,0.005963,28358,0.005964,20645,0.005965,13866,0.005966,14796,0.005967,71403,0.005968,43072,0.005969,13930
gate,bybit,VANRYUSDT,0.005544,0.005959,7.4856,1774110650462,0.005542,4467,0.005541,18427,0.00554,17209,0.005539,17938,0.005538,27356,0.005537,26289,0.005536,25840,0.005535,21600,0.005534,21600,0.005533,11600,0.005544,4359,0.005545,18197,0.005546,17049,0.005547,130425,0.005548,11600,0.005549,16078,0.00555,18427,0.005551,15819,0.005556,11600,0.005559,11600,0.005959,8180,0.005958,1678,0.005957,1678,0.005956,18430,0.005955,32399,0.005954,73041,0.005953,26168,0.005952,40446,0.005951,78554,0.005950,20225,0.005960,11675,0.005961,3404,0.005962,21562,0.005963,28358,0.005964,20645,0.005965,13866,0.005966,14796,0.005967,71403,0.005968,43072,0.005969,13930
gate,bybit,VANRYUSDT,0.005544,0.005959,7.4856,1774110650762,0.005542,4467,0.005541,18427,0.00554,17209,0.005539,17938,0.005538,27356,0.005537,26289,0.005536,25840,0.005535,21600,0.005534,21600,0.005533,11600,0.005544,4359,0.005545,18197,0.005546,17049,0.005547,130425,0.005548,11600,0.005549,16078,0.00555,18427,0.005551,15819,0.005556,11600,0.005559,11600,0.005959,8180,0.005958,1678,0.005957,1678,0.005956,18430,0.005955,32399,0.005954,73041,0.005953,26168,0.005952,40446,0.005951,78554,0.005950,20225,0.005960,11675,0.005961,3404,0.005962,21562,0.005963,28358,0.005964,20645,0.005965,13866,0.005966,14796,0.005967,71403,0.005968,43072,0.005969,13930
gate,bybit,VANRYUSDT,0.005544,0.005959,7.4856,1774110651063,0.005542,4467,0.005541,18427,0.00554,17209,0.005539,17938,0.005538,27356,0.005537,26289,0.005536,25840,0.005535,21600,0.005534,21600,0.005533,11600,0.005544,4359,0.005545,18197,0.005546,17049,0.005547,130425,0.005548,11600,0.005549,16078,0.00555,18427,0.005551,15819,0.005556,11600,0.005559,11600,0.005959,8180,0.005958,1678,0.005957,1678,0.005956,18430,0.005955,32399,0.005954,73041,0.005953,26168,0.005952,40446,0.005951,78554,0.005950,20225,0.005960,11675,0.005961,3404,0.005962,21562,0.005963,28358,0.005964,20645,0.005965,13866,0.005966,14796,0.005967,71403,0.005968,43072,0.005969,13930
gate,bybit,VANRYUSDT,0.005544,0.005959,7.4856,1774110651363,0.005542,4467,0.005541,18427,0.00554,17209,0.005539,17938,0.005538,27356,0.005537,26289,0.005536,25840,0.005535,21600,0.005534,21600,0.005533,11600,0.005544,4359,0.005545,18197,0.005546,17049,0.005547,130425,0.005548,11600,0.005549,16078,0.00555,18427,0.005551,15819,0.005556,11600,0.005559,11600,0.005959,8180,0.005958,1678,0.005957,1678,0.005956,18430,0.005955,32399,0.005954,73041,0.005953,26168,0.005952,40446,0.005951,78554,0.005950,20225,0.005960,11675,0.005961,3404,0.005962,21562,0.005963,28358,0.005964,20645,0.005965,13866,0.005966,14796,0.005967,71403,0.005968,43072,0.005969,13930
gate,bybit,VANRYUSDT,0.005544,0.005959,7.4856,1774110651663,0.005542,13128,0.005541,18427,0.00554,17209,0.005539,17938,0.005538,27356,0.005537,26289,0.005536,25840,0.005535,21600,0.005534,21600,0.005533,11600,0.005544,4359,0.005545,18197,0.005546,17049,0.005547,130425,0.005548,11600,0.005549,16078,0.00555,18427,0.005551,15819,0.005556,11600,0.005559,11600,0.005959,8180,0.005958,1678,0.005957,1678,0.005956,18430,0.005955,32399,0.005954,73041,0.005953,26168,0.005952,40446,0.005951,78554,0.005950,20225,0.005960,11675,0.005961,3404,0.005962,21562,0.005963,28358,0.005964,20645,0.005965,13866,0.005966,14796,0.005967,71403,0.005968,43072,0.005969,13930
gate,bybit,VANRYUSDT,0.005544,0.005959,7.4856,1774110651964,0.005542,13128,0.005541,18427,0.00554,17209,0.005539,17938,0.005538,27356,0.005537,26289,0.005536,25840,0.005535,21600,0.005534,21600,0.005533,11600,0.005544,4359,0.005545,18197,0.005546,16465,0.005547,130425,0.005548,11600,0.005549,16078,0.00555,18427,0.005551,15819,0.005556,11600,0.005559,11600,0.005959,8180,0.005958,1678,0.005957,1678,0.005956,18430,0.005955,32399,0.005954,73041,0.005953,26168,0.005952,40446,0.005951,78554,0.005950,20225,0.005960,11675,0.005961,3404,0.005962,21562,0.005963,28358,0.005964,20645,0.005965,13866,0.005966,14796,0.005967,71403,0.005968,43072,0.005969,13930
gate,bybit,VANRYUSDT,0.005544,0.005959,7.4856,1774110652264,0.005542,13128,0.005541,18427,0.00554,17209,0.005539,17938,0.005538,27356,0.005537,26289,0.005536,25840,0.005535,21600,0.005534,21600,0.005533,11600,0.005544,4359,0.005545,18197,0.005546,16465,0.005547,130425,0.005548,11600,0.005549,16078,0.00555,18427,0.005551,15819,0.005556,11600,0.005559,11600,0.005959,8180,0.005958,1678,0.005957,1678,0.005956,18430,0.005955,32399,0.005954,73041,0.005953,26168,0.005952,40446,0.005951,78554,0.005950,20225,0.005960,11675,0.005961,3404,0.005962,21562,0.005963,28358,0.005964,20645,0.005965,13866,0.005966,14796,0.005967,71403,0.005968,43072,0.005969,13930
gate,bybit,VANRYUSDT,0.005544,0.005959,7.4856,1774110652564,0.005542,13128,0.005541,18427,0.00554,17209,0.005539,17938,0.005538,27356,0.005537,26289,0.005536,25840,0.005535,21600,0.005534,21600,0.005533,11600,0.005544,4359,0.005545,18197,0.005546,17049,0.005547,130425,0.005548,11600,0.005549,16078,0.00555,18427,0.005551,15819,0.005559,11600,0.00556,11600,0.005959,8455,0.005958,1678,0.005957,1678,0.005956,18430,0.005955,32399,0.005954,73041,0.005953,26168,0.005952,40446,0.005951,78554,0.005950,20225,0.005960,11675,0.005961,3404,0.005962,21562,0.005963,28358,0.005964,20645,0.005965,13866,0.005966,14796,0.005967,71403,0.005968,43072,0.005969,13861
gate,bybit,VANRYUSDT,0.005544,0.005959,7.4856,1774110652865,0.005542,13128,0.005541,18427,0.00554,17209,0.005539,17938,0.005538,27356,0.005537,26289,0.005536,25840,0.005535,21600,0.005534,21600,0.005533,11600,0.005544,4359,0.005545,18197,0.005546,16465,0.005547,130425,0.005548,11600,0.005549,16078,0.00555,18427,0.005551,15819,0.005559,11600,0.00556,11600,0.005959,8455,0.005958,1678,0.005957,1678,0.005956,18430,0.005955,32399,0.005954,73041,0.005953,26168,0.005952,40446,0.005951,78554,0.005950,20225,0.005960,11675,0.005961,3404,0.005962,21562,0.005963,28358,0.005964,20645,0.005965,13866,0.005966,14796,0.005967,71403,0.005968,43072,0.005969,13861
gate,bybit,VANRYUSDT,0.005544,0.005959,7.4856,1774110653179,0.005542,13128,0.005541,18427,0.00554,17209,0.005539,17938,0.005538,27356,0.005537,26289,0.005536,25840,0.005535,21600,0.005534,21600,0.005533,11600,0.005544,4359,0.005545,6597,0.005546,17049,0.005547,130425,0.005548,11600,0.005549,16078,0.00555,18427,0.005551,15819,0.005559,11600,0.00556,11600,0.005959,8455,0.005958,1678,0.005957,1678,0.005956,18430,0.005955,32399,0.005954,73041,0.005953,26168,0.005952,40446,0.005951,78554,0.005950,20225,0.005960,11675,0.005961,3404,0.005962,21562,0.005963,28358,0.005964,20645,0.005965,13866,0.005966,14796,0.005967,71403,0.005968,43072,0.005969,13861
gate,bybit,VANRYUSDT,0.005544,0.005959,7.4856,1774110653489,0.005542,13128,0.005541,18427,0.00554,17209,0.005539,17938,0.005538,27356,0.005537,26289,0.005536,25840,0.005535,21600,0.005534,21600,0.005533,11600,0.005545,6597,0.005546,17049,0.005547,130425,0.005548,11600,0.005549,16078,0.00555,18427,0.005551,15819,0.005559,11600,0.00556,11600,0.005561,11600,0.005959,8455,0.005958,1678,0.005957,1678,0.005956,18430,0.005955,32399,0.005954,73041,0.005953,26168,0.005952,40446,0.005951,78554,0.005950,20225,0.005960,11675,0.005961,3404,0.005962,21562,0.005963,28358,0.005964,20645,0.005965,13866,0.005966,14796,0.005967,71403,0.005968,43072,0.005969,13861
gate,bybit,VANRYUSDT,0.005546,0.00596,7.4648,1774110653801,0.005545,4586,0.005544,4512,0.005543,6588,0.005542,16067,0.005541,18427,0.00554,17209,0.005539,17938,0.005538,28185,0.005537,21600,0.005536,21600,0.005546,584,0.005547,123598,0.005548,11600,0.005549,11600,0.00555,18185,0.005551,15819,0.005552,18188,0.005553,4933,0.005559,11600,0.00556,11600,0.005959,8455,0.005958,1678,0.005957,1678,0.005956,18430,0.005955,32399,0.005954,73041,0.005953,26168,0.005952,40446,0.005951,78554,0.005950,20225,0.005960,11675,0.005961,3404,0.005962,21562,0.005963,28358,0.005964,20645,0.005965,13866,0.005966,14796,0.005967,71403,0.005968,43072,0.005969,13861
gate,bybit,VANRYUSDT,0.005546,0.00596,7.4648,1774110654117,0.005545,13247,0.005544,4512,0.005543,18188,0.005542,16067,0.005541,18427,0.00554,17209,0.005539,17938,0.005538,28185,0.005537,21600,0.005536,21600,0.005546,584,0.005547,123598,0.005548,11600,0.005549,11600,0.00555,18185,0.005551,15819,0.005552,18188,0.005553,4933,0.005559,11600,0.00556,11600,0.005959,8455,0.005958,1678,0.005957,1678,0.005956,18430,0.005955,32399,0.005954,73041,0.005953,26168,0.005952,40446,0.005951,78554,0.005950,20225,0.005960,11675,0.005961,3404,0.005962,21562,0.005963,28358,0.005964,20645,0.005965,13866,0.005966,14796,0.005967,71403,0.005968,43072,0.005969,13861
gate,bybit,VANRYUSDT,0.005546,0.00596,7.4648,1774110654430,0.005544,4512,0.005543,18188,0.005542,16067,0.005541,18427,0.00554,17209,0.005539,27938,0.005538,26785,0.005537,21600,0.005536,21600,0.005535,39670,0.005546,5371,0.005547,123598,0.005548,11600,0.005549,11600,0.00555,18185,0.005551,15819,0.005552,18188,0.005553,4933,0.005559,11600,0.00556,11600,0.005960,9389,0.005959,1954,0.005958,20188,0.005957,24314,0.005956,26642,0.005955,32399,0.005954,73041,0.005953,26168,0.005952,40446,0.005951,78554,0.005961,1678,0.005962,19836,0.005963,5782,0.005964,27536,0.005965,13866,0.005966,16139,0.005967,71403,0.005968,34860,0.005969,9755,0.005970,27109
gate,bybit,VANRYUSDT,0.005546,0.00596,7.4648,1774110654744,0.005544,4512,0.005543,18188,0.005542,16067,0.005541,18427,0.00554,17209,0.005539,27938,0.005538,26785,0.005537,21600,0.005536,21600,0.005535,39670,0.005546,5371,0.005547,123598,0.005548,11600,0.005549,18170,0.00555,18185,0.005551,15819,0.005552,18188,0.005553,4933,0.005559,11600,0.00556,11600,0.005960,9389,0.005959,1954,0.005958,20188,0.005957,32674,0.005956,23011,0.005955,30662,0.005954,73041,0.005953,26168,0.005952,40446,0.005951,78554,0.005961,1678,0.005962,19836,0.005963,5782,0.005964,27536,0.005965,13866,0.005966,16139,0.005967,71403,0.005968,34860,0.005969,9755,0.005970,27109
gate,bybit,VANRYUSDT,0.005546,0.005959,7.4468,1774110655059,0.005544,13173,0.005543,18188,0.005542,16067,0.005541,18427,0.00554,17209,0.005539,27938,0.005538,26785,0.005537,26557,0.005536,21600,0.005535,39670,0.005546,4787,0.005547,123598,0.005548,11600,0.005549,18170,0.00555,18185,0.005551,15819,0.005552,18188,0.005559,11600,0.00556,11600,0.005561,11600,0.005960,9389,0.005959,1954,0.005958,20188,0.005957,32674,0.005956,23011,0.005955,30662,0.005954,73041,0.005953,26168,0.005952,40446,0.005951,78554,0.005961,1678,0.005962,19836,0.005963,5782,0.005964,27536,0.005965,13866,0.005966,16139,0.005967,71403,0.005968,34860,0.005969,9755,0.005970,27109
gate,bybit,VANRYUSDT,0.005546,0.005959,7.4468,1774110655370,0.005544,13173,0.005543,18188,0.005542,16067,0.005541,18427,0.00554,17209,0.005539,27938,0.005538,26785,0.005537,26557,0.005536,21600,0.005535,39670,0.005546,5371,0.005547,123598,0.005548,11600,0.005549,11600,0.00555,18185,0.005551,15819,0.005552,18188,0.00556,11600,0.005561,11600,0.005566,11600,0.005960,9389,0.005959,1954,0.005958,1678,0.005957,30948,0.005956,14799,0.005955,30662,0.005954,73041,0.005953,26168,0.005952,40446,0.005951,78554,0.005961,32929,0.005962,19836,0.005963,7508,0.005964,27536,0.005965,13866,0.005966,16139,0.005967,71403,0.005968,34860,0.005969,9755,0.005970,27109
gate,bybit,VANRYUSDT,0.005547,0.00596,7.4455,1774110655689,0.005545,4475,0.005544,13173,0.005543,18188,0.005542,16067,0.005541,18427,0.00554,17209,0.005539,27938,0.005538,26785,0.005537,21600,0.005536,21600,0.005546,584,0.005547,123598,0.005548,11600,0.005549,18168,0.00555,18185,0.005551,15819,0.005552,18188,0.005553,6568,0.00556,11600,0.005561,11600,0.005960,9389,0.005959,1954,0.005958,1678,0.005957,30948,0.005956,14799,0.005955,30662,0.005954,73041,0.005953,26168,0.005952,40446,0.005951,78554,0.005961,32929,0.005962,19836,0.005963,7508,0.005964,27536,0.005965,13866,0.005966,16139,0.005967,71403,0.005968,34860,0.005969,9755,0.005970,27109
gate,bybit,VANRYUSDT,0.005547,0.00596,7.4455,1774110655993,0.005545,4475,0.005544,13173,0.005543,18188,0.005542,16067,0.005541,18427,0.00554,17209,0.005539,27938,0.005538,26785,0.005537,21600,0.005536,21600,0.005546,584,0.005547,123598,0.005548,11600,0.005549,18168,0.00555,18185,0.005551,15819,0.005552,18188,0.005553,6568,0.00556,11600,0.005561,11600,0.005960,9389,0.005959,1954,0.005958,1678,0.005957,30948,0.005956,14799,0.005955,30662,0.005954,73041,0.005953,26168,0.005952,40446,0.005951,78554,0.005961,32929,0.005962,19836,0.005963,7508,0.005964,27536,0.005965,13866,0.005966,16139,0.005967,71403,0.005968,34860,0.005969,9755,0.005970,27109
gate,bybit,VANRYUSDT,0.005547,0.00596,7.4455,1774110656297,0.005545,4475,0.005544,4512,0.005543,18188,0.005542,16067,0.005541,18427,0.00554,27209,0.005539,27938,0.005538,26785,0.005537,21600,0.005536,21600,0.005547,123598,0.005548,11600,0.005549,11600,0.00555,18185,0.005551,15819,0.005552,18188,0.005553,6568,0.00556,11600,0.005561,11600,0.005566,11600,0.005959,10134,0.005958,1678,0.005957,16457,0.005956,17104,0.005955,30662,0.005954,73041,0.005953,26168,0.005952,40446,0.005951,78554,0.005950,20225,0.005960,24393,0.005961,1678,0.005962,19836,0.005963,26589,0.005964,14799,0.005965,13866,0.005966,14796,0.005967,71403,0.005968,34860,0.005969,9755
gate,bybit,VANRYUSDT,0.005547,0.00596,7.4455,1774110656604,0.005545,4475,0.005544,4512,0.005543,18188,0.005542,16067,0.005541,18427,0.00554,27209,0.005539,27938,0.005538,26785,0.005537,21600,0.005536,21600,0.005547,123598,0.005548,11600,0.005549,11600,0.00555,18185,0.005551,15819,0.005552,18188,0.005553,6568,0.00556,11600,0.005561,11600,0.005566,11600,0.005960,13668,0.005959,18700,0.005958,1678,0.005957,26838,0.005956,17104,0.005955,30662,0.005954,73041,0.005953,26168,0.005952,40446,0.005951,78554,0.005961,1678,0.005962,19836,0.005963,5782,0.005964,27530,0.005965,13866,0.005966,14796,0.005967,71403,0.005968,34860,0.005969,9755,0.005970,27109
gate,bybit,VANRYUSDT,0.005546,0.00596,7.4648,1774110656918,0.005544,4512,0.005543,18188,0.005542,16067,0.005541,18427,0.00554,27209,0.005539,27938,0.005538,26785,0.005537,21600,0.005536,21600,0.005535,39670,0.005547,123598,0.005548,11600,0.005549,17469,0.00555,18185,0.005551,15819,0.005552,18188,0.005553,6568,0.00556,11600,0.005561,11600,0.005566,11600,0.005960,13668,0.005959,18700,0.005958,1678,0.005957,26838,0.005956,14799,0.005955,30662,0.005954,73041,0.005953,26168,0.005952,40446,0.005951,78554,0.005961,9854,0.005962,19836,0.005963,5782,0.005964,27530,0.005965,13866,0.005966,16526,0.005967,71403,0.005968,34860,0.005969,9755,0.005970,27109
gate,bybit,VANRYUSDT,0.005546,0.00596,7.4648,1774110657232,0.005544,4512,0.005543,18188,0.005542,16067,0.005541,18427,0.00554,27209,0.005539,27938,0.005538,26785,0.005537,21600,0.005536,21600,0.005535,39670,0.005546,6941,0.005547,123598,0.005548,11600,0.005549,17469,0.00555,18185,0.005551,15819,0.005552,18188,0.00556,11600,0.005561,11600,0.005566,11600,0.005960,13668,0.005959,18700,0.005958,1678,0.005957,26838,0.005956,14799,0.005955,30662,0.005954,73041,0.005953,26168,0.005952,40446,0.005951,78554,0.005961,9854,0.005962,19836,0.005963,5782,0.005964,27530,0.005965,13866,0.005966,16526,0.005967,71403,0.005968,34860,0.005969,9755,0.005970,27109
gate,bybit,VANRYUSDT,0.005544,0.005958,7.4675,1774110657549,0.005542,4938,0.005541,6570,0.00554,17209,0.005539,17938,0.005538,26785,0.005537,26082,0.005536,26494,0.005535,26760,0.005534,21600,0.005533,11600,0.005544,18170,0.005545,19822,0.005546,18541,0.005547,123598,0.005548,11600,0.005549,17469,0.00555,18185,0.005551,11600,0.005552,11600,0.00556,11600,0.005960,13668,0.005959,18700,0.005958,1678,0.005957,26838,0.005956,14799,0.005955,30662,0.005954,73041,0.005953,26168,0.005952,40446,0.005951,78554,0.005961,9854,0.005962,19836,0.005963,5782,0.005964,27530,0.005965,13866,0.005966,16526,0.005967,71403,0.005968,34860,0.005969,9755,0.005970,27109
gate,bybit,VANRYUSDT,0.005544,0.005958,7.4675,1774110657862,0.005542,4938,0.005541,6570,0.00554,17209,0.005539,17938,0.005538,26785,0.005537,26082,0.005536,26494,0.005535,26760,0.005534,21600,0.005533,11600,0.005544,18170,0.005545,19822,0.005546,18541,0.005547,123598,0.005548,11600,0.005549,17469,0.00555,18185,0.005551,11600,0.005552,11600,0.00556,11600,0.005960,13668,0.005959,18700,0.005958,1678,0.005957,26838,0.005956,14799,0.005955,30662,0.005954,73041,0.005953,26168,0.005952,40446,0.005951,78554,0.005961,9854,0.005962,19836,0.005963,5782,0.005964,27530,0.005965,13866,0.005966,14796,0.005967,71403,0.005968,34860,0.005969,9755,0.005970,27109
gate,bybit,VANRYUSDT,0.005544,0.005959,7.4856,1774110658178,0.005542,5523,0.005541,15086,0.00554,5609,0.005539,17938,0.005538,26785,0.005537,26082,0.005536,26494,0.005535,21600,0.005534,21600,0.005533,11600,0.005544,11600,0.005545,19822,0.005546,18541,0.005547,123598,0.005548,11600,0.005549,18111,0.00555,18111,0.005551,4364,0.005552,11600,0.00556,11600,0.005960,8180,0.005959,18700,0.005958,1678,0.005957,26838,0.005956,14799,0.005955,30662,0.005954,73041,0.005953,26168,0.005952,40446,0.005951,78554,0.005961,9854,0.005962,19836,0.005963,5782,0.005964,27530,0.005965,13866,0.005966,16526,0.005967,71403,0.005968,34860,0.005969,9755,0.005970,27109
gate,bybit,VANRYUSDT,0.005544,0.005959,7.4856,1774110658482,0.005542,5523,0.005541,15086,0.00554,5609,0.005539,17938,0.005538,26785,0.005537,26082,0.005536,26494,0.005535,21600,0.005534,21600,0.005533,11600,0.005544,11600,0.005545,19822,0.005546,132404,0.005547,123598,0.005548,11600,0.005549,18111,0.00555,18111,0.005551,4364,0.005552,11600,0.00556,11600,0.005958,9858,0.005957,1678,0.005956,8034,0.005955,13797,0.005954,68935,0.005953,17956,0.005952,40446,0.005951,78554,0.005950,20225,0.005949,35908,0.005959,31251,0.005960,1679,0.005961,5784,0.005962,40634,0.005963,33923,0.005964,14799,0.005965,13866,0.005966,14796,0.005967,71403,0.005968,34860
gate,bybit,VANRYUSDT,0.005544,0.005959,7.4856,1774110658785,0.005542,5523,0.005541,15086,0.00554,5609,0.005539,17938,0.005538,26785,0.005537,26082,0.005536,26494,0.005535,21600,0.005534,21600,0.005533,11600,0.005544,11600,0.005545,19822,0.005546,132404,0.005547,123598,0.005548,11600,0.005549,11600,0.00555,11600,0.005552,11600,0.00556,11600,0.005561,11600,0.005958,9858,0.005957,1678,0.005956,8034,0.005955,13797,0.005954,68935,0.005953,17956,0.005952,40446,0.005951,78554,0.005950,20225,0.005949,35908,0.005959,31251,0.005960,1679,0.005961,5784,0.005962,40634,0.005963,33923,0.005964,14799,0.005965,13866,0.005966,14796,0.005967,71403,0.005968,43072
gate,bybit,VANRYUSDT,0.005543,0.005957,7.4689,1774110659091,0.005541,4845,0.00554,5609,0.005539,17938,0.005538,26785,0.005537,26082,0.005536,26494,0.005535,28088,0.005534,25886,0.005533,11600,0.005531,11600,0.005543,4859,0.005544,18088,0.005545,18633,0.005546,131820,0.005547,123598,0.005548,11600,0.005549,11600,0.00555,11600,0.005552,11600,0.00556,11600,0.005959,8180,0.005958,1678,0.005957,3404,0.005956,18412,0.005955,11493,0.005954,68935,0.005953,17956,0.005952,40446,0.005951,78554,0.005950,20225,0.005960,32394,0.005961,1678,0.005962,19836,0.005963,46650,0.005964,14799,0.005965,13866,0.005966,14796,0.005967,71403,0.005968,43072,0.005969,17967
gate,bybit,VANRYUSDT,0.005543,0.005957,7.4689,1774110659402,0.005541,4845,0.00554,5609,0.005539,17938,0.005538,26785,0.005537,26082,0.005536,26494,0.005535,28088,0.005534,25886,0.005533,11600,0.005532,10000,0.005543,4859,0.005544,18088,0.005545,18633,0.005546,131820,0.005547,123598,0.005548,11600,0.005549,11600,0.00555,11600,0.005552,11600,0.00556,11600,0.005956,8180,0.005955,3405,0.005954,12678,0.005953,17465,0.005952,45777,0.005951,78554,0.005950,28585,0.005949,27548,0.005948,86773,0.005947,34441,0.005957,8180,0.005958,1679,0.005959,5785,0.005960,24187,0.005961,17963,0.005962,27909,0.005963,33923,0.005964,14799,0.005965,13866,0.005966,23008
gate,bybit,VANRYUSDT,0.005543,0.005957,7.4689,1774110659718,0.005541,4845,0.00554,5609,0.005539,17938,0.005538,26785,0.005537,26082,0.005536,26494,0.005535,28088,0.005534,25886,0.005533,11600,0.005532,10000,0.005543,4859,0.005544,18088,0.005545,18633,0.005546,131820,0.005547,123598,0.005548,11600,0.005549,11600,0.00555,11600,0.005552,11600,0.00556,11600,0.005957,13537,0.005956,1679,0.005955,24304,0.005954,23056,0.005953,15161,0.005952,45777,0.005951,78554,0.005950,28585,0.005949,27548,0.005948,86773,0.005958,1679,0.005959,1679,0.005960,6177,0.005961,32398,0.005962,27909,0.005963,33923,0.005964,14799,0.005965,13866,0.005966,23008,0.005967,71403
gate,bybit,VANRYUSDT,0.005543,0.005957,7.4689,1774110660022,0.005541,4845,0.00554,5609,0.005539,17938,0.005538,26785,0.005537,26082,0.005536,26494,0.005535,28088,0.005534,25886,0.005533,11600,0.005532,10000,0.005543,4859,0.005544,18088,0.005545,18633,0.005546,131820,0.005547,123598,0.005548,11600,0.005549,11600,0.00555,11600,0.005552,11600,0.00556,11600,0.005957,13537,0.005956,1679,0.005955,24304,0.005954,23056,0.005953,15161,0.005952,45777,0.005951,78554,0.005950,28585,0.005949,27548,0.005948,86773,0.005958,1679,0.005959,1679,0.005960,6177,0.005961,32398,0.005962,27909,0.005963,33923,0.005964,14799,0.005965,13866,0.005966,23008,0.005967,71403
gate,bybit,VANRYUSDT,0.005543,0.005957,7.4689,1774110660331,0.005541,4845,0.00554,5609,0.005539,17938,0.005538,26785,0.005537,26082,0.005536,26494,0.005535,28088,0.005534,25886,0.005533,11600,0.005532,10000,0.005543,4859,0.005544,18088,0.005545,18633,0.005546,131820,0.005547,123598,0.005548,11600,0.005549,11600,0.00555,11600,0.005552,11600,0.00556,11600,0.005957,13537,0.005956,1679,0.005955,24304,0.005954,23056,0.005953,15161,0.005952,45777,0.005951,78554,0.005950,28585,0.005949,27548,0.005948,86773,0.005958,1679,0.005959,1679,0.005960,6177,0.005961,32398,0.005962,27909,0.005963,33923,0.005964,14799,0.005965,21550,0.005966,23008,0.005967,63758
gate,bybit,VANRYUSDT,0.005542,0.005957,7.4883,1774110660646,0.005541,4845,0.00554,5609,0.005539,17938,0.005538,26785,0.005537,26082,0.005536,26494,0.005535,28088,0.005534,25886,0.005533,29676,0.005532,10000,0.005543,4859,0.005544,18088,0.005545,18049,0.005546,131820,0.005547,123598,0.005548,11600,0.005549,11600,0.00555,11600,0.005552,11600,0.00556,11600,0.005957,8180,0.005956,1679,0.005955,22578,0.005954,21347,0.005953,13839,0.005952,44068,0.005951,78554,0.005950,28585,0.005949,27548,0.005948,86773,0.005958,34411,0.005959,3116,0.005960,6177,0.005961,32398,0.005962,27909,0.005963,33923,0.005964,14799,0.005965,21550,0.005966,23008,0.005967,63758
gate,bybit,VANRYUSDT,0.005542,0.005957,7.4883,1774110660958,0.00554,5609,0.005539,17938,0.005538,26785,0.005537,26082,0.005536,26494,0.005535,28088,0.005534,25886,0.005533,11600,0.005532,10000,0.005525,18103,0.005542,4736,0.005543,16459,0.005544,18088,0.005545,18633,0.005546,131820,0.005547,123598,0.005548,11600,0.005549,11600,0.00555,11600,0.005552,11600,0.005957,8180,0.005956,1679,0.005955,22578,0.005954,21347,0.005953,13839,0.005952,44068,0.005951,78554,0.005950,28585,0.005949,27548,0.005948,86773,0.005958,34411,0.005959,3116,0.005960,6177,0.005961,32398,0.005962,27909,0.005963,33923,0.005964,14799,0.005965,21550,0.005966,23008,0.005967,63758
gate,bybit,VANRYUSDT,0.005542,0.005957,7.4883,1774110661274,0.00554,5609,0.005539,17938,0.005538,26785,0.005537,26082,0.005536,26494,0.005535,28088,0.005534,25886,0.005533,11600,0.005532,11600,0.005525,18103,0.005542,4736,0.005543,16459,0.005544,18088,0.005545,18633,0.005546,131820,0.005547,123598,0.005549,11600,0.00555,11600,0.005552,11600,0.00556,11600,0.005957,8180,0.005956,1679,0.005955,22578,0.005954,21347,0.005953,13839,0.005952,44068,0.005951,78554,0.005950,28585,0.005949,27548,0.005948,86773,0.005958,34411,0.005959,3116,0.005960,6177,0.005961,32398,0.005962,27909,0.005963,33923,0.005964,14799,0.005965,21550,0.005966,23008,0.005967,63758
gate,bybit,VANRYUSDT,0.005542,0.005956,7.4702,1774110661588,0.005542,4951,0.005541,7968,0.00554,5609,0.005539,17938,0.005538,26785,0.005537,26082,0.005536,26494,0.005535,21600,0.005534,21600,0.005533,11600,0.005543,11600,0.005544,11600,0.005545,18633,0.005546,131820,0.005547,123598,0.005549,11600,0.00555,11600,0.005552,11600,0.00556,11600,0.005561,11600,0.005957,8180,0.005956,1679,0.005955,22578,0.005954,21347,0.005953,13839,0.005952,44068,0.005951,78554,0.005950,28585,0.005949,27548,0.005948,86773,0.005958,34411,0.005959,3116,0.005960,6177,0.005961,32398,0.005962,27909,0.005963,33923,0.005964,14799,0.005965,21550,0.005966,23008,0.005967,63758
gate,bybit,VANRYUSDT,0.005541,0.005956,7.4896,1774110661896,0.005539,6514,0.005538,16785,0.005537,16082,0.005536,26494,0.005535,28114,0.005534,28114,0.005533,16028,0.005532,11600,0.005526,21600,0.005525,18103,0.005542,16801,0.005543,18114,0.005544,18114,0.005545,18049,0.005546,131820,0.005547,123598,0.005549,11600,0.00555,11600,0.005552,11600,0.00556,11600,0.005957,8180,0.005956,1679,0.005955,22578,0.005954,21347,0.005953,13839,0.005952,44068,0.005951,78554,0.005950,28585,0.005949,27548,0.005948,86773,0.005958,34411,0.005959,3116,0.005960,6177,0.005961,32398,0.005962,27909,0.005963,33923,0.005964,14799,0.005965,21550,0.005966,23008,0.005967,63758
gate,bybit,VANRYUSDT,0.005541,0.005956,7.4896,1774110662200,0.005539,15175,0.005538,16785,0.005537,16082,0.005536,26494,0.005535,28114,0.005534,28114,0.005533,16028,0.005532,11600,0.005527,18096,0.005526,11600,0.005541,4326,0.005542,16801,0.005543,18114,0.005544,18114,0.005545,18633,0.005546,131820,0.005547,123598,0.005549,11600,0.00555,11600,0.005552,11600,0.005956,1679,0.005955,1679,0.005954,15075,0.005953,15353,0.005952,35856,0.005951,78554,0.005950,28585,0.005949,27548,0.005948,86773,0.005947,34441,0.005957,8180,0.005958,1679,0.005959,3388,0.005960,25439,0.005961,25031,0.005962,27909,0.005963,33923,0.005964,14799,0.005965,21550,0.005966,23008
gate,bybit,VANRYUSDT,0.005541,0.005956,7.4896,1774110662509,0.005539,15175,0.005538,16785,0.005537,16082,0.005536,26494,0.005535,28114,0.005534,28114,0.005533,16028,0.005532,11600,0.005527,18096,0.005526,11600,0.005541,4326,0.005542,16801,0.005543,18114,0.005544,18114,0.005545,18633,0.005546,131820,0.005547,123598,0.005549,11600,0.00555,11600,0.005552,11600,0.005956,7005,0.005955,1679,0.005954,15075,0.005953,17657,0.005952,35856,0.005951,78554,0.005950,28585,0.005949,27548,0.005948,86773,0.005947,34441,0.005957,8180,0.005958,1679,0.005959,3388,0.005960,32396,0.005961,13855,0.005962,27909,0.005963,33923,0.005964,14799,0.005965,21550,0.005966,23008
gate,bybit,VANRYUSDT,0.005541,0.005956,7.4896,1774110662818,0.005539,15175,0.005538,16785,0.005537,16082,0.005536,26494,0.005535,28114,0.005534,28114,0.005533,16028,0.005532,11600,0.005527,18096,0.005526,11600,0.005541,4326,0.005542,16801,0.005543,18114,0.005544,18114,0.005545,18633,0.005546,131820,0.005547,123598,0.005549,11600,0.00555,11600,0.005552,11600,0.005956,5406,0.005955,1679,0.005954,15075,0.005953,16143,0.005952,35856,0.005951,78554,0.005950,28585,0.005949,27548,0.005948,86773,0.005947,34441,0.005957,13861,0.005958,1679,0.005959,3388,0.005960,32396,0.005961,13855,0.005962,27909,0.005963,33923,0.005964,14799,0.005965,21550,0.005966,23008
gate,bybit,VANRYUSDT,0.005541,0.005956,7.4896,1774110663128,0.005539,6514,0.005538,16785,0.005537,16082,0.005536,26494,0.005535,28114,0.005534,28114,0.005533,16028,0.005532,11600,0.005529,18090,0.005528,21600,0.005541,4326,0.005542,16801,0.005543,18114,0.005544,18114,0.005545,18049,0.005546,131820,0.005547,123598,0.005549,11600,0.00555,11600,0.005552,11600,0.005956,5406,0.005955,1679,0.005954,15075,0.005953,16143,0.005952,35856,0.005951,78554,0.005950,28585,0.005949,27548,0.005948,86773,0.005947,34441,0.005957,13861,0.005958,1679,0.005959,3388,0.005960,32396,0.005961,13855,0.005962,27909,0.005963,33923,0.005964,14799,0.005965,21550,0.005966,23008
gate,bybit,VANRYUSDT,0.005541,0.005956,7.4896,1774110663434,0.005539,6514,0.005538,16785,0.005537,16082,0.005536,26494,0.005535,28114,0.005534,28114,0.005533,16028,0.005532,11600,0.005529,29690,0.005528,21600,0.005541,4326,0.005542,16801,0.005543,18114,0.005544,18114,0.005545,18633,0.005546,131820,0.005547,123598,0.005549,11600,0.00555,11600,0.005552,11600,0.005956,5406,0.005955,1679,0.005954,15075,0.005953,16143,0.005952,35856,0.005951,78554,0.005950,28585,0.005949,27548,0.005948,86773,0.005947,34441,0.005957,13861,0.005958,1679,0.005959,3388,0.005960,32396,0.005961,13855,0.005962,27909,0.005963,33923,0.005964,14799,0.005965,21550,0.005966,23008
gate,bybit,VANRYUSDT,0.005542,0.005956,7.4702,1774110663735,0.005539,6514,0.005538,16785,0.005537,16082,0.005536,26494,0.005535,28114,0.005534,28114,0.005533,16028,0.005532,11600,0.005529,39690,0.005528,21600,0.005542,16801,0.005543,18114,0.005544,18114,0.005545,18633,0.005546,131820,0.005547,123598,0.00555,11600,0.005552,11600,0.00556,11600,0.005561,11600,0.005956,5406,0.005955,3389,0.005954,16785,0.005953,17853,0.005952,35856,0.005951,78554,0.005950,28585,0.005949,27548,0.005948,86773,0.005947,34441,0.005957,13861,0.005958,1679,0.005959,3388,0.005960,32396,0.005961,13855,0.005962,27909,0.005963,33923,0.005964,14799,0.005965,21550,0.005966,23008
gate,bybit,VANRYUSDT,0.005542,0.005956,7.4702,1774110664038,0.005539,6514,0.005538,16785,0.005537,16082,0.005536,26494,0.005535,28114,0.005534,28114,0.005533,16028,0.005532,11600,0.005529,39690,0.005528,21600,0.005542,16801,0.005543,18114,0.005544,18114,0.005545,18633,0.005546,131820,0.005547,123598,0.00555,11600,0.005552,11600,0.00556,11600,0.005561,11600,0.005956,7806,0.005955,3389,0.005954,16785,0.005953,17853,0.005952,35856,0.005951,78554,0.005950,28585,0.005949,27548,0.005948,86773,0.005947,34441,0.005957,13861,0.005958,1679,0.005959,1679,0.005960,32396,0.005961,13855,0.005962,27909,0.005963,33923,0.005964,14799,0.005965,21550,0.005966,23008
gate,bybit,VANRYUSDT,0.005543,0.005957,7.4689,1774110664338,0.00554,6531,0.005539,6514,0.005538,16785,0.005537,16082,0.005536,26494,0.005535,28114,0.005534,28114,0.005533,16028,0.005532,11600,0.005531,18083,0.005542,11600,0.005543,18114,0.005544,18114,0.005545,18049,0.005546,131820,0.005547,123598,0.00555,11600,0.005552,11600,0.00556,11600,0.005561,11600,0.005957,8180,0.005956,7086,0.005955,3389,0.005954,27170,0.005953,13839,0.005952,35856,0.005951,78554,0.005950,28585,0.005949,27548,0.005948,86773,0.005958,9855,0.005959,1679,0.005960,7108,0.005961,28303,0.005962,27909,0.005963,33923,0.005964,14799,0.005965,21550,0.005966,23008,0.005967,63758
gate,bybit,VANRYUSDT,0.005543,0.005957,7.4689,1774110664644,0.00554,6531,0.005539,6514,0.005538,16785,0.005537,16082,0.005536,26494,0.005535,28114,0.005534,28114,0.005533,16028,0.005532,11600,0.005531,18083,0.005542,11600,0.005543,18114,0.005544,18114,0.005545,18049,0.005546,131820,0.005547,123598,0.00555,11600,0.005552,11600,0.00556,11600,0.005561,11600,0.005957,8180,0.005956,7086,0.005955,3389,0.005954,27170,0.005953,13839,0.005952,35856,0.005951,78554,0.005950,28585,0.005949,27548,0.005948,86773,0.005958,9855,0.005959,1679,0.005960,7108,0.005961,28303,0.005962,27909,0.005963,33923,0.005964,14799,0.005965,21550,0.005966,23008,0.005967,63758
gate,bybit,VANRYUSDT,0.005543,0.005957,7.4689,1774110664949,0.005541,4661,0.00554,6531,0.005539,18114,0.005538,16785,0.005537,16082,0.005536,26494,0.005535,28114,0.005534,26121,0.005533,11600,0.005532,11600,0.005543,18079,0.005544,18114,0.005545,18633,0.005546,131820,0.005547,123598,0.00555,11600,0.005552,11600,0.00556,11600,0.005561,11600,0.005566,11600,0.005957,8180,0.005956,7086,0.005955,3389,0.005954,27170,0.005953,13839,0.005952,35856,0.005951,78554,0.005950,28585,0.005949,27548,0.005948,86773,0.005958,9855,0.005959,1679,0.005960,7108,0.005961,28303,0.005962,27909,0.005963,33923,0.005964,14799,0.005965,21550,0.005966,23008,0.005967,63758
gate,bybit,VANRYUSDT,0.005543,0.005957,7.4689,1774110665254,0.005541,4661,0.00554,6531,0.005539,18114,0.005538,16785,0.005537,16082,0.005536,26494,0.005535,28114,0.005534,26121,0.005533,21600,0.005532,11600,0.005543,18079,0.005544,18114,0.005545,18049,0.005546,131820,0.005547,123598,0.00555,11600,0.005552,11600,0.00556,11600,0.005561,11600,0.005566,11600,0.005957,8180,0.005956,7086,0.005955,3389,0.005954,27170,0.005953,13839,0.005952,35856,0.005951,78554,0.005950,28585,0.005949,27548,0.005948,86773,0.005958,9855,0.005959,1679,0.005960,7108,0.005961,28303,0.005962,27909,0.005963,33923,0.005964,14799,0.005965,21550,0.005966,23008,0.005967,63758
gate,bybit,VANRYUSDT,0.005543,0.005957,7.4689,1774110665556,0.005541,4661,0.00554,6531,0.005539,18114,0.005538,16785,0.005537,16082,0.005536,26494,0.005535,28114,0.005534,26121,0.005533,21600,0.005532,11600,0.005543,18079,0.005544,18114,0.005545,18633,0.005546,131820,0.005547,123598,0.00555,11600,0.005552,11600,0.00556,11600,0.005561,11600,0.005566,11600,0.005957,8180,0.005956,7086,0.005955,3389,0.005954,27170,0.005953,13839,0.005952,35856,0.005951,78554,0.005950,28585,0.005949,27548,0.005948,86773,0.005958,9855,0.005959,1679,0.005960,7108,0.005961,28303,0.005962,27909,0.005963,33923,0.005964,14799,0.005965,21550,0.005966,23008,0.005967,63758
gate,bybit,VANRYUSDT,0.005543,0.005957,7.4689,1774110665857,0.005541,4661,0.00554,6531,0.005539,18114,0.005538,16785,0.005537,16082,0.005536,26494,0.005535,28114,0.005534,26121,0.005533,21600,0.005532,11600,0.005543,18079,0.005544,18114,0.005545,18633,0.005546,131820,0.005547,123598,0.00555,11600,0.005552,11600,0.00556,11600,0.005561,11600,0.005566,11600,0.005957,12262,0.005956,3004,0.005955,3389,0.005954,27170,0.005953,15548,0.005952,35856,0.005951,78554,0.005950,28585,0.005949,27548,0.005948,86773,0.005958,9855,0.005959,1679,0.005960,7108,0.005961,28303,0.005962,27909,0.005963,33923,0.005964,14799,0.005965,21550,0.005966,23008,0.005967,63758
gate,bybit,VANRYUSDT,0.005543,0.005957,7.4689,1774110666172,0.005541,4661,0.00554,6531,0.005539,18114,0.005538,16785,0.005537,16082,0.005536,26494,0.005535,28114,0.005534,26121,0.005533,21600,0.005532,11600,0.005543,6479,0.005544,18114,0.005545,18633,0.005546,131820,0.005547,123598,0.005549,4365,0.00555,11600,0.005552,11600,0.00556,11600,0.005561,11600,0.005957,12262,0.005956,3004,0.005955,3389,0.005954,27170,0.005953,15548,0.005952,35856,0.005951,78554,0.005950,28585,0.005949,27548,0.005948,86773,0.005958,9855,0.005959,1679,0.005960,7108,0.005961,28303,0.005962,27909,0.005963,33923,0.005964,14799,0.005965,21550,0.005966,23008,0.005967,63758
gate,bybit,VANRYUSDT,0.005543,0.005957,7.4689,1774110666482,0.005541,4661,0.00554,6531,0.005539,18114,0.005538,16785,0.005537,16082,0.005536,26494,0.005535,28114,0.005534,26121,0.005533,21600,0.005532,11600,0.005543,6479,0.005544,18114,0.005545,18633,0.005546,131820,0.005547,123598,0.005549,4365,0.00555,11600,0.005552,11600,0.00556,11600,0.005561,11600,0.005957,12262,0.005956,3004,0.005955,3389,0.005954,27170,0.005953,15548,0.005952,35856,0.005951,78554,0.005950,28585,0.005949,27548,0.005948,86773,0.005958,9855,0.005959,1679,0.005960,7108,0.005961,28303,0.005962,27909,0.005963,33923,0.005964,14799,0.005965,21550,0.005966,23008,0.005967,63758
gate,bybit,VANRYUSDT,0.005543,0.005957,7.4689,1774110666796,0.005541,4661,0.00554,6531,0.005539,18114,0.005538,16785,0.005537,16082,0.005536,26494,0.005535,28114,0.005534,26121,0.005533,21600,0.005532,11600,0.005543,6479,0.005544,18114,0.005545,18633,0.005546,131820,0.005547,123598,0.005549,4365,0.00555,11600,0.005552,11600,0.00556,11600,0.005561,11600,0.005957,12262,0.005956,3004,0.005955,3389,0.005954,27170,0.005953,15548,0.005952,35856,0.005951,78554,0.005950,28585,0.005949,27548,0.005948,86773,0.005958,9855,0.005959,1679,0.005960,7108,0.005961,28303,0.005962,27909,0.005963,33923,0.005964,14799,0.005965,21550,0.005966,23008,0.005967,63758
gate,bybit,VANRYUSDT,0.005543,0.005957,7.4689,1774110667112,0.005541,13322,0.00554,6531,0.005539,18114,0.005538,16785,0.005537,16082,0.005536,26494,0.005535,28114,0.005534,26121,0.005533,21600,0.005532,11600,0.005543,6479,0.005544,18114,0.005545,18633,0.005546,131820,0.005547,123598,0.005549,11600,0.005552,11600,0.00556,11600,0.005561,11600,0.005566,11600,0.005957,12262,0.005956,3004,0.005955,3389,0.005954,27170,0.005953,15548,0.005952,35856,0.005951,78554,0.005950,28585,0.005949,27548,0.005948,86773,0.005958,9855,0.005959,1679,0.005960,7108,0.005961,28303,0.005962,27909,0.005963,33923,0.005964,14799,0.005965,21550,0.005966,23008,0.005967,63758
gate,bybit,VANRYUSDT,0.005543,0.005957,7.4689,1774110667420,0.005541,13322,0.00554,6531,0.005539,18114,0.005538,16785,0.005537,16082,0.005536,26494,0.005535,28114,0.005534,26121,0.005533,21600,0.005532,11600,0.005543,6479,0.005544,18114,0.005545,18633,0.005546,131820,0.005547,123598,0.005549,11600,0.005552,11600,0.00556,11600,0.005561,11600,0.005566,11600,0.005957,12262,0.005956,3004,0.005955,3389,0.005954,27170,0.005953,15548,0.005952,35856,0.005951,78554,0.005950,28585,0.005949,27548,0.005948,86773,0.005958,9855,0.005959,1679,0.005960,7108,0.005961,28303,0.005962,27909,0.005963,33923,0.005964,14799,0.005965,21550,0.005966,23008,0.005967,63758
gate,bybit,VANRYUSDT,0.005543,0.005957,7.4689,1774110667734,0.005541,13322,0.00554,6531,0.005539,18114,0.005538,16785,0.005537,16082,0.005536,26494,0.005535,28114,0.005534,26121,0.005533,21600,0.005532,11600,0.005543,6479,0.005544,18114,0.005545,18633,0.005546,131820,0.005547,123598,0.005549,11600,0.005552,11600,0.00556,11600,0.005561,11600,0.005566,11600,0.005957,12262,0.005956,3004,0.005955,3389,0.005954,27170,0.005953,15548,0.005952,35856,0.005951,78554,0.005950,28585,0.005949,27548,0.005948,86773,0.005958,9855,0.005959,1679,0.005960,7108,0.005961,28303,0.005962,27909,0.005963,33923,0.005964,14799,0.005965,21550,0.005966,23008,0.005967,63758
gate,bybit,VANRYUSDT,0.005543,0.005957,7.4689,1774110668049,0.005541,4661,0.00554,6531,0.005539,18114,0.005538,16785,0.005537,16082,0.005536,26494,0.005535,28114,0.005534,26121,0.005533,21600,0.005532,11600,0.005543,6479,0.005544,18114,0.005545,18633,0.005546,131820,0.005547,123598,0.005549,11600,0.005552,11600,0.00556,11600,0.005561,11600,0.005566,11600,0.005957,12262,0.005956,4713,0.005955,3389,0.005954,27170,0.005953,15548,0.005952,35856,0.005951,78554,0.005950,28585,0.005949,27548,0.005948,86773,0.005958,9855,0.005959,1679,0.005960,5785,0.005961,26593,0.005962,27909,0.005963,33923,0.005964,14799,0.005965,21550,0.005966,23008,0.005967,63758
gate,bybit,VANRYUSDT,0.005543,0.005957,7.4689,1774110668359,0.005541,13322,0.00554,6531,0.005539,18114,0.005538,16785,0.005537,16082,0.005536,26494,0.005535,28114,0.005534,21600,0.005533,21600,0.005532,11600,0.005544,18114,0.005545,18049,0.005546,131820,0.005547,123598,0.005549,11600,0.005552,11600,0.00556,11600,0.005561,11600,0.005566,11600,0.005567,18720,0.005957,12262,0.005956,4713,0.005955,3389,0.005954,27170,0.005953,15548,0.005952,35856,0.005951,78554,0.005950,28585,0.005949,27548,0.005948,86773,0.005958,9855,0.005959,1679,0.005960,5785,0.005961,26593,0.005962,27909,0.005963,33923,0.005964,14799,0.005965,21550,0.005966,23008,0.005967,63758
gate,bybit,VANRYUSDT,0.005543,0.005957,7.4689,1774110668667,0.005541,4661,0.00554,6531,0.005539,18114,0.005538,16785,0.005537,16082,0.005536,26494,0.005535,28114,0.005534,21600,0.005533,21600,0.005532,11600,0.005543,5025,0.005544,18114,0.005545,18633,0.005546,131820,0.005547,123598,0.005549,11600,0.005552,11600,0.00556,11600,0.005561,11600,0.005566,11600,0.005957,12262,0.005956,4713,0.005955,3389,0.005954,27170,0.005953,15548,0.005952,35856,0.005951,78554,0.005950,28585,0.005949,27548,0.005948,86773,0.005958,9855,0.005959,1679,0.005960,5785,0.005961,26593,0.005962,27909,0.005963,33923,0.005964,14799,0.005965,21550,0.005966,23008,0.005967,63758
gate,bybit,VANRYUSDT,0.005543,0.005957,7.4689,1774110668973,0.005541,4661,0.00554,6531,0.005539,18114,0.005538,16785,0.005537,16082,0.005536,26494,0.005535,28114,0.005534,21600,0.005533,21600,0.005532,11600,0.005543,5025,0.005544,18114,0.005545,18633,0.005546,131820,0.005547,123598,0.005549,11600,0.005552,11600,0.00556,11600,0.005561,11600,0.005566,11600,0.005957,17703,0.005956,4713,0.005955,3389,0.005954,27170,0.005953,15548,0.005952,35856,0.005951,78554,0.005950,28585,0.005949,27548,0.005948,86773,0.005958,9855,0.005959,1679,0.005960,5785,0.005961,26593,0.005962,27909,0.005963,33923,0.005964,14799,0.005965,21550,0.005966,23008,0.005967,63758
gate,bybit,VANRYUSDT,0.005543,0.005957,7.4689,1774110669279,0.005541,4661,0.00554,6531,0.005539,18114,0.005538,16785,0.005537,16082,0.005536,26494,0.005535,28114,0.005534,21600,0.005533,21600,0.005532,11600,0.005543,5025,0.005544,18114,0.005545,18633,0.005546,131820,0.005547,123598,0.005549,11600,0.005552,11600,0.00556,11600,0.005561,11600,0.005566,11600,0.005957,12262,0.005956,3004,0.005955,3389,0.005954,27170,0.005953,15548,0.005952,35856,0.005951,78554,0.005950,28585,0.005949,27548,0.005948,86773,0.005958,9855,0.005959,1679,0.005960,7412,0.005961,26593,0.005962,27909,0.005963,33923,0.005964,14799,0.005965,21550,0.005966,23008,0.005967,63758
gate,bybit,VANRYUSDT,0.005543,0.005957,7.4689,1774110669589,0.005541,4661,0.00554,6531,0.005539,18114,0.005538,16785,0.005537,16082,0.005536,26494,0.005535,28114,0.005534,21600,0.005533,21600,0.005532,11600,0.005543,5025,0.005544,18114,0.005545,18633,0.005546,131820,0.005547,123598,0.005549,11600,0.005552,11600,0.00556,11600,0.005561,11600,0.005566,11600,0.005957,12262,0.005956,3004,0.005955,3389,0.005954,27170,0.005953,13839,0.005952,35856,0.005951,78554,0.005950,28585,0.005949,27548,0.005948,86773,0.005958,9855,0.005959,3388,0.005960,7412,0.005961,26593,0.005962,27909,0.005963,33923,0.005964,14799,0.005965,21550,0.005966,23008,0.005967,63758
gate,bybit,VANRYUSDT,0.005543,0.005957,7.4689,1774110669892,0.005541,4661,0.00554,6531,0.005539,18114,0.005538,16785,0.005537,16082,0.005536,26494,0.005535,28114,0.005534,21600,0.005533,21600,0.005532,11600,0.005543,5025,0.005544,18114,0.005545,18633,0.005546,131820,0.005547,123598,0.005549,11600,0.005552,11600,0.00556,11600,0.005561,11600,0.005566,11600,0.005957,12262,0.005956,3004,0.005955,3389,0.005954,27170,0.005953,13839,0.005952,35856,0.005951,78554,0.005950,28585,0.005949,27548,0.005948,86773,0.005958,9855,0.005959,3388,0.005960,7412,0.005961,26593,0.005962,27909,0.005963,33923,0.005964,14799,0.005965,21550,0.005966,23008,0.005967,63758
gate,bybit,VANRYUSDT,0.005543,0.005957,7.4689,1774110670219,0.005541,4661,0.00554,6531,0.005539,18114,0.005538,16785,0.005537,16082,0.005536,26494,0.005535,28114,0.005534,21600,0.005533,21600,0.005532,11600,0.005543,5025,0.005544,18114,0.005545,18633,0.005546,131820,0.005547,123598,0.005549,11600,0.005552,11600,0.00556,11600,0.005561,11600,0.005566,11600,0.005957,67896,0.005956,3004,0.005955,1679,0.005954,25460,0.005953,13839,0.005952,35856,0.005951,78554,0.005950,28585,0.005949,27548,0.005948,86773,0.005958,9855,0.005959,1679,0.005960,5785,0.005961,26593,0.005962,27909,0.005963,33923,0.005964,14799,0.005965,21550,0.005966,23008,0.005967,63758
gate,bybit,VANRYUSDT,0.005543,0.005957,7.4689,1774110670524,0.005541,4661,0.00554,6531,0.005539,18114,0.005538,16785,0.005537,16082,0.005536,26494,0.005535,28114,0.005534,21600,0.005533,21600,0.005532,11600,0.005543,5025,0.005544,18114,0.005545,18049,0.005546,131820,0.005547,123598,0.005552,11600,0.00556,11600,0.005561,11600,0.005566,11600,0.005567,18720,0.005957,68290,0.005956,3004,0.005955,1679,0.005954,25460,0.005953,13839,0.005952,35856,0.005951,78554,0.005950,28585,0.005949,27548,0.005948,86773,0.005958,9855,0.005959,1679,0.005960,5785,0.005961,26593,0.005962,27909,0.005963,33923,0.005964,14799,0.005965,21550,0.005966,23008,0.005967,63758
gate,bybit,VANRYUSDT,0.005543,0.005957,7.4689,1774110670824,0.005541,4661,0.00554,6531,0.005539,18114,0.005538,16785,0.005537,16082,0.005536,26494,0.005535,28114,0.005534,25966,0.005533,21600,0.005532,11600,0.005543,5025,0.005544,18114,0.005545,18633,0.005546,131820,0.005547,123598,0.005552,11600,0.00556,11600,0.005561,11600,0.005566,11600,0.005567,18720,0.005957,68290,0.005956,3004,0.005955,1679,0.005954,25460,0.005953,13839,0.005952,35856,0.005951,78554,0.005950,28585,0.005949,27548,0.005948,86773,0.005958,9855,0.005959,1679,0.005960,5785,0.005961,26593,0.005962,27909,0.005963,33923,0.005964,14799,0.005965,21550,0.005966,23008,0.005967,63758
gate,bybit,VANRYUSDT,0.005543,0.005957,7.4689,1774110671133,0.005541,4661,0.00554,6531,0.005539,18114,0.005538,16785,0.005537,16082,0.005536,26494,0.005535,28114,0.005534,25966,0.005533,21600,0.005532,11600,0.005543,5025,0.005544,18114,0.005545,18633,0.005546,131820,0.005547,123598,0.005552,11600,0.00556,11600,0.005561,11600,0.005566,11600,0.005567,18720,0.005957,68290,0.005956,3004,0.005955,1679,0.005954,25460,0.005953,13839,0.005952,35856,0.005951,78554,0.005950,28585,0.005949,27548,0.005948,86773,0.005958,9855,0.005959,1679,0.005960,5785,0.005961,26593,0.005962,27909,0.005963,33923,0.005964,14799,0.005965,21550,0.005966,23008,0.005967,63758
gate,bybit,VANRYUSDT,0.005543,0.005957,7.4689,1774110671433,0.005541,4661,0.00554,6531,0.005539,18114,0.005538,16785,0.005537,16082,0.005536,26494,0.005535,28114,0.005534,25966,0.005533,21600,0.005532,11600,0.005543,5025,0.005544,18114,0.005545,18633,0.005546,131820,0.005547,123598,0.005552,11600,0.00556,11600,0.005561,11600,0.005566,11600,0.005567,18720,0.005957,68290,0.005956,3004,0.005955,1679,0.005954,25460,0.005953,13839,0.005952,35856,0.005951,78554,0.005950,28585,0.005949,27548,0.005948,86773,0.005958,9855,0.005959,1679,0.005960,5785,0.005961,26593,0.005962,27909,0.005963,33923,0.005964,14799,0.005965,21550,0.005966,23008,0.005967,63758
gate,bybit,VANRYUSDT,0.005543,0.005957,7.4689,1774110671733,0.005541,4661,0.00554,6531,0.005539,18114,0.005538,16785,0.005537,16082,0.005536,26494,0.005535,28114,0.005534,25966,0.005533,21600,0.005532,11600,0.005543,5025,0.005544,18114,0.005545,18633,0.005546,131820,0.005547,123598,0.005552,11600,0.00556,11600,0.005561,11600,0.005566,11600,0.005567,18720,0.005957,68290,0.005956,3004,0.005955,1679,0.005954,25460,0.005953,13839,0.005952,35856,0.005951,78554,0.005950,28585,0.005949,27548,0.005948,86773,0.005958,9855,0.005959,1679,0.005960,5785,0.005961,26593,0.005962,27909,0.005963,33923,0.005964,14799,0.005965,21550,0.005966,23008,0.005967,63758
gate,bybit,VANRYUSDT,0.005544,0.005958,7.4675,1774110672039,0.005541,13322,0.00554,6531,0.005539,18114,0.005538,16785,0.005537,16082,0.005536,26494,0.005535,28114,0.005534,25966,0.005533,21600,0.005532,11600,0.005543,5025,0.005544,18114,0.005545,18633,0.005546,131820,0.005547,123598,0.00556,11600,0.005561,11600,0.005566,11600,0.005567,18720,0.005569,15400,0.005958,18224,0.005957,61789,0.005956,3004,0.005955,20260,0.005954,23153,0.005953,22051,0.005952,19055,0.005951,78554,0.005950,28585,0.005949,27548,0.005959,1679,0.005960,1679,0.005961,5784,0.005962,40628,0.005963,33923,0.005964,14799,0.005965,21550,0.005966,18902,0.005967,63758,0.005968,43072
gate,bybit,VANRYUSDT,0.005544,0.005958,7.4675,1774110672342,0.005541,13322,0.00554,6531,0.005539,18114,0.005538,16785,0.005537,16082,0.005536,26494,0.005535,28114,0.005534,25966,0.005533,21600,0.005532,11600,0.005543,5025,0.005544,18114,0.005545,18633,0.005546,131820,0.005547,123598,0.00556,11600,0.005561,11600,0.005566,11600,0.005567,18720,0.005569,15400,0.005958,18224,0.005957,61789,0.005956,3004,0.005955,20260,0.005954,23153,0.005953,22051,0.005952,39124,0.005951,78554,0.005950,28585,0.005949,27548,0.005959,1679,0.005960,1679,0.005961,5784,0.005962,40628,0.005963,33923,0.005964,14799,0.005965,21550,0.005966,18902,0.005967,63758,0.005968,43072
gate,bybit,VANRYUSDT,0.005544,0.005958,7.4675,1774110672642,0.005542,5163,0.005541,4661,0.00554,6531,0.005539,18114,0.005538,16785,0.005537,16082,0.005536,26494,0.005535,28114,0.005534,21600,0.005533,21600,0.005544,18114,0.005545,18633,0.005546,131820,0.005547,123598,0.00555,4427,0.00556,11600,0.005561,11600,0.005566,11600,0.005567,18720,0.005569,15400,0.005958,22353,0.005957,57707,0.005956,3004,0.005955,20260,0.005954,23153,0.005953,22051,0.005952,39124,0.005951,78554,0.005950,28585,0.005949,27548,0.005959,1679,0.005960,1679,0.005961,5784,0.005962,40628,0.005963,33923,0.005964,14799,0.005965,21550,0.005966,18902,0.005967,63758,0.005968,43072
gate,bybit,VANRYUSDT,0.005544,0.005958,7.4675,1774110672943,0.005542,5163,0.005541,4661,0.00554,6531,0.005539,18114,0.005538,16785,0.005537,26082,0.005536,26494,0.005535,28114,0.005534,21600,0.005533,21600,0.005544,18114,0.005545,18633,0.005546,131820,0.005547,123598,0.00555,4427,0.00556,11600,0.005561,11600,0.005566,11600,0.005567,18720,0.005569,15400,0.005958,22353,0.005957,57707,0.005956,3004,0.005955,20260,0.005954,23153,0.005953,22051,0.005952,39124,0.005951,78554,0.005950,28585,0.005949,27548,0.005959,1679,0.005960,1679,0.005961,5784,0.005962,40628,0.005963,33923,0.005964,14799,0.005965,21550,0.005966,18902,0.005967,63758,0.005968,43072
gate,bybit,VANRYUSDT,0.005544,0.005958,7.4675,1774110673243,0.005542,5163,0.005541,4661,0.00554,6531,0.005539,18114,0.005538,16785,0.005537,26082,0.005536,26494,0.005535,28114,0.005534,21600,0.005533,21600,0.005544,18114,0.005545,18633,0.005546,131820,0.005547,123598,0.00555,4427,0.00556,11600,0.005561,11600,0.005566,11600,0.005567,18720,0.005569,15400,0.005958,22353,0.005957,57707,0.005956,3004,0.005955,20260,0.005954,23153,0.005953,22051,0.005952,39124,0.005951,78554,0.005950,28585,0.005949,27548,0.005959,1679,0.005960,1679,0.005961,5784,0.005962,40628,0.005963,33923,0.005964,14799,0.005965,21550,0.005966,18902,0.005967,63758,0.005968,43072
gate,bybit,VANRYUSDT,0.005544,0.005958,7.4675,1774110673545,0.005542,5163,0.005541,4661,0.00554,6531,0.005539,18114,0.005538,16785,0.005537,26082,0.005536,26494,0.005535,28114,0.005534,21600,0.005533,21600,0.005544,18114,0.005545,18633,0.005546,131820,0.005547,123598,0.00555,4427,0.00556,11600,0.005561,11600,0.005566,11600,0.005567,18720,0.005569,15400,0.005958,14534,0.005957,57707,0.005956,3004,0.005955,20260,0.005954,23153,0.005953,22051,0.005952,39124,0.005951,78554,0.005950,28585,0.005949,27548,0.005959,1679,0.005960,1679,0.005961,5784,0.005962,40628,0.005963,33923,0.005964,14799,0.005965,21550,0.005966,18902,0.005967,63758,0.005968,43072
gate,bybit,VANRYUSDT,0.005544,0.005958,7.4675,1774110673847,0.005542,5163,0.005541,4661,0.00554,6531,0.005539,18114,0.005538,16785,0.005537,26082,0.005536,26494,0.005535,28114,0.005534,21600,0.005533,21600,0.005544,18114,0.005545,18633,0.005546,131820,0.005547,123598,0.00555,4427,0.00556,11600,0.005561,11600,0.005566,11600,0.005567,18720,0.005569,15400,0.005958,14534,0.005957,57707,0.005956,3004,0.005955,20260,0.005954,23153,0.005953,22051,0.005952,39124,0.005951,78554,0.005950,28585,0.005949,27548,0.005959,1679,0.005960,1679,0.005961,5784,0.005962,40628,0.005963,33923,0.005964,14799,0.005965,21550,0.005966,18902,0.005967,63758,0.005968,43072
gate,bybit,VANRYUSDT,0.005544,0.005958,7.4675,1774110674150,0.005542,5163,0.005541,4661,0.00554,18131,0.005539,18114,0.005538,16785,0.005537,26082,0.005536,26494,0.005535,28114,0.005534,21600,0.005533,21600,0.005544,18114,0.005545,18049,0.005546,131820,0.005547,123598,0.00555,4427,0.00556,11600,0.005561,11600,0.005566,11600,0.005567,18720,0.005569,15400,0.005958,14534,0.005957,57707,0.005956,3004,0.005955,20260,0.005954,23153,0.005953,22051,0.005952,39124,0.005951,78554,0.005950,28585,0.005949,27548,0.005959,1679,0.005960,1679,0.005961,5784,0.005962,40628,0.005963,33923,0.005964,14799,0.005965,21550,0.005966,18902,0.005967,63758,0.005968,43072
gate,bybit,VANRYUSDT,0.005544,0.005958,7.4675,1774110674452,0.005542,5163,0.005541,4661,0.00554,18131,0.005539,18114,0.005538,16785,0.005537,26082,0.005536,26494,0.005535,28114,0.005534,21600,0.005533,21600,0.005544,18114,0.005545,18049,0.005546,131820,0.005547,123598,0.00555,4427,0.00556,11600,0.005561,11600,0.005566,11600,0.005567,18720,0.005569,15400,0.005958,14534,0.005957,57707,0.005956,3004,0.005955,20260,0.005954,23153,0.005953,22051,0.005952,39124,0.005951,78554,0.005950,28585,0.005949,27548,0.005959,1679,0.005960,1679,0.005961,5784,0.005962,40628,0.005963,33923,0.005964,14799,0.005965,21550,0.005966,18902,0.005967,63758,0.005968,43072
gate,bybit,VANRYUSDT,0.005544,0.005958,7.4675,1774110674752,0.005542,5163,0.005541,4661,0.00554,18131,0.005539,18114,0.005538,16785,0.005537,26082,0.005536,26494,0.005535,28114,0.005534,21600,0.005533,21600,0.005544,18114,0.005545,18633,0.005546,131820,0.005547,123598,0.00555,4427,0.00556,11600,0.005561,11600,0.005566,11600,0.005567,18720,0.005569,15400,0.005958,14534,0.005957,57707,0.005956,3004,0.005955,20260,0.005954,23153,0.005953,22051,0.005952,39124,0.005951,78554,0.005950,28585,0.005949,27548,0.005959,1679,0.005960,1679,0.005961,5784,0.005962,40628,0.005963,33923,0.005964,14799,0.005965,21550,0.005966,18902,0.005967,63758,0.005968,43072
gate,bybit,VANRYUSDT,0.005544,0.005958,7.4675,1774110675052,0.005542,5163,0.005541,4661,0.00554,18131,0.005539,18114,0.005538,16785,0.005537,26082,0.005536,26494,0.005535,28114,0.005534,21600,0.005533,21600,0.005544,18114,0.005545,18633,0.005546,131820,0.005547,123598,0.00555,4427,0.00556,11600,0.005561,11600,0.005566,11600,0.005567,18720,0.005569,15400,0.005958,14534,0.005957,57707,0.005956,3004,0.005955,20260,0.005954,23153,0.005953,22051,0.005952,39124,0.005951,78554,0.005950,28585,0.005949,27548,0.005959,1679,0.005960,1679,0.005961,5784,0.005962,40628,0.005963,33923,0.005964,14799,0.005965,21550,0.005966,18902,0.005967,63758,0.005968,43072
gate,bybit,VANRYUSDT,0.005544,0.005958,7.4675,1774110675353,0.005542,5163,0.005541,4661,0.00554,18131,0.005539,18114,0.005538,16785,0.005537,26082,0.005536,26494,0.005535,28114,0.005534,21600,0.005533,21600,0.005544,18114,0.005545,18633,0.005546,131820,0.005547,123598,0.00555,4427,0.00556,11600,0.005561,11600,0.005566,11600,0.005567,18720,0.005569,15400,0.005958,14534,0.005957,57707,0.005956,3004,0.005955,20260,0.005954,23153,0.005953,22051,0.005952,39124,0.005951,78554,0.005950,28585,0.005949,27548,0.005959,1679,0.005960,1679,0.005961,5784,0.005962,40628,0.005963,33923,0.005964,14799,0.005965,21550,0.005966,18902,0.005967,63758,0.005968,43072
gate,bybit,VANRYUSDT,0.005545,0.005959,7.4662,1774110675653,0.005543,13624,0.005542,5163,0.005541,16261,0.00554,18131,0.005539,18114,0.005538,16785,0.005537,26082,0.005536,21600,0.005535,21600,0.005534,21600,0.005545,18633,0.005546,131820,0.005547,123598,0.00555,11600,0.005551,5451,0.005561,11600,0.005566,11600,0.005567,18720,0.005569,15400,0.005574,11600,0.005959,8180,0.005958,7517,0.005957,59558,0.005956,17472,0.005955,17957,0.005954,23153,0.005953,22051,0.005952,39124,0.005951,78554,0.005950,28585,0.005960,9855,0.005961,1678,0.005962,19836,0.005963,46633,0.005964,14799,0.005965,21550,0.005966,14796,0.005967,63758,0.005968,43072,0.005969,17967
gate,bybit,VANRYUSDT,0.005545,0.005959,7.4662,1774110675953,0.005543,4963,0.005542,5163,0.005541,16261,0.00554,18131,0.005539,18114,0.005538,26785,0.005537,26082,0.005536,21600,0.005535,21600,0.005534,21600,0.005545,18633,0.005546,131820,0.005547,123598,0.00555,11600,0.005551,5451,0.005561,11600,0.005566,11600,0.005567,18720,0.005569,15400,0.005574,11600,0.005959,12262,0.005958,1726,0.005957,59558,0.005956,17472,0.005955,17957,0.005954,23153,0.005953,22051,0.005952,39124,0.005951,78554,0.005950,28585,0.005960,9855,0.005961,1678,0.005962,19836,0.005963,46633,0.005964,14799,0.005965,21550,0.005966,14796,0.005967,63758,0.005968,43072,0.005969,17967
gate,bybit,VANRYUSDT,0.005545,0.005959,7.4662,1774110676260,0.005543,4963,0.005542,5163,0.005541,16261,0.00554,18131,0.005539,18114,0.005538,26785,0.005537,26082,0.005536,21600,0.005535,21600,0.005534,21600,0.005545,18633,0.005546,131820,0.005547,123598,0.00555,11600,0.005551,5451,0.005561,11600,0.005566,11600,0.005567,18720,0.005569,15400,0.005574,11600,0.005959,12262,0.005958,1726,0.005957,59558,0.005956,17472,0.005955,17957,0.005954,23153,0.005953,22051,0.005952,39124,0.005951,78554,0.005950,28585,0.005960,9855,0.005961,1678,0.005962,19836,0.005963,46633,0.005964,14799,0.005965,21550,0.005966,14796,0.005967,63758,0.005968,43072,0.005969,17967
gate,bybit,VANRYUSDT,0.005545,0.005959,7.4662,1774110676560,0.005543,4963,0.005542,5163,0.005541,16261,0.00554,18131,0.005539,18114,0.005538,26785,0.005537,26082,0.005536,21600,0.005535,21600,0.005534,21600,0.005545,18633,0.005546,131820,0.005547,123598,0.00555,11600,0.005551,5451,0.005561,11600,0.005566,11600,0.005567,18720,0.005569,15400,0.005574,11600,0.005959,12262,0.005958,1726,0.005957,59558,0.005956,17472,0.005955,17957,0.005954,23153,0.005953,22051,0.005952,39124,0.005951,78554,0.005950,28585,0.005960,9855,0.005961,1678,0.005962,19836,0.005963,46633,0.005964,14799,0.005965,21550,0.005966,14796,0.005967,63758,0.005968,43072,0.005969,17967
gate,bybit,VANRYUSDT,0.005545,0.005959,7.4662,1774110676861,0.005543,4963,0.005542,5163,0.005541,16261,0.00554,18131,0.005539,18114,0.005538,26785,0.005537,26082,0.005536,21600,0.005535,21600,0.005534,21600,0.005545,18633,0.005546,131820,0.005547,123598,0.00555,11600,0.005551,5451,0.005561,11600,0.005566,11600,0.005567,18720,0.005569,15400,0.005574,11600,0.005959,12262,0.005958,1726,0.005957,59558,0.005956,17472,0.005955,17957,0.005954,23153,0.005953,22051,0.005952,39124,0.005951,78554,0.005950,28585,0.005960,9855,0.005961,1678,0.005962,19836,0.005963,46633,0.005964,14799,0.005965,21550,0.005966,14796,0.005967,63758,0.005968,43072,0.005969,17967
gate,bybit,VANRYUSDT,0.005545,0.005959,7.4662,1774110677161,0.005543,4963,0.005542,5163,0.005541,16261,0.00554,18131,0.005539,18114,0.005538,26785,0.005537,26082,0.005536,21600,0.005535,21600,0.005534,21600,0.005545,18633,0.005546,131820,0.005547,123598,0.00555,11600,0.005551,5451,0.005561,11600,0.005566,11600,0.005567,18720,0.005569,15400,0.005574,11600,0.005959,12262,0.005958,1726,0.005957,59558,0.005956,17472,0.005955,17957,0.005954,23153,0.005953,22051,0.005952,39124,0.005951,78554,0.005950,28585,0.005960,9855,0.005961,1678,0.005962,19836,0.005963,46633,0.005964,14799,0.005965,21550,0.005966,14796,0.005967,63758,0.005968,43072,0.005969,17967
gate,bybit,VANRYUSDT,0.005545,0.005959,7.4662,1774110677461,0.005543,4963,0.005542,5163,0.005541,16261,0.00554,18131,0.005539,18114,0.005538,26785,0.005537,26082,0.005536,21600,0.005535,21600,0.005534,21600,0.005545,18633,0.005546,131820,0.005547,123598,0.00555,11600,0.005551,5451,0.005561,11600,0.005566,11600,0.005567,18720,0.005569,15400,0.005574,11600,0.005959,12262,0.005958,1726,0.005957,59558,0.005956,17472,0.005955,17957,0.005954,23153,0.005953,22051,0.005952,39124,0.005951,78554,0.005950,28585,0.005960,9855,0.005961,1678,0.005962,19836,0.005963,46633,0.005964,14799,0.005965,21550,0.005966,14796,0.005967,63758,0.005968,43072,0.005969,17967
gate,bybit,VANRYUSDT,0.005545,0.005959,7.4662,1774110677761,0.005543,4963,0.005542,5163,0.005541,16261,0.00554,18131,0.005539,18114,0.005538,26785,0.005537,26082,0.005536,26862,0.005535,21600,0.005534,21600,0.005545,18049,0.005546,131820,0.005547,123598,0.00555,17568,0.005551,17051,0.005566,11600,0.005567,18720,0.005569,15400,0.005574,11600,0.005575,11600,0.005959,12262,0.005958,1726,0.005957,59558,0.005956,17472,0.005955,17957,0.005954,23153,0.005953,22051,0.005952,39124,0.005951,78554,0.005950,28585,0.005960,9855,0.005961,3387,0.005962,21545,0.005963,46633,0.005964,14799,0.005965,21550,0.005966,14796,0.005967,63758,0.005968,43072,0.005969,17967
gate,bybit,VANRYUSDT,0.005545,0.005959,7.4662,1774110678061,0.005543,4963,0.005542,5163,0.005541,16261,0.00554,18131,0.005539,18114,0.005538,26785,0.005537,26082,0.005536,26862,0.005535,21600,0.005534,21600,0.005545,18049,0.005546,131820,0.005547,123598,0.00555,17568,0.005551,17051,0.005566,11600,0.005567,18720,0.005569,15400,0.005574,11600,0.005575,11600,0.005959,12262,0.005958,1726,0.005957,59558,0.005956,17472,0.005955,17957,0.005954,23153,0.005953,22051,0.005952,39124,0.005951,78554,0.005950,28585,0.005960,9855,0.005961,3387,0.005962,21545,0.005963,46633,0.005964,14799,0.005965,21550,0.005966,14796,0.005967,63758,0.005968,43072,0.005969,17967
gate,bybit,VANRYUSDT,0.005545,0.005959,7.4662,1774110678362,0.005543,4963,0.005542,5163,0.005541,16261,0.00554,18131,0.005539,18114,0.005538,26785,0.005537,26082,0.005536,26862,0.005535,21600,0.005534,21600,0.005545,18049,0.005546,131820,0.005547,123598,0.00555,17568,0.005551,17051,0.005566,11600,0.005567,18720,0.005569,15400,0.005574,11600,0.005575,11600,0.005959,12262,0.005958,1726,0.005957,59558,0.005956,17472,0.005955,17957,0.005954,23153,0.005953,22051,0.005952,39124,0.005951,78554,0.005950,28585,0.005960,9855,0.005961,3387,0.005962,21545,0.005963,46633,0.005964,14799,0.005965,21550,0.005966,14796,0.005967,63758,0.005968,43072,0.005969,17967
gate,bybit,VANRYUSDT,0.005544,0.005959,7.4856,1774110678662,0.005542,5163,0.005541,16261,0.00554,18131,0.005539,18114,0.005538,26785,0.005537,26082,0.005536,26862,0.005535,21600,0.005534,21600,0.005533,11600,0.005544,6148,0.005545,18633,0.005546,131820,0.005547,11600,0.00555,17568,0.005551,17051,0.005566,11600,0.005567,18720,0.005569,15400,0.005574,11600,0.005959,12262,0.005958,1726,0.005957,59558,0.005956,17472,0.005955,17957,0.005954,23153,0.005953,22051,0.005952,39124,0.005951,78554,0.005950,28585,0.005960,9855,0.005961,3387,0.005962,21545,0.005963,46633,0.005964,14799,0.005965,21550,0.005966,14796,0.005967,63758,0.005968,43072,0.005969,17967
gate,bybit,VANRYUSDT,0.005544,0.005959,7.4856,1774110678962,0.005542,5163,0.005541,16261,0.00554,18131,0.005539,18114,0.005538,26785,0.005537,26082,0.005536,26862,0.005535,21600,0.005534,21600,0.005533,11600,0.005544,6148,0.005545,18049,0.005546,245062,0.005547,11600,0.005548,6542,0.005549,6542,0.00555,17568,0.005551,11600,0.005566,11600,0.005567,18720,0.005959,12262,0.005958,1726,0.005957,59558,0.005956,17472,0.005955,17957,0.005954,23153,0.005953,22051,0.005952,39124,0.005951,78554,0.005950,28585,0.005960,9855,0.005961,3387,0.005962,21545,0.005963,46633,0.005964,14799,0.005965,21550,0.005966,14796,0.005967,63758,0.005968,43072,0.005969,17967
gate,bybit,VANRYUSDT,0.005544,0.005959,7.4856,1774110679263,0.005542,5163,0.005541,16261,0.00554,18131,0.005539,18114,0.005538,26785,0.005537,26082,0.005536,26862,0.005535,21600,0.005534,21600,0.005533,11600,0.005544,6148,0.005545,18049,0.005546,245062,0.005547,11600,0.005548,6542,0.005549,6542,0.00555,17568,0.005551,11600,0.005566,11600,0.005567,18720,0.005959,12262,0.005958,1726,0.005957,59558,0.005956,17472,0.005955,17957,0.005954,23153,0.005953,22051,0.005952,39124,0.005951,78554,0.005950,28585,0.005960,9855,0.005961,3387,0.005962,21545,0.005963,46633,0.005964,14799,0.005965,21550,0.005966,14796,0.005967,63758,0.005968,43072,0.005969,17967
gate,bybit,VANRYUSDT,0.005544,0.005959,7.4856,1774110679564,0.005542,5163,0.005541,16261,0.00554,18131,0.005539,18114,0.005538,26785,0.005537,26082,0.005536,26862,0.005535,21600,0.005534,21600,0.005533,11600,0.005544,6148,0.005545,18049,0.005546,245062,0.005547,11600,0.005548,6542,0.005549,6542,0.00555,17568,0.005551,11600,0.005566,11600,0.005567,18720,0.005959,12262,0.005958,1726,0.005957,59558,0.005956,17472,0.005955,17957,0.005954,23153,0.005953,22051,0.005952,39124,0.005951,78554,0.005950,28585,0.005960,9855,0.005961,3387,0.005962,21545,0.005963,46633,0.005964,14799,0.005965,21550,0.005966,14796,0.005967,63758,0.005968,43072,0.005969,17967
gate,bybit,VANRYUSDT,0.005544,0.005959,7.4856,1774110679864,0.005542,5163,0.005541,16261,0.00554,18131,0.005539,18114,0.005538,26785,0.005537,26082,0.005536,26862,0.005535,21600,0.005534,21600,0.005533,11600,0.005544,6148,0.005545,18633,0.005546,245062,0.005547,11600,0.005548,11600,0.005549,11600,0.00555,17568,0.005551,11600,0.005566,11600,0.005567,18720,0.005959,12262,0.005958,1726,0.005957,59558,0.005956,17472,0.005955,17957,0.005954,23153,0.005953,22051,0.005952,39124,0.005951,78554,0.005950,28585,0.005960,12499,0.005961,3387,0.005962,21545,0.005963,46633,0.005964,14799,0.005965,21550,0.005966,14796,0.005967,63758,0.005968,43072,0.005969,17967
gate,bybit,VANRYUSDT,0.005544,0.005959,7.4856,1774110680166,0.005542,5163,0.005541,16261,0.00554,18131,0.005539,18114,0.005538,26785,0.005537,26082,0.005536,26862,0.005535,21600,0.005534,21600,0.005533,11600,0.005544,6148,0.005545,18633,0.005546,245062,0.005547,11600,0.005548,11600,0.005549,11600,0.00555,17568,0.005551,11600,0.005566,11600,0.005567,18720,0.005959,12262,0.005958,1726,0.005957,59558,0.005956,17472,0.005955,17957,0.005954,23153,0.005953,22051,0.005952,39124,0.005951,78554,0.005950,28585,0.005960,12499,0.005961,3387,0.005962,21545,0.005963,46633,0.005964,14799,0.005965,21550,0.005966,14796,0.005967,63758,0.005968,43072,0.005969,17967
gate,bybit,VANRYUSDT,0.005544,0.005959,7.4856,1774110680466,0.005542,5163,0.005541,16261,0.00554,18131,0.005539,18114,0.005538,26785,0.005537,26082,0.005536,26862,0.005535,25840,0.005534,39673,0.005533,11600,0.005544,6148,0.005545,18049,0.005546,245062,0.005547,11600,0.005548,11600,0.005549,11600,0.00555,11600,0.005551,11600,0.005566,11600,0.005567,18720,0.005959,12262,0.005958,1726,0.005957,59558,0.005956,17472,0.005955,17957,0.005954,23153,0.005953,22051,0.005952,39124,0.005951,78554,0.005950,28585,0.005960,9855,0.005961,3387,0.005962,21545,0.005963,46633,0.005964,14799,0.005965,21550,0.005966,14796,0.005967,63758,0.005968,43072,0.005969,17967
gate,bybit,VANRYUSDT,0.005544,0.005959,7.4856,1774110680767,0.005542,13824,0.005541,16261,0.00554,18131,0.005539,18114,0.005538,26785,0.005537,26082,0.005536,26862,0.005535,25840,0.005534,21600,0.005531,11600,0.005544,6148,0.005545,18049,0.005546,245062,0.005548,11600,0.005549,11600,0.00555,11600,0.005551,11600,0.005566,11600,0.005567,18720,0.005569,15400,0.005959,12262,0.005958,1726,0.005957,59558,0.005956,17472,0.005955,17957,0.005954,23153,0.005953,22051,0.005952,39124,0.005951,78554,0.005950,28585,0.005960,9855,0.005961,3387,0.005962,21545,0.005963,46633,0.005964,14799,0.005965,21550,0.005966,14796,0.005967,63758,0.005968,43072,0.005969,17967
gate,bybit,VANRYUSDT,0.005544,0.005959,7.4856,1774110681068,0.005542,13824,0.005541,16261,0.00554,18131,0.005539,18114,0.005538,26785,0.005537,26082,0.005536,26862,0.005535,25840,0.005534,21600,0.005531,11600,0.005544,6148,0.005545,18049,0.005546,245062,0.005548,11600,0.005549,11600,0.00555,11600,0.005551,11600,0.005566,11600,0.005567,18720,0.005569,15400,0.005959,12272,0.005958,1726,0.005957,59558,0.005956,17472,0.005955,17957,0.005954,23153,0.005953,22051,0.005952,39124,0.005951,78554,0.005950,28585,0.005960,9855,0.005961,3387,0.005962,21545,0.005963,46633,0.005964,14799,0.005965,21550,0.005966,14796,0.005967,63758,0.005968,43072,0.005969,17967
gate,bybit,VANRYUSDT,0.005544,0.005959,7.4856,1774110681368,0.005542,13824,0.005541,16261,0.00554,18131,0.005539,18114,0.005538,26785,0.005537,26082,0.005536,26862,0.005535,25840,0.005534,21600,0.005531,11600,0.005544,6148,0.005545,18049,0.005546,245062,0.005548,11600,0.005549,11600,0.00555,11600,0.005551,11600,0.005566,11600,0.005567,18720,0.005569,15400,0.005959,12272,0.005958,1726,0.005957,59558,0.005956,17472,0.005955,17957,0.005954,23153,0.005953,22051,0.005952,39124,0.005951,78554,0.005950,28585,0.005960,9855,0.005961,3387,0.005962,21545,0.005963,46633,0.005964,14799,0.005965,21550,0.005966,14796,0.005967,63758,0.005968,43072,0.005969,17967
gate,bybit,VANRYUSDT,0.005544,0.005959,7.4856,1774110681668,0.005542,13824,0.005541,16261,0.00554,18131,0.005539,18114,0.005538,26785,0.005537,26082,0.005536,26862,0.005535,25840,0.005534,21600,0.005531,11600,0.005544,6148,0.005545,18049,0.005546,245062,0.005548,11600,0.005549,11600,0.00555,11600,0.005551,11600,0.005566,11600,0.005567,18720,0.005569,15400,0.005959,12272,0.005958,1726,0.005957,59558,0.005956,17472,0.005955,17957,0.005954,23153,0.005953,22051,0.005952,39124,0.005951,78554,0.005950,28585,0.005960,9855,0.005961,3387,0.005962,21545,0.005963,46633,0.005964,14799,0.005965,21550,0.005966,14796,0.005967,63758,0.005968,43072,0.005969,17967
gate,bybit,VANRYUSDT,0.005544,0.005959,7.4856,1774110681968,0.005542,13824,0.005541,4661,0.00554,18131,0.005539,18114,0.005538,26785,0.005537,26082,0.005536,26862,0.005535,25840,0.005534,11600,0.005532,10000,0.005544,6148,0.005545,18049,0.005546,245062,0.005548,11600,0.005549,11600,0.00555,17584,0.005551,11600,0.005566,11600,0.005567,18720,0.005569,15400,0.005959,12272,0.005958,1726,0.005957,59558,0.005956,17472,0.005955,17957,0.005954,23153,0.005953,22051,0.005952,39124,0.005951,78554,0.005950,28585,0.005960,9855,0.005961,3387,0.005962,21545,0.005963,46633,0.005964,14799,0.005965,21550,0.005966,14796,0.005967,63758,0.005968,43072,0.005969,17967
gate,bybit,VANRYUSDT,0.005544,0.005959,7.4856,1774110682269,0.005542,13824,0.005541,4661,0.00554,18131,0.005539,18114,0.005538,26785,0.005537,26082,0.005536,26862,0.005535,25840,0.005534,11600,0.005532,10000,0.005544,6148,0.005545,18049,0.005546,245062,0.005548,11600,0.005549,11600,0.00555,17584,0.005551,11600,0.005566,11600,0.005567,18720,0.005569,15400,0.005959,12272,0.005958,1726,0.005957,59558,0.005956,17472,0.005955,17957,0.005954,23153,0.005953,22051,0.005952,39124,0.005951,78554,0.005950,28585,0.005960,9855,0.005961,3387,0.005962,21545,0.005963,46633,0.005964,14799,0.005965,21550,0.005966,14796,0.005967,63758,0.005968,43072,0.005969,17967
gate,bybit,VANRYUSDT,0.005544,0.005959,7.4856,1774110682569,0.005542,13824,0.005541,4661,0.00554,18131,0.005539,18114,0.005538,26785,0.005537,26082,0.005536,26862,0.005535,25840,0.005534,11600,0.005532,10000,0.005544,6148,0.005545,18049,0.005546,245062,0.005548,11600,0.005549,11600,0.00555,17584,0.005551,11600,0.005566,11600,0.005567,18720,0.005569,15400,0.005959,12272,0.005958,1726,0.005957,59558,0.005956,17472,0.005955,17957,0.005954,23153,0.005953,22051,0.005952,39124,0.005951,78554,0.005950,28585,0.005960,9855,0.005961,3387,0.005962,21545,0.005963,46633,0.005964,14799,0.005965,21550,0.005966,14796,0.005967,63758,0.005968,43072,0.005969,17967
gate,bybit,VANRYUSDT,0.005544,0.005959,7.4856,1774110682869,0.005542,13824,0.005541,4661,0.00554,18131,0.005539,18114,0.005538,26785,0.005537,26082,0.005536,26862,0.005535,25840,0.005534,11600,0.005532,10000,0.005544,6148,0.005545,18049,0.005546,245062,0.005548,11600,0.005549,11600,0.00555,17584,0.005551,11600,0.005566,11600,0.005567,18720,0.005569,15400,0.005959,12272,0.005958,1726,0.005957,59558,0.005956,17472,0.005955,17957,0.005954,23153,0.005953,22051,0.005952,39124,0.005951,78554,0.005950,28585,0.005960,9855,0.005961,3387,0.005962,21545,0.005963,46633,0.005964,14799,0.005965,21550,0.005966,14796,0.005967,63758,0.005968,43072,0.005969,17967
gate,bybit,VANRYUSDT,0.005543,0.005958,7.4869,1774110683170,0.005542,13824,0.005541,4661,0.00554,18131,0.005539,18114,0.005538,26785,0.005537,26082,0.005536,26862,0.005535,25840,0.005534,11600,0.005533,18076,0.005543,4785,0.005544,6148,0.005545,18633,0.005546,245062,0.005548,11600,0.005549,11600,0.00555,17584,0.005551,11600,0.005566,11600,0.005567,18720,0.005958,9906,0.005957,59558,0.005956,7110,0.005955,20256,0.005954,23153,0.005953,13839,0.005952,39124,0.005951,78554,0.005950,28585,0.005949,27548,0.005959,29172,0.005960,1679,0.005961,7493,0.005962,40588,0.005963,33923,0.005964,14799,0.005965,21550,0.005966,23008,0.005967,63758,0.005968,43072
gate,bybit,VANRYUSDT,0.005543,0.005958,7.4869,1774110683471,0.005541,13322,0.00554,18131,0.005539,18114,0.005538,26785,0.005537,26082,0.005536,26862,0.005535,25840,0.005534,11600,0.005533,29676,0.005532,10000,0.005543,4785,0.005544,6148,0.005545,18633,0.005546,245062,0.005548,11600,0.005549,11600,0.00555,16034,0.005551,11600,0.005566,11600,0.005567,18720,0.005958,9906,0.005957,59558,0.005956,7110,0.005955,20256,0.005954,23153,0.005953,13839,0.005952,39124,0.005951,78554,0.005950,28585,0.005949,27548,0.005959,29172,0.005960,1679,0.005961,5784,0.005962,40588,0.005963,33923,0.005964,14799,0.005965,21550,0.005966,23008,0.005967,63758,0.005968,43072
gate,bybit,VANRYUSDT,0.005543,0.005958,7.4869,1774110683771,0.005541,13322,0.00554,18131,0.005539,18114,0.005538,26785,0.005537,26082,0.005536,26862,0.005535,25840,0.005534,11600,0.005533,11600,0.005526,10000,0.005543,4785,0.005544,6148,0.005545,18633,0.005546,245062,0.005549,11600,0.00555,16034,0.005551,11600,0.005566,11600,0.005567,18720,0.005569,15400,0.005958,9906,0.005957,59558,0.005956,7110,0.005955,20256,0.005954,23153,0.005953,13839,0.005952,39124,0.005951,78554,0.005950,28585,0.005949,27548,0.005959,29172,0.005960,1679,0.005961,5784,0.005962,40588,0.005963,33923,0.005964,14799,0.005965,21550,0.005966,23008,0.005967,63758,0.005968,43072
gate,bybit,VANRYUSDT,0.005543,0.005958,7.4869,1774110684072,0.005541,13322,0.00554,18131,0.005539,18114,0.005538,26785,0.005537,26082,0.005536,26862,0.005535,25840,0.005534,11600,0.005533,11600,0.005526,10000,0.005543,4785,0.005544,6148,0.005545,18633,0.005546,245062,0.005549,11600,0.00555,16034,0.005551,11600,0.005566,11600,0.005567,18720,0.005569,15400,0.005958,9906,0.005957,59558,0.005956,7110,0.005955,20256,0.005954,23153,0.005953,13839,0.005952,39124,0.005951,78554,0.005950,28585,0.005949,27548,0.005959,20992,0.005960,1679,0.005961,5784,0.005962,40588,0.005963,33923,0.005964,14799,0.005965,21550,0.005966,23008,0.005967,63758,0.005968,43072
gate,bybit,VANRYUSDT,0.005543,0.005958,7.4869,1774110684372,0.005541,13322,0.00554,18131,0.005539,18114,0.005538,26785,0.005537,26082,0.005536,26862,0.005535,25840,0.005534,11600,0.005533,11600,0.005526,10000,0.005543,4785,0.005544,6148,0.005545,18633,0.005546,245062,0.005549,11600,0.00555,16034,0.005551,11600,0.005566,11600,0.005567,18720,0.005569,15400,0.005958,9906,0.005957,59558,0.005956,7110,0.005955,20256,0.005954,23153,0.005953,13839,0.005952,39124,0.005951,78554,0.005950,28585,0.005949,27548,0.005959,20992,0.005960,1679,0.005961,5784,0.005962,40588,0.005963,33923,0.005964,14799,0.005965,21550,0.005966,23008,0.005967,63758,0.005968,43072
gate,bybit,VANRYUSDT,0.005543,0.005958,7.4869,1774110684672,0.005541,13322,0.00554,18131,0.005539,18114,0.005538,26785,0.005537,26082,0.005536,26862,0.005535,25840,0.005534,11600,0.005533,11600,0.005526,10000,0.005543,4785,0.005544,6148,0.005545,18633,0.005546,245062,0.005549,11600,0.00555,16034,0.005551,11600,0.005566,11600,0.005567,18720,0.005569,15400,0.005958,9906,0.005957,59558,0.005956,7110,0.005955,20256,0.005954,23153,0.005953,13839,0.005952,39124,0.005951,78554,0.005950,28585,0.005949,27548,0.005959,20992,0.005960,1679,0.005961,5784,0.005962,40588,0.005963,33923,0.005964,14799,0.005965,21550,0.005966,23008,0.005967,63758,0.005968,43072
gate,bybit,VANRYUSDT,0.005543,0.005958,7.4869,1774110684972,0.005541,13322,0.00554,18131,0.005539,18114,0.005538,26785,0.005537,26082,0.005536,26862,0.005535,25840,0.005534,21600,0.005533,11600,0.005526,21600,0.005543,4785,0.005544,6148,0.005545,18633,0.005546,245062,0.005549,11600,0.00555,16034,0.005551,11600,0.005566,11600,0.005567,18720,0.005569,15400,0.005958,9906,0.005957,59558,0.005956,7110,0.005955,20256,0.005954,23153,0.005953,13839,0.005952,39124,0.005951,78554,0.005950,28585,0.005949,27548,0.005959,20992,0.005960,1679,0.005961,5784,0.005962,40588,0.005963,33923,0.005964,14799,0.005965,21550,0.005966,23008,0.005967,63758,0.005968,43072
gate,bybit,VANRYUSDT,0.005543,0.005958,7.4869,1774110685272,0.005541,13322,0.00554,18131,0.005539,18114,0.005538,26785,0.005537,26082,0.005536,26862,0.005535,25840,0.005534,21600,0.005533,11600,0.005526,21600,0.005543,4785,0.005544,6148,0.005545,18633,0.005546,245062,0.005549,11600,0.00555,16034,0.005551,11600,0.005566,11600,0.005567,18720,0.005569,15400,0.005958,9906,0.005957,59558,0.005956,7110,0.005955,20256,0.005954,23153,0.005953,13839,0.005952,39124,0.005951,78554,0.005950,28585,0.005949,27548,0.005959,20992,0.005960,1679,0.005961,5784,0.005962,40588,0.005963,33923,0.005964,14799,0.005965,21550,0.005966,23008,0.005967,63758,0.005968,43072
gate,bybit,VANRYUSDT,0.005543,0.005958,7.4869,1774110685572,0.005541,13322,0.00554,18131,0.005539,18114,0.005538,26785,0.005537,26082,0.005536,26862,0.005535,25840,0.005534,21600,0.005533,11600,0.005526,21600,0.005543,4785,0.005544,6148,0.005545,18633,0.005546,245062,0.005549,11600,0.00555,16034,0.005551,11600,0.005566,11600,0.005567,18720,0.005569,15400,0.005958,9906,0.005957,59558,0.005956,7110,0.005955,20256,0.005954,23153,0.005953,13839,0.005952,39124,0.005951,78554,0.005950,28585,0.005949,27548,0.005959,20992,0.005960,1679,0.005961,5784,0.005962,40588,0.005963,33923,0.005964,14799,0.005965,21550,0.005966,23008,0.005967,63758,0.005968,43072
gate,bybit,VANRYUSDT,0.005543,0.005958,7.4869,1774110685873,0.005541,13322,0.00554,18131,0.005539,18114,0.005538,26785,0.005537,26082,0.005536,26862,0.005535,25840,0.005534,21600,0.005533,11600,0.005527,10000,0.005543,4785,0.005544,6148,0.005545,18049,0.005546,245062,0.005549,11600,0.00555,16034,0.005551,11600,0.005566,11600,0.005567,18720,0.005569,15400,0.005958,9906,0.005957,59558,0.005956,7110,0.005955,20256,0.005954,23153,0.005953,13839,0.005952,39124,0.005951,78554,0.005950,28585,0.005949,27548,0.005959,20992,0.005960,1679,0.005961,5784,0.005962,40588,0.005963,33923,0.005964,14799,0.005965,21550,0.005966,23008,0.005967,63758,0.005968,43072
gate,bybit,VANRYUSDT,0.005543,0.005958,7.4869,1774110686173,0.005541,13322,0.00554,18131,0.005539,18114,0.005538,26785,0.005537,26082,0.005536,26862,0.005535,25840,0.005534,21600,0.005533,11600,0.005527,10000,0.005543,4785,0.005544,6148,0.005545,18049,0.005546,245062,0.005549,11600,0.00555,16034,0.005551,11600,0.005566,11600,0.005567,18720,0.005569,15400,0.005958,9906,0.005957,59558,0.005956,7110,0.005955,20256,0.005954,23153,0.005953,13839,0.005952,39124,0.005951,78554,0.005950,28585,0.005949,27548,0.005959,20992,0.005960,1679,0.005961,5784,0.005962,40588,0.005963,33923,0.005964,14799,0.005965,21550,0.005966,23008,0.005967,63758,0.005968,43072
gate,bybit,VANRYUSDT,0.005543,0.005958,7.4869,1774110686475,0.005541,13322,0.00554,18131,0.005539,18114,0.005538,26785,0.005537,26082,0.005536,26862,0.005535,25840,0.005534,21600,0.005527,21600,0.005526,21600,0.005543,4785,0.005544,6148,0.005545,18633,0.005546,245062,0.005549,11600,0.00555,16034,0.005551,11600,0.005566,11600,0.005567,18720,0.005569,15400,0.005958,9906,0.005957,59558,0.005956,7110,0.005955,20256,0.005954,23153,0.005953,13839,0.005952,39124,0.005951,78554,0.005950,28585,0.005949,27548,0.005959,20992,0.005960,1679,0.005961,5784,0.005962,40588,0.005963,33923,0.005964,14799,0.005965,21550,0.005966,23008,0.005967,63758,0.005968,43072
gate,bybit,VANRYUSDT,0.005543,0.005958,7.4869,1774110686775,0.005541,13322,0.00554,18131,0.005539,18114,0.005538,26785,0.005537,26082,0.005536,26862,0.005535,25840,0.005534,11600,0.005527,21600,0.005526,21600,0.005543,4785,0.005544,6148,0.005545,18049,0.005546,245062,0.005549,11600,0.00555,16034,0.005566,11600,0.005567,18720,0.005569,15400,0.005574,11600,0.005958,9906,0.005957,59558,0.005956,7110,0.005955,20256,0.005954,23153,0.005953,13839,0.005952,39124,0.005951,78554,0.005950,28585,0.005949,27548,0.005959,20992,0.005960,1679,0.005961,5784,0.005962,40588,0.005963,33923,0.005964,14799,0.005965,21550,0.005966,23008,0.005967,63758,0.005968,43072
gate,bybit,VANRYUSDT,0.005543,0.005958,7.4869,1774110687085,0.005541,13322,0.00554,18131,0.005539,18114,0.005538,26785,0.005537,26082,0.005536,26862,0.005535,25840,0.005534,11600,0.005527,21600,0.005526,21600,0.005543,4785,0.005544,6148,0.005545,18049,0.005546,245062,0.005549,11600,0.00555,16034,0.005566,11600,0.005567,18720,0.005569,15400,0.005574,11600,0.005958,9906,0.005957,59558,0.005956,7110,0.005955,20256,0.005954,23153,0.005953,13839,0.005952,39124,0.005951,78554,0.005950,28585,0.005949,27548,0.005959,20992,0.005960,1679,0.005961,5784,0.005962,40588,0.005963,33923,0.005964,14799,0.005965,21550,0.005966,23008,0.005967,63758,0.005968,43072
gate,bybit,VANRYUSDT,0.005543,0.005958,7.4869,1774110687388,0.005541,13322,0.00554,18131,0.005539,18114,0.005538,26785,0.005537,26082,0.005536,26862,0.005535,25840,0.005534,11600,0.005527,21600,0.005526,21600,0.005543,4785,0.005544,6148,0.005545,18049,0.005546,245062,0.005549,11600,0.00555,16034,0.005566,11600,0.005567,18720,0.005569,15400,0.005574,11600,0.005958,9906,0.005957,59558,0.005956,7110,0.005955,20256,0.005954,23153,0.005953,13839,0.005952,39124,0.005951,78554,0.005950,28585,0.005949,27548,0.005959,20992,0.005960,1679,0.005961,5784,0.005962,40588,0.005963,33923,0.005964,14799,0.005965,21550,0.005966,23008,0.005967,63758,0.005968,43072
gate,bybit,VANRYUSDT,0.005543,0.005958,7.4869,1774110687688,0.005541,13322,0.00554,18131,0.005539,18114,0.005538,26785,0.005537,26082,0.005536,26862,0.005535,25840,0.005534,11600,0.005527,21600,0.005526,21600,0.005543,4785,0.005544,6148,0.005545,18049,0.005546,245062,0.005549,11600,0.00555,16034,0.005566,11600,0.005567,18720,0.005569,15400,0.005574,11600,0.005958,9906,0.005957,59558,0.005956,7110,0.005955,20256,0.005954,23153,0.005953,13839,0.005952,39124,0.005951,78554,0.005950,28585,0.005949,27548,0.005959,20992,0.005960,1679,0.005961,5784,0.005962,40588,0.005963,33923,0.005964,14799,0.005965,21550,0.005966,23008,0.005967,63758,0.005968,43072
gate,bybit,VANRYUSDT,0.005543,0.005958,7.4869,1774110687988,0.005541,13322,0.00554,18131,0.005539,18114,0.005538,26785,0.005537,26082,0.005536,26862,0.005535,25840,0.005534,11600,0.005528,21600,0.005527,21600,0.005544,6148,0.005545,18633,0.005546,245062,0.005549,11600,0.00555,16034,0.005566,11600,0.005567,18720,0.005569,15400,0.005574,11600,0.005575,11600,0.005958,1726,0.005957,59558,0.005956,7110,0.005955,20256,0.005954,23153,0.005953,13839,0.005952,39124,0.005951,78554,0.005950,28585,0.005949,27548,0.005959,20992,0.005960,3388,0.005961,7493,0.005962,40588,0.005963,33923,0.005964,14799,0.005965,21550,0.005966,23008,0.005967,63758,0.005968,43072
gate,bybit,VANRYUSDT,0.005543,0.005958,7.4869,1774110688288,0.005541,4661,0.00554,18131,0.005539,18114,0.005538,26785,0.005537,26082,0.005536,26862,0.005535,25840,0.005534,11600,0.005529,29690,0.005528,21600,0.005543,7631,0.005544,6148,0.005545,18049,0.005546,245062,0.005549,11600,0.00555,16034,0.005566,11600,0.005567,18720,0.005569,15400,0.005574,11600,0.005958,9906,0.005957,59558,0.005956,7110,0.005955,20256,0.005954,23153,0.005953,13839,0.005952,39124,0.005951,78554,0.005950,28585,0.005949,27548,0.005959,20992,0.005960,1679,0.005961,5784,0.005962,40588,0.005963,33923,0.005964,14799,0.005965,21550,0.005966,23008,0.005967,63758,0.005968,43072
gate,bybit,VANRYUSDT,0.005543,0.005958,7.4869,1774110688589,0.005541,4661,0.00554,18131,0.005539,18114,0.005538,26785,0.005537,26082,0.005536,26862,0.005535,25840,0.005534,11600,0.005529,29690,0.005528,21600,0.005543,7631,0.005544,6148,0.005545,18049,0.005546,245062,0.005549,11600,0.00555,16034,0.005566,11600,0.005567,18720,0.005569,15400,0.005574,11600,0.005958,9906,0.005957,59558,0.005956,7110,0.005955,20256,0.005954,23153,0.005953,13839,0.005952,39124,0.005951,78554,0.005950,28585,0.005949,27548,0.005959,20992,0.005960,1679,0.005961,5784,0.005962,40588,0.005963,33923,0.005964,14799,0.005965,21550,0.005966,23008,0.005967,63758,0.005968,43072
gate,bybit,VANRYUSDT,0.005543,0.005958,7.4869,1774110688889,0.005541,4661,0.00554,18131,0.005539,18114,0.005538,26785,0.005537,26082,0.005536,26862,0.005535,25840,0.005534,11600,0.005529,29690,0.005528,21600,0.005543,4267,0.005544,6148,0.005545,18049,0.005546,245062,0.005549,11600,0.00555,16034,0.005566,11600,0.005567,18720,0.005569,15400,0.005574,11600,0.005958,9906,0.005957,59558,0.005956,7110,0.005955,20256,0.005954,23153,0.005953,13839,0.005952,39124,0.005951,78554,0.005950,28585,0.005949,27548,0.005959,20992,0.005960,1679,0.005961,5784,0.005962,40588,0.005963,33923,0.005964,14799,0.005965,21550,0.005966,23008,0.005967,63758,0.005968,43072
gate,bybit,VANRYUSDT,0.005543,0.005958,7.4869,1774110689189,0.005541,4661,0.00554,18131,0.005539,18114,0.005538,26785,0.005537,26082,0.005536,26862,0.005535,25840,0.005534,11600,0.005529,29690,0.005528,21600,0.005543,4267,0.005544,6148,0.005545,18049,0.005546,245062,0.005549,11600,0.00555,16034,0.005566,11600,0.005567,18720,0.005569,15400,0.005574,11600,0.005958,9906,0.005957,59558,0.005956,7110,0.005955,20256,0.005954,23153,0.005953,13839,0.005952,39124,0.005951,78554,0.005950,28585,0.005949,27548,0.005959,20992,0.005960,1679,0.005961,5784,0.005962,40588,0.005963,33923,0.005964,14799,0.005965,21550,0.005966,23008,0.005967,63758,0.005968,43072
gate,bybit,VANRYUSDT,0.005544,0.005958,7.4675,1774110689489,0.005542,13457,0.005541,4661,0.00554,18131,0.005539,18114,0.005538,26785,0.005537,26082,0.005536,26862,0.005535,25840,0.005534,11600,0.005529,29690,0.005544,6148,0.005545,18049,0.005546,245062,0.005549,11600,0.00555,11600,0.005566,11600,0.005567,18720,0.005569,15400,0.005574,11600,0.005575,11600,0.005958,9906,0.005957,59558,0.005956,7110,0.005955,20256,0.005954,23153,0.005953,13839,0.005952,39124,0.005951,78554,0.005950,28585,0.005949,27548,0.005959,20992,0.005960,1679,0.005961,5784,0.005962,40588,0.005963,33923,0.005964,14799,0.005965,21550,0.005966,23008,0.005967,63758,0.005968,43072
gate,bybit,VANRYUSDT,0.005544,0.005958,7.4675,1774110689789,0.005542,4796,0.005541,4661,0.00554,18131,0.005539,18114,0.005538,26785,0.005537,26082,0.005536,26862,0.005535,25840,0.005534,11600,0.005529,29690,0.005544,6148,0.005545,18633,0.005546,245062,0.005549,11600,0.00555,18142,0.005566,11600,0.005567,18720,0.005569,27000,0.005575,11600,0.005582,11600,0.005958,9906,0.005957,59558,0.005956,7110,0.005955,20256,0.005954,23153,0.005953,13839,0.005952,39124,0.005951,78554,0.005950,28585,0.005949,27548,0.005959,20992,0.005960,1679,0.005961,5784,0.005962,40588,0.005963,33923,0.005964,14799,0.005965,21550,0.005966,23008,0.005967,63758,0.005968,43072
gate,bybit,VANRYUSDT,0.005544,0.005958,7.4675,1774110690089,0.005542,4796,0.005541,4661,0.00554,18131,0.005539,18114,0.005538,26785,0.005537,26082,0.005536,26862,0.005535,25840,0.005534,11600,0.005529,29690,0.005544,6148,0.005545,18633,0.005546,245062,0.005549,11600,0.00555,18142,0.005566,11600,0.005567,18720,0.005569,27000,0.005575,11600,0.005582,11600,0.005958,9906,0.005957,59558,0.005956,7110,0.005955,20256,0.005954,23153,0.005953,13839,0.005952,39124,0.005951,78554,0.005950,28585,0.005949,27548,0.005959,20992,0.005960,1679,0.005961,5784,0.005962,40588,0.005963,33923,0.005964,14799,0.005965,21550,0.005966,23008,0.005967,63758,0.005968,43072
gate,bybit,VANRYUSDT,0.005544,0.005958,7.4675,1774110690389,0.005542,4796,0.005541,4661,0.00554,18131,0.005539,18114,0.005538,26785,0.005537,26082,0.005536,26862,0.005535,25840,0.005534,11600,0.005529,29690,0.005544,6148,0.005545,18633,0.005546,245062,0.005549,11600,0.00555,18142,0.005566,11600,0.005567,18720,0.005569,27000,0.005575,11600,0.005582,11600,0.005958,9906,0.005957,59558,0.005956,7110,0.005955,20256,0.005954,23153,0.005953,13839,0.005952,39124,0.005951,78554,0.005950,28585,0.005949,27548,0.005959,20992,0.005960,1679,0.005961,5784,0.005962,40588,0.005963,33923,0.005964,14799,0.005965,21550,0.005966,23008,0.005967,63758,0.005968,43072
gate,bybit,VANRYUSDT,0.005543,0.005958,7.4869,1774110690690,0.005542,4796,0.005541,4661,0.00554,18131,0.005539,18114,0.005538,26785,0.005537,26082,0.005536,26862,0.005535,25840,0.005534,11600,0.005529,29690,0.005544,6148,0.005545,18633,0.005546,245062,0.005549,11600,0.00555,11600,0.005566,11600,0.005567,18720,0.005569,27000,0.005575,11600,0.005582,11600,0.005958,9906,0.005957,59558,0.005956,7110,0.005955,20256,0.005954,23153,0.005953,13839,0.005952,39124,0.005951,78554,0.005950,28585,0.005949,27548,0.005959,20992,0.005960,1679,0.005961,7493,0.005962,40588,0.005963,33923,0.005964,14799,0.005965,21550,0.005966,23008,0.005967,63758,0.005968,43072
gate,bybit,VANRYUSDT,0.005543,0.005958,7.4869,1774110690990,0.005542,4796,0.005541,4661,0.00554,18131,0.005539,18114,0.005538,26785,0.005537,26082,0.005536,26862,0.005535,25840,0.005534,11600,0.005529,29690,0.005544,6148,0.005545,18633,0.005546,245062,0.005549,11600,0.00555,11600,0.005566,11600,0.005567,18720,0.005569,27000,0.005575,11600,0.005582,11600,0.005958,9906,0.005957,59558,0.005956,7110,0.005955,20256,0.005954,23153,0.005953,13839,0.005952,39124,0.005951,78554,0.005950,28585,0.005949,27548,0.005959,20992,0.005960,1679,0.005961,7493,0.005962,40588,0.005963,33923,0.005964,14799,0.005965,21550,0.005966,23008,0.005967,63758,0.005968,43072
gate,bybit,VANRYUSDT,0.005543,0.005958,7.4869,1774110691290,0.005542,4796,0.005541,4661,0.00554,18131,0.005539,18114,0.005538,26785,0.005537,26082,0.005536,26862,0.005535,25840,0.005534,11600,0.005529,29690,0.005544,6148,0.005545,18633,0.005546,245062,0.005549,11600,0.00555,11600,0.005566,11600,0.005567,18720,0.005569,27000,0.005575,11600,0.005582,11600,0.005958,9906,0.005957,59558,0.005956,7110,0.005955,20256,0.005954,23153,0.005953,13839,0.005952,39124,0.005951,78554,0.005950,28585,0.005949,27548,0.005959,20992,0.005960,1679,0.005961,7493,0.005962,40588,0.005963,33923,0.005964,14799,0.005965,21550,0.005966,23008,0.005967,63758,0.005968,43072
gate,bybit,VANRYUSDT,0.005543,0.005958,7.4869,1774110691590,0.005542,4796,0.005541,4661,0.00554,18131,0.005539,18114,0.005538,26785,0.005537,26082,0.005536,26862,0.005535,25840,0.005534,11600,0.005529,29690,0.005544,6148,0.005545,18633,0.005546,245062,0.005549,11600,0.00555,11600,0.005566,11600,0.005567,18720,0.005569,27000,0.005575,11600,0.005582,11600,0.005958,9906,0.005957,59558,0.005956,7110,0.005955,20256,0.005954,23153,0.005953,13839,0.005952,39124,0.005951,78554,0.005950,28585,0.005949,27548,0.005959,20992,0.005960,1679,0.005961,7493,0.005962,40588,0.005963,33923,0.005964,14799,0.005965,21550,0.005966,23008,0.005967,63758,0.005968,43072
gate,bybit,VANRYUSDT,0.005543,0.005958,7.4869,1774110691890,0.005542,4796,0.005541,4661,0.00554,18131,0.005539,18114,0.005538,26785,0.005537,26082,0.005536,26862,0.005535,25840,0.005534,11600,0.005529,29690,0.005544,6148,0.005545,18633,0.005546,245062,0.005549,11600,0.00555,11600,0.005566,11600,0.005567,18720,0.005569,27000,0.005575,11600,0.005582,11600,0.005958,9906,0.005957,59558,0.005956,7110,0.005955,20256,0.005954,23153,0.005953,13839,0.005952,39124,0.005951,78554,0.005950,28585,0.005949,27548,0.005959,20992,0.005960,1679,0.005961,7493,0.005962,40588,0.005963,33923,0.005964,14799,0.005965,21550,0.005966,23008,0.005967,63758,0.005968,43072
gate,bybit,VANRYUSDT,0.005543,0.005958,7.4869,1774110692191,0.005542,4796,0.005541,4661,0.00554,18131,0.005539,18114,0.005538,26785,0.005537,26082,0.005536,26862,0.005535,25840,0.005534,11600,0.005529,29690,0.005544,6148,0.005545,18633,0.005546,245062,0.005549,11600,0.00555,11600,0.005566,11600,0.005567,18720,0.005569,27000,0.005575,11600,0.005582,11600,0.005958,9906,0.005957,59558,0.005956,7110,0.005955,20256,0.005954,23153,0.005953,13839,0.005952,39124,0.005951,78554,0.005950,28585,0.005949,27548,0.005959,20992,0.005960,1679,0.005961,7493,0.005962,40588,0.005963,33923,0.005964,14799,0.005965,21550,0.005966,23008,0.005967,63758,0.005968,43072
gate,bybit,VANRYUSDT,0.005543,0.005958,7.4869,1774110692491,0.005541,4661,0.00554,18131,0.005539,18114,0.005538,26785,0.005537,26082,0.005536,26862,0.005535,25840,0.005534,16714,0.005529,29690,0.005528,21600,0.005543,9186,0.005544,6148,0.005545,18049,0.005546,245062,0.005549,18152,0.00555,11600,0.005566,11600,0.005567,18720,0.005569,27000,0.005575,11600,0.005958,9906,0.005957,59558,0.005956,7110,0.005955,20256,0.005954,23153,0.005953,13839,0.005952,39124,0.005951,78554,0.005950,28585,0.005949,27548,0.005959,20992,0.005960,1679,0.005961,7493,0.005962,40588,0.005963,33923,0.005964,14799,0.005965,21550,0.005966,23008,0.005967,63758,0.005968,43072
gate,bybit,VANRYUSDT,0.005543,0.005958,7.4869,1774110692791,0.005541,13322,0.00554,18131,0.005539,18114,0.005538,26785,0.005537,26082,0.005536,26862,0.005535,25840,0.005534,16714,0.005529,29690,0.005528,21600,0.005543,9186,0.005544,6148,0.005545,18633,0.005546,245062,0.005549,6552,0.00555,11600,0.005566,11600,0.005567,18720,0.005569,27000,0.005575,11600,0.005958,9920,0.005957,59558,0.005956,7110,0.005955,20256,0.005954,23153,0.005953,13839,0.005952,39124,0.005951,78554,0.005950,28585,0.005949,27548,0.005959,20992,0.005960,1679,0.005961,7493,0.005962,40588,0.005963,33923,0.005964,14799,0.005965,21550,0.005966,23008,0.005967,63758,0.005968,43072
gate,bybit,VANRYUSDT,0.005543,0.005958,7.4869,1774110693091,0.005541,13322,0.00554,18131,0.005539,18114,0.005538,26785,0.005537,26082,0.005536,26862,0.005535,25840,0.005534,16714,0.005529,29690,0.005528,21600,0.005543,9186,0.005544,6148,0.005545,18633,0.005546,245062,0.005549,6552,0.00555,11600,0.005566,11600,0.005567,18720,0.005569,27000,0.005575,11600,0.005958,9920,0.005957,59558,0.005956,7110,0.005955,20256,0.005954,23153,0.005953,13839,0.005952,39124,0.005951,78554,0.005950,28585,0.005949,27548,0.005959,20992,0.005960,1679,0.005961,7493,0.005962,40588,0.005963,33923,0.005964,14799,0.005965,21550,0.005966,23008,0.005967,63758,0.005968,43072
gate,bybit,VANRYUSDT,0.005543,0.005958,7.4869,1774110693391,0.005541,13322,0.00554,18131,0.005539,18114,0.005538,26785,0.005537,26082,0.005536,26862,0.005535,25840,0.005534,16714,0.005529,29690,0.005528,21600,0.005543,9186,0.005544,6148,0.005545,18633,0.005546,245062,0.005549,6552,0.00555,11600,0.005566,11600,0.005567,18720,0.005569,27000,0.005575,11600,0.005958,9920,0.005957,59558,0.005956,7110,0.005955,20256,0.005954,23153,0.005953,13839,0.005952,39124,0.005951,78554,0.005950,28585,0.005949,27548,0.005959,20992,0.005960,1679,0.005961,7493,0.005962,40588,0.005963,33923,0.005964,14799,0.005965,21550,0.005966,23008,0.005967,63758,0.005968,43072
gate,bybit,VANRYUSDT,0.005543,0.005958,7.4869,1774110693691,0.005541,13322,0.00554,18131,0.005539,18114,0.005538,26785,0.005537,26082,0.005536,26862,0.005535,25840,0.005534,11600,0.005529,29690,0.005528,21600,0.005543,4437,0.005544,6148,0.005545,18049,0.005546,245062,0.005549,17171,0.00555,16773,0.005566,11600,0.005567,18720,0.005569,27000,0.005575,11600,0.005958,9920,0.005957,59558,0.005956,7110,0.005955,20256,0.005954,23153,0.005953,13839,0.005952,39124,0.005951,78554,0.005950,28585,0.005949,27548,0.005959,20992,0.005960,1679,0.005961,7493,0.005962,40588,0.005963,33923,0.005964,14799,0.005965,21550,0.005966,23008,0.005967,63758,0.005968,43072
gate,bybit,VANRYUSDT,0.005543,0.005958,7.4869,1774110693991,0.005541,13322,0.00554,18131,0.005539,18114,0.005538,26785,0.005537,26082,0.005536,26862,0.005535,25840,0.005534,11600,0.005529,29690,0.005528,21600,0.005543,4437,0.005544,6148,0.005545,18633,0.005546,245062,0.005549,17171,0.00555,16773,0.005566,11600,0.005567,18720,0.005569,27000,0.005575,11600,0.005958,9920,0.005957,59558,0.005956,7110,0.005955,20256,0.005954,23153,0.005953,13839,0.005952,39124,0.005951,78554,0.005950,28585,0.005949,27548,0.005959,20992,0.005960,1679,0.005961,7493,0.005962,40588,0.005963,33923,0.005964,14799,0.005965,21550,0.005966,23008,0.005967,63758,0.005968,43072
gate,bybit,VANRYUSDT,0.005543,0.005958,7.4869,1774110694292,0.005541,13322,0.00554,18131,0.005539,18114,0.005538,26785,0.005537,26082,0.005536,26862,0.005535,25840,0.005534,11600,0.005529,29690,0.005528,21600,0.005543,4437,0.005544,6148,0.005545,18633,0.005546,245062,0.005549,17171,0.00555,16773,0.005566,11600,0.005567,18720,0.005569,27000,0.005575,11600,0.005958,9920,0.005957,59558,0.005956,7110,0.005955,20256,0.005954,23153,0.005953,13839,0.005952,39124,0.005951,78554,0.005950,28585,0.005949,27548,0.005959,20992,0.005960,1679,0.005961,7493,0.005962,40588,0.005963,33923,0.005964,14799,0.005965,21550,0.005966,23008,0.005967,63758,0.005968,43072
gate,bybit,VANRYUSDT,0.005543,0.005958,7.4869,1774110694592,0.005541,13322,0.00554,18131,0.005539,18114,0.005538,26785,0.005537,26082,0.005536,26862,0.005535,25840,0.005534,11600,0.005529,29690,0.005528,21600,0.005543,4437,0.005544,6148,0.005545,18633,0.005546,245062,0.005549,17171,0.00555,16773,0.005566,11600,0.005567,18720,0.005569,27000,0.005575,11600,0.005958,9920,0.005957,59558,0.005956,7110,0.005955,20256,0.005954,23153,0.005953,13839,0.005952,39124,0.005951,78554,0.005950,28585,0.005949,27548,0.005959,20992,0.005960,1679,0.005961,7493,0.005962,40588,0.005963,33923,0.005964,14799,0.005965,21550,0.005966,23008,0.005967,63758,0.005968,43072
gate,bybit,VANRYUSDT,0.005543,0.005958,7.4869,1774110694892,0.005541,13322,0.00554,18131,0.005539,18114,0.005538,26785,0.005537,26082,0.005536,26862,0.005535,25840,0.005534,11600,0.005529,29690,0.005528,21600,0.005543,4437,0.005544,6148,0.005545,18633,0.005546,245062,0.005549,17171,0.00555,16773,0.005566,11600,0.005567,18720,0.005569,27000,0.005575,11600,0.005958,9920,0.005957,59558,0.005956,7110,0.005955,20256,0.005954,23153,0.005953,13839,0.005952,39124,0.005951,78554,0.005950,28585,0.005949,27548,0.005959,20992,0.005960,1679,0.005961,7493,0.005962,40588,0.005963,33923,0.005964,14799,0.005965,21550,0.005966,23008,0.005967,63758,0.005968,43072
gate,bybit,VANRYUSDT,0.005543,0.005958,7.4869,1774110695193,0.005541,13322,0.00554,18131,0.005539,18114,0.005538,26785,0.005537,26082,0.005536,26862,0.005535,25840,0.005534,11600,0.005529,29690,0.005528,21600,0.005543,4437,0.005544,6148,0.005545,18633,0.005546,245062,0.005549,17171,0.00555,16773,0.005566,11600,0.005567,18720,0.005569,27000,0.005575,11600,0.005958,9920,0.005957,59558,0.005956,7110,0.005955,20256,0.005954,23153,0.005953,13839,0.005952,39124,0.005951,78554,0.005950,28585,0.005949,27548,0.005959,20992,0.005960,1679,0.005961,7493,0.005962,40588,0.005963,33923,0.005964,14799,0.005965,21550,0.005966,23008,0.005967,63758,0.005968,43072
gate,bybit,VANRYUSDT,0.005543,0.005958,7.4869,1774110695493,0.005541,13322,0.00554,18131,0.005539,18114,0.005538,26785,0.005537,26082,0.005536,26862,0.005535,25840,0.005534,11600,0.005529,29690,0.005528,21600,0.005543,4437,0.005544,6148,0.005545,18633,0.005546,245062,0.005549,17171,0.00555,16773,0.005566,11600,0.005567,18720,0.005569,27000,0.005582,11600,0.005958,9920,0.005957,59558,0.005956,7110,0.005955,20256,0.005954,23153,0.005953,13839,0.005952,39124,0.005951,78554,0.005950,28585,0.005949,27548,0.005959,20992,0.005960,1679,0.005961,7493,0.005962,40588,0.005963,33923,0.005964,14799,0.005965,21550,0.005966,23008,0.005967,63758,0.005968,43072
