spot_exch,fut_exch,symbol,ask_spot,bid_futures,spread_pct,ts,fr,fr_next,fr_time,s_b1,s_b2,s_b3,s_b4,s_b5,s_b6,s_b7,s_b8,s_b9,s_b10,s_bq1,s_bq2,s_bq3,s_bq4,s_bq5,s_bq6,s_bq7,s_bq8,s_bq9,s_bq10,s_a1,s_a2,s_a3,s_a4,s_a5,s_a6,s_a7,s_a8,s_a9,s_a10,s_aq1,s_aq2,s_aq3,s_aq4,s_aq5,s_aq6,s_aq7,s_aq8,s_aq9,s_aq10,f_b1,f_b2,f_b3,f_b4,f_b5,f_b6,f_b7,f_b8,f_b9,f_b10,f_bq1,f_bq2,f_bq3,f_bq4,f_bq5,f_bq6,f_bq7,f_bq8,f_bq9,f_bq10,f_a1,f_a2,f_a3,f_a4,f_a5,f_a6,f_a7,f_a8,f_a9,f_a10,f_aq1,f_aq2,f_aq3,f_aq4,f_aq5,f_aq6,f_aq7,f_aq8,f_aq9,f_aq10
binance,gate,FUNUSDT,0.00145100,0.03209,2111.5782,1774096313259,,,,0.00144900,162813.00000000,0.00144800,601899.00000000,0.00144700,351865.00000000,0.00144600,1140393.00000000,0.00144500,808913.00000000,0.00144400,3479625.00000000,0.00144300,795760.00000000,0.00144200,588431.00000000,0.00144100,273189.00000000,0.00144000,606265.00000000,0.00145100,73481.00000000,0.00145200,254000.00000000,0.00145300,83364.00000000,0.00145400,895910.00000000,0.00145500,595439.00000000,0.00145600,837257.00000000,0.00145700,30409.00000000,0.00145900,719932.00000000,0.00146000,759715.00000000,0.00146200,200405.00000000,0.03209,14,0.03208,90,0.03205,70,0.03204,90,0.03202,15,0.03201,75,0.032,14,0.03198,90,0.03194,11,0.03193,10,0.03215,14,0.03216,75,0.03217,14,0.03218,15,0.03219,89,0.0322,70,0.03221,15,0.03222,91,0.03224,14,0.03225,89
binance,gate,FUNUSDT,0.00145100,0.03209,2111.5782,1774096313559,,,,0.00144900,162813.00000000,0.00144800,601899.00000000,0.00144700,351865.00000000,0.00144600,1140393.00000000,0.00144500,808913.00000000,0.00144400,3479625.00000000,0.00144300,795760.00000000,0.00144200,588431.00000000,0.00144100,273189.00000000,0.00144000,606265.00000000,0.00145100,73481.00000000,0.00145200,254000.00000000,0.00145300,83364.00000000,0.00145400,895910.00000000,0.00145500,595439.00000000,0.00145600,837257.00000000,0.00145700,30409.00000000,0.00145900,719932.00000000,0.00146000,759715.00000000,0.00146200,200405.00000000,0.03209,14,0.03208,90,0.03205,70,0.03204,90,0.03202,15,0.03201,75,0.032,14,0.03198,90,0.03194,11,0.03193,10,0.03215,14,0.03216,75,0.03217,14,0.03218,15,0.03219,89,0.03221,15,0.03222,91,0.03223,70,0.03224,14,0.03225,89
binance,gate,FUNUSDT,0.00145100,0.03209,2111.5782,1774096313859,,,,0.00144900,162813.00000000,0.00144800,601899.00000000,0.00144700,351865.00000000,0.00144600,1140393.00000000,0.00144500,808913.00000000,0.00144400,3479625.00000000,0.00144300,795760.00000000,0.00144200,588431.00000000,0.00144100,273189.00000000,0.00144000,606265.00000000,0.00145100,73481.00000000,0.00145200,254000.00000000,0.00145300,83364.00000000,0.00145400,895910.00000000,0.00145500,595439.00000000,0.00145600,837257.00000000,0.00145700,30409.00000000,0.00145900,719932.00000000,0.00146000,759715.00000000,0.00146200,200405.00000000,0.03209,14,0.03208,90,0.03205,70,0.03204,90,0.03202,15,0.03201,75,0.032,14,0.03198,90,0.03194,11,0.03193,10,0.03215,14,0.03216,75,0.03217,14,0.03218,15,0.03219,89,0.03221,15,0.03222,91,0.03223,70,0.03224,14,0.03225,89
binance,gate,FUNUSDT,0.00145100,0.03209,2111.5782,1774096314160,,,,0.00144900,162813.00000000,0.00144800,601899.00000000,0.00144700,351865.00000000,0.00144600,1140393.00000000,0.00144500,808913.00000000,0.00144400,3479625.00000000,0.00144300,795760.00000000,0.00144200,588431.00000000,0.00144100,273189.00000000,0.00144000,606265.00000000,0.00145100,73481.00000000,0.00145200,254000.00000000,0.00145300,83364.00000000,0.00145400,895910.00000000,0.00145500,595439.00000000,0.00145600,837257.00000000,0.00145700,30409.00000000,0.00145900,719932.00000000,0.00146000,759715.00000000,0.00146200,200405.00000000,0.03209,14,0.03208,90,0.03205,70,0.03204,90,0.03202,15,0.03201,75,0.032,14,0.03198,90,0.03194,11,0.03193,10,0.03215,14,0.03216,75,0.03217,14,0.03218,15,0.03219,89,0.03221,85,0.03222,91,0.03224,14,0.03225,89,0.03227,14
binance,gate,FUNUSDT,0.00145100,0.03209,2111.5782,1774096314460,,,,0.00144900,162813.00000000,0.00144800,601899.00000000,0.00144700,351865.00000000,0.00144600,1140393.00000000,0.00144500,808913.00000000,0.00144400,3479625.00000000,0.00144300,795760.00000000,0.00144200,588431.00000000,0.00144100,273189.00000000,0.00144000,606265.00000000,0.00145100,73481.00000000,0.00145200,254000.00000000,0.00145300,83364.00000000,0.00145400,895910.00000000,0.00145500,595439.00000000,0.00145600,837257.00000000,0.00145700,30409.00000000,0.00145900,719932.00000000,0.00146000,759715.00000000,0.00146200,200405.00000000,0.03209,14,0.03208,90,0.03207,55,0.03205,15,0.03204,90,0.03202,15,0.03201,75,0.032,14,0.03198,90,0.03194,1,0.03215,14,0.03216,75,0.03217,14,0.03218,15,0.03219,89,0.03221,15,0.03222,91,0.03224,14,0.03225,89,0.03227,14
binance,gate,FUNUSDT,0.00145100,0.03209,2111.5782,1774096314760,,,,0.00144900,162813.00000000,0.00144800,601899.00000000,0.00144700,351865.00000000,0.00144600,1140393.00000000,0.00144500,808913.00000000,0.00144400,3479625.00000000,0.00144300,795760.00000000,0.00144200,588431.00000000,0.00144100,273189.00000000,0.00144000,606265.00000000,0.00145100,73481.00000000,0.00145200,254000.00000000,0.00145300,83364.00000000,0.00145400,895910.00000000,0.00145500,595439.00000000,0.00145600,837257.00000000,0.00145700,30409.00000000,0.00145900,719932.00000000,0.00146000,759715.00000000,0.00146200,200405.00000000,0.03209,14,0.03208,90,0.03207,55,0.03205,15,0.03204,90,0.03202,15,0.03201,75,0.032,14,0.03198,90,0.03193,10,0.03215,14,0.03216,75,0.03217,14,0.03218,15,0.03219,89,0.03221,15,0.03222,91,0.03223,70,0.03224,14,0.03225,89
binance,gate,FUNUSDT,0.00145100,0.03209,2111.5782,1774096315060,,,,0.00144900,162813.00000000,0.00144800,601899.00000000,0.00144700,351865.00000000,0.00144600,1140393.00000000,0.00144500,808913.00000000,0.00144400,3479625.00000000,0.00144300,795760.00000000,0.00144200,588431.00000000,0.00144100,273189.00000000,0.00144000,606265.00000000,0.00145100,73481.00000000,0.00145200,254000.00000000,0.00145300,83364.00000000,0.00145400,895910.00000000,0.00145500,595439.00000000,0.00145600,837257.00000000,0.00145700,30409.00000000,0.00145900,719932.00000000,0.00146000,759715.00000000,0.00146200,200405.00000000,0.03209,14,0.03208,90,0.03206,55,0.03205,15,0.03204,90,0.03202,15,0.03201,75,0.032,14,0.03198,90,0.03193,10,0.03215,14,0.03216,75,0.03217,14,0.03218,15,0.03219,89,0.03221,15,0.03222,91,0.03223,70,0.03224,14,0.03225,89
binance,gate,FUNUSDT,0.00145100,0.03209,2111.5782,1774096315360,,,,0.00144800,601899.00000000,0.00144700,351865.00000000,0.00144600,1140393.00000000,0.00144500,808913.00000000,0.00144400,3479625.00000000,0.00144300,603147.00000000,0.00144200,588431.00000000,0.00144100,273189.00000000,0.00144000,606265.00000000,0.00143900,721759.00000000,0.00145100,73481.00000000,0.00145200,254000.00000000,0.00145300,503556.00000000,0.00145400,478465.00000000,0.00145500,595439.00000000,0.00145600,837257.00000000,0.00145700,30409.00000000,0.00145800,192413.00000000,0.00145900,719932.00000000,0.00146000,759715.00000000,0.03209,14,0.03208,90,0.03206,55,0.03205,15,0.03204,90,0.03202,15,0.03201,75,0.032,14,0.03198,90,0.03193,10,0.03215,14,0.03216,75,0.03217,14,0.03218,85,0.03219,89,0.03221,15,0.03222,91,0.03224,14,0.03225,89,0.03227,14
binance,gate,FUNUSDT,0.00145100,0.03209,2111.5782,1774096315660,,,,0.00144800,601899.00000000,0.00144700,351865.00000000,0.00144600,1140393.00000000,0.00144500,1148556.00000000,0.00144400,3082808.00000000,0.00144300,603147.00000000,0.00144200,588431.00000000,0.00144100,273189.00000000,0.00144000,606265.00000000,0.00143900,721759.00000000,0.00145100,73481.00000000,0.00145200,254000.00000000,0.00145300,503556.00000000,0.00145400,478465.00000000,0.00145500,595439.00000000,0.00145600,837257.00000000,0.00145700,30409.00000000,0.00145800,192413.00000000,0.00145900,719932.00000000,0.00146000,759715.00000000,0.03209,14,0.03208,90,0.03206,55,0.03205,15,0.03204,90,0.03202,15,0.03201,75,0.032,14,0.03198,90,0.03193,10,0.03215,14,0.03216,75,0.03217,14,0.03218,85,0.03219,89,0.03221,15,0.03222,91,0.03224,14,0.03225,89,0.03227,14
binance,gate,FUNUSDT,0.00145100,0.03209,2111.5782,1774096315961,,,,0.00144800,601899.00000000,0.00144700,351865.00000000,0.00144600,1140393.00000000,0.00144500,1148556.00000000,0.00144400,3082808.00000000,0.00144300,603147.00000000,0.00144200,588431.00000000,0.00144100,273189.00000000,0.00144000,606265.00000000,0.00143900,721759.00000000,0.00145100,73481.00000000,0.00145200,254000.00000000,0.00145300,503556.00000000,0.00145400,478465.00000000,0.00145500,595439.00000000,0.00145600,837257.00000000,0.00145700,30409.00000000,0.00145800,192413.00000000,0.00145900,719932.00000000,0.00146000,759715.00000000,0.03209,14,0.03208,90,0.03206,55,0.03205,15,0.03204,90,0.03202,15,0.03201,75,0.032,14,0.03198,90,0.03193,10,0.03215,14,0.03216,75,0.03217,14,0.03218,85,0.03219,89,0.03221,15,0.03222,91,0.03224,14,0.03225,89,0.03227,14
binance,gate,FUNUSDT,0.00145100,0.03209,2111.5782,1774096316261,,,,0.00144800,601899.00000000,0.00144700,351865.00000000,0.00144600,1140393.00000000,0.00144500,1148556.00000000,0.00144400,3082808.00000000,0.00144300,603147.00000000,0.00144200,588431.00000000,0.00144100,273189.00000000,0.00144000,606265.00000000,0.00143900,721759.00000000,0.00145100,73481.00000000,0.00145200,254000.00000000,0.00145300,503556.00000000,0.00145400,478465.00000000,0.00145500,595439.00000000,0.00145600,837257.00000000,0.00145700,30409.00000000,0.00145800,192413.00000000,0.00145900,719932.00000000,0.00146000,759715.00000000,0.03209,14,0.03208,90,0.03206,55,0.03205,15,0.03204,90,0.03202,15,0.03201,75,0.032,14,0.03198,90,0.03193,10,0.03215,14,0.03216,75,0.03218,15,0.03219,89,0.0322,70,0.03221,15,0.03222,91,0.03224,14,0.03225,89,0.03227,14
binance,gate,FUNUSDT,0.00145100,0.03209,2111.5782,1774096316561,,,,0.00144800,601899.00000000,0.00144700,351865.00000000,0.00144600,1140393.00000000,0.00144500,1148556.00000000,0.00144400,3082808.00000000,0.00144300,603147.00000000,0.00144200,588431.00000000,0.00144100,273189.00000000,0.00144000,606265.00000000,0.00143900,721759.00000000,0.00145100,73481.00000000,0.00145200,254000.00000000,0.00145300,503556.00000000,0.00145400,478465.00000000,0.00145500,595439.00000000,0.00145600,837257.00000000,0.00145700,30409.00000000,0.00145800,192413.00000000,0.00145900,719932.00000000,0.00146000,759715.00000000,0.03209,14,0.03208,90,0.03206,55,0.03205,15,0.03204,90,0.03202,15,0.03201,75,0.032,14,0.03198,90,0.03193,10,0.03215,14,0.03216,75,0.03218,15,0.03219,89,0.03221,85,0.03222,91,0.03224,14,0.03225,89,0.03227,14,0.03228,89
binance,gate,FUNUSDT,0.00145100,0.03209,2111.5782,1774096316862,,,,0.00144800,601899.00000000,0.00144700,351865.00000000,0.00144600,1140393.00000000,0.00144500,1148556.00000000,0.00144400,3082808.00000000,0.00144300,603147.00000000,0.00144200,588431.00000000,0.00144100,273189.00000000,0.00144000,606265.00000000,0.00143900,721759.00000000,0.00145100,73481.00000000,0.00145200,254000.00000000,0.00145300,503556.00000000,0.00145400,478465.00000000,0.00145500,595439.00000000,0.00145600,837257.00000000,0.00145700,30409.00000000,0.00145800,192413.00000000,0.00145900,719932.00000000,0.00146000,759715.00000000,0.03209,14,0.03208,90,0.03206,55,0.03205,15,0.03204,90,0.03202,15,0.03201,75,0.032,14,0.03198,90,0.03193,10,0.03215,14,0.03216,75,0.03218,15,0.03219,89,0.03221,85,0.03222,91,0.03224,14,0.03225,89,0.03227,14,0.03228,89
binance,gate,FUNUSDT,0.00145100,0.03209,2111.5782,1774096317162,,,,0.00144800,601899.00000000,0.00144700,351865.00000000,0.00144600,1140393.00000000,0.00144500,1148556.00000000,0.00144400,3082808.00000000,0.00144300,603147.00000000,0.00144200,588431.00000000,0.00144100,273189.00000000,0.00144000,606265.00000000,0.00143900,721759.00000000,0.00145100,73481.00000000,0.00145200,254000.00000000,0.00145300,503556.00000000,0.00145400,478465.00000000,0.00145500,595439.00000000,0.00145600,837257.00000000,0.00145700,30409.00000000,0.00145800,192413.00000000,0.00145900,719932.00000000,0.00146000,759715.00000000,0.03209,14,0.03208,90,0.03206,55,0.03205,15,0.03204,90,0.03202,15,0.03201,75,0.032,14,0.03198,90,0.03193,10,0.03215,14,0.03216,75,0.03218,15,0.03219,89,0.0322,70,0.03221,15,0.03222,91,0.03224,14,0.03225,89,0.03227,14
binance,gate,FUNUSDT,0.00145100,0.03209,2111.5782,1774096317462,,,,0.00144800,601899.00000000,0.00144700,351865.00000000,0.00144600,1140393.00000000,0.00144500,1148556.00000000,0.00144400,3082808.00000000,0.00144300,603147.00000000,0.00144200,588431.00000000,0.00144100,273189.00000000,0.00144000,606265.00000000,0.00143900,721759.00000000,0.00145100,73481.00000000,0.00145200,254000.00000000,0.00145300,503556.00000000,0.00145400,478465.00000000,0.00145500,595439.00000000,0.00145600,837257.00000000,0.00145700,30409.00000000,0.00145800,192413.00000000,0.00145900,719932.00000000,0.00146000,759715.00000000,0.03209,14,0.03208,90,0.03206,55,0.03205,15,0.03204,90,0.03202,15,0.03201,75,0.032,14,0.03198,90,0.03193,10,0.03215,14,0.03216,75,0.03218,15,0.03219,89,0.0322,70,0.03221,15,0.03222,91,0.03224,14,0.03225,89,0.03227,14
binance,gate,FUNUSDT,0.00145100,0.03209,2111.5782,1774096317763,,,,0.00144800,601899.00000000,0.00144700,351865.00000000,0.00144600,1140393.00000000,0.00144500,1148556.00000000,0.00144400,3082808.00000000,0.00144300,603147.00000000,0.00144200,588431.00000000,0.00144100,273189.00000000,0.00144000,606265.00000000,0.00143900,721759.00000000,0.00145100,73481.00000000,0.00145200,254000.00000000,0.00145300,503556.00000000,0.00145400,478465.00000000,0.00145500,595439.00000000,0.00145600,837257.00000000,0.00145700,30409.00000000,0.00145800,192413.00000000,0.00145900,719932.00000000,0.00146000,759715.00000000,0.03209,14,0.03208,90,0.03206,55,0.03205,15,0.03204,90,0.03202,15,0.03201,75,0.032,14,0.03198,90,0.03193,10,0.03215,14,0.03216,75,0.03218,15,0.03219,89,0.03221,15,0.03222,161,0.03224,14,0.03225,89,0.03227,14,0.03228,89
binance,gate,FUNUSDT,0.00145100,0.03209,2111.5782,1774096318063,,,,0.00144800,601899.00000000,0.00144700,351865.00000000,0.00144600,1140393.00000000,0.00144500,1148556.00000000,0.00144400,3082808.00000000,0.00144300,603147.00000000,0.00144200,588431.00000000,0.00144100,273189.00000000,0.00144000,606265.00000000,0.00143900,721759.00000000,0.00145100,73481.00000000,0.00145200,254000.00000000,0.00145300,503556.00000000,0.00145400,478465.00000000,0.00145500,595439.00000000,0.00145600,837257.00000000,0.00145700,30409.00000000,0.00145800,192413.00000000,0.00145900,719932.00000000,0.00146000,759715.00000000,0.03209,14,0.03208,90,0.03206,55,0.03205,15,0.03204,90,0.03202,15,0.03201,75,0.032,14,0.03198,90,0.03193,10,0.03215,14,0.03216,75,0.03218,15,0.03219,89,0.03221,15,0.03222,91,0.03224,14,0.03225,89,0.03227,14,0.03228,89
binance,gate,FUNUSDT,0.00145100,0.03209,2111.5782,1774096318364,,,,0.00144800,601899.00000000,0.00144700,351865.00000000,0.00144600,1140393.00000000,0.00144500,1148556.00000000,0.00144400,3082808.00000000,0.00144300,603147.00000000,0.00144200,588431.00000000,0.00144100,273189.00000000,0.00144000,606265.00000000,0.00143900,721759.00000000,0.00145100,73481.00000000,0.00145200,254000.00000000,0.00145300,503556.00000000,0.00145400,478465.00000000,0.00145500,595439.00000000,0.00145600,837257.00000000,0.00145700,30409.00000000,0.00145800,192413.00000000,0.00145900,719932.00000000,0.00146000,759715.00000000,0.03209,14,0.03208,90,0.03206,55,0.03205,15,0.03204,90,0.03202,15,0.03201,75,0.032,14,0.03198,90,0.03193,10,0.03215,14,0.03216,75,0.03218,15,0.03219,89,0.0322,70,0.03221,15,0.03222,91,0.03224,14,0.03225,89,0.03227,14
binance,gate,FUNUSDT,0.00145100,0.03209,2111.5782,1774096318664,,,,0.00144800,601899.00000000,0.00144700,351865.00000000,0.00144600,1140393.00000000,0.00144500,1148556.00000000,0.00144400,3082808.00000000,0.00144300,603147.00000000,0.00144200,588431.00000000,0.00144100,273189.00000000,0.00144000,606265.00000000,0.00143900,721759.00000000,0.00145100,73481.00000000,0.00145200,254000.00000000,0.00145300,503556.00000000,0.00145400,478465.00000000,0.00145500,595439.00000000,0.00145600,837257.00000000,0.00145700,30409.00000000,0.00145800,192413.00000000,0.00145900,719932.00000000,0.00146000,759715.00000000,0.03209,14,0.03208,90,0.03206,55,0.03205,15,0.03204,90,0.03202,15,0.03201,75,0.032,14,0.03198,90,0.03193,10,0.03215,14,0.03216,75,0.03218,15,0.03219,89,0.0322,70,0.03221,15,0.03222,91,0.03224,14,0.03225,89,0.03227,14
binance,gate,FUNUSDT,0.00145100,0.03209,2111.5782,1774096318965,,,,0.00144800,601899.00000000,0.00144700,351865.00000000,0.00144600,1140393.00000000,0.00144500,1148556.00000000,0.00144400,3082808.00000000,0.00144300,603147.00000000,0.00144200,588431.00000000,0.00144100,273189.00000000,0.00144000,606265.00000000,0.00143900,721759.00000000,0.00145100,73481.00000000,0.00145200,254000.00000000,0.00145300,503556.00000000,0.00145400,478465.00000000,0.00145500,595439.00000000,0.00145600,837257.00000000,0.00145700,30409.00000000,0.00145800,192413.00000000,0.00145900,719932.00000000,0.00146000,759715.00000000,0.03209,14,0.03208,90,0.03206,55,0.03205,15,0.03204,90,0.03202,15,0.03201,75,0.032,14,0.03198,90,0.03193,10,0.03215,14,0.03216,75,0.03218,15,0.03219,89,0.03221,15,0.03222,91,0.03224,14,0.03225,89,0.03227,14,0.03228,89
binance,gate,FUNUSDT,0.00145100,0.03209,2111.5782,1774096319265,,,,0.00144800,601899.00000000,0.00144700,351865.00000000,0.00144600,1140393.00000000,0.00144500,1148556.00000000,0.00144400,3082808.00000000,0.00144300,603147.00000000,0.00144200,588431.00000000,0.00144100,273189.00000000,0.00144000,606265.00000000,0.00143900,721759.00000000,0.00145100,73481.00000000,0.00145200,254000.00000000,0.00145300,503556.00000000,0.00145400,478465.00000000,0.00145500,595439.00000000,0.00145600,837257.00000000,0.00145700,30409.00000000,0.00145800,192413.00000000,0.00145900,719932.00000000,0.00146000,759715.00000000,0.03209,14,0.03208,90,0.03206,55,0.03205,15,0.03204,90,0.03202,15,0.03201,75,0.032,14,0.03198,90,0.03193,10,0.03215,14,0.03216,75,0.03218,85,0.03219,89,0.03221,15,0.03222,91,0.03224,14,0.03225,89,0.03227,14,0.03228,89
binance,gate,FUNUSDT,0.00145100,0.03209,2111.5782,1774096319565,,,,0.00144800,601899.00000000,0.00144700,351865.00000000,0.00144600,1140393.00000000,0.00144500,1148556.00000000,0.00144400,3082808.00000000,0.00144300,603147.00000000,0.00144200,588431.00000000,0.00144100,273189.00000000,0.00144000,606265.00000000,0.00143900,721759.00000000,0.00145100,73481.00000000,0.00145200,254000.00000000,0.00145300,503556.00000000,0.00145400,478465.00000000,0.00145500,595439.00000000,0.00145600,837257.00000000,0.00145700,30409.00000000,0.00145800,192413.00000000,0.00145900,719932.00000000,0.00146000,759715.00000000,0.03209,14,0.03208,90,0.03206,55,0.03205,15,0.03204,90,0.03202,15,0.03201,75,0.032,14,0.03198,90,0.03193,10,0.03215,14,0.03216,75,0.03218,85,0.03219,89,0.03221,15,0.03222,91,0.03224,14,0.03225,89,0.03227,14,0.03228,89
binance,gate,FUNUSDT,0.00145100,0.03209,2111.5782,1774096319865,,,,0.00144800,601899.00000000,0.00144700,351865.00000000,0.00144600,1140393.00000000,0.00144500,1148556.00000000,0.00144400,3082808.00000000,0.00144300,603147.00000000,0.00144200,588431.00000000,0.00144100,273189.00000000,0.00144000,606265.00000000,0.00143900,721759.00000000,0.00145100,73481.00000000,0.00145200,254000.00000000,0.00145300,503556.00000000,0.00145400,478465.00000000,0.00145500,595439.00000000,0.00145600,837257.00000000,0.00145700,30409.00000000,0.00145800,192413.00000000,0.00145900,719932.00000000,0.00146000,759715.00000000,0.03209,14,0.03208,90,0.03206,55,0.03205,15,0.03204,90,0.03202,15,0.03201,75,0.032,14,0.03198,90,0.03193,10,0.03215,14,0.03216,75,0.03218,15,0.03219,89,0.0322,70,0.03221,15,0.03222,91,0.03224,14,0.03225,89,0.03227,14
binance,gate,FUNUSDT,0.00145100,0.03209,2111.5782,1774096320165,,,,0.00144800,601899.00000000,0.00144700,351865.00000000,0.00144600,1140393.00000000,0.00144500,1148556.00000000,0.00144400,3082808.00000000,0.00144300,603147.00000000,0.00144200,588431.00000000,0.00144100,273189.00000000,0.00144000,606265.00000000,0.00143900,721759.00000000,0.00145100,73481.00000000,0.00145200,254000.00000000,0.00145300,503556.00000000,0.00145400,478465.00000000,0.00145500,595439.00000000,0.00145600,837257.00000000,0.00145700,30409.00000000,0.00145800,192413.00000000,0.00145900,719932.00000000,0.00146000,759715.00000000,0.03209,14,0.03208,90,0.03206,55,0.03205,15,0.03204,90,0.03202,15,0.03201,75,0.032,14,0.03198,90,0.03193,10,0.03215,14,0.03216,75,0.03218,15,0.03219,89,0.0322,70,0.03221,15,0.03222,91,0.03224,14,0.03225,89,0.03227,14
binance,gate,FUNUSDT,0.00145100,0.03209,2111.5782,1774096320465,,,,0.00144800,601899.00000000,0.00144700,351865.00000000,0.00144600,1140393.00000000,0.00144500,1148556.00000000,0.00144400,3082808.00000000,0.00144300,603147.00000000,0.00144200,588431.00000000,0.00144100,273189.00000000,0.00144000,606265.00000000,0.00143900,721759.00000000,0.00145100,73481.00000000,0.00145200,254000.00000000,0.00145300,503556.00000000,0.00145400,478465.00000000,0.00145500,595439.00000000,0.00145600,837257.00000000,0.00145700,30409.00000000,0.00145800,192413.00000000,0.00145900,719932.00000000,0.00146000,759715.00000000,0.03209,14,0.03208,90,0.03206,55,0.03205,15,0.03204,90,0.03202,15,0.03201,75,0.032,14,0.03198,90,0.03193,10,0.03215,14,0.03216,75,0.03218,15,0.03219,89,0.0322,70,0.03221,15,0.03222,91,0.03224,14,0.03225,89,0.03227,14
binance,gate,FUNUSDT,0.00145200,0.03209,2110.0551,1774096320772,0.00005,0.00005,,0.00144900,10996.00000000,0.00144800,601899.00000000,0.00144700,351865.00000000,0.00144600,1140393.00000000,0.00144500,1148556.00000000,0.00144400,3082808.00000000,0.00144300,603147.00000000,0.00144200,588431.00000000,0.00144100,192613.00000000,0.00144000,606265.00000000,0.00145200,254000.00000000,0.00145300,504389.00000000,0.00145400,478465.00000000,0.00145500,595439.00000000,0.00145600,899899.00000000,0.00145700,41248.00000000,0.00145900,719932.00000000,0.00146000,759715.00000000,0.00146200,200405.00000000,0.00146300,207586.00000000,0.03209,14,0.03208,90,0.03206,55,0.03205,15,0.03204,90,0.03202,15,0.03201,75,0.032,14,0.03198,90,0.03193,10,0.03215,14,0.03216,75,0.03218,15,0.03219,89,0.0322,70,0.03221,15,0.03222,91,0.03224,14,0.03225,89,0.03227,14
binance,gate,FUNUSDT,0.00145200,0.03209,2110.0551,1774096321083,0.00005,0.00005,,0.00144900,190663.00000000,0.00144800,601899.00000000,0.00144700,351865.00000000,0.00144600,1140393.00000000,0.00144500,808913.00000000,0.00144400,3082808.00000000,0.00144300,603147.00000000,0.00144200,588431.00000000,0.00144100,192613.00000000,0.00144000,606265.00000000,0.00145200,265940.00000000,0.00145300,504389.00000000,0.00145400,478465.00000000,0.00145500,595439.00000000,0.00145600,1561148.00000000,0.00145700,41248.00000000,0.00145900,719932.00000000,0.00146000,759715.00000000,0.00146200,200405.00000000,0.00146300,207586.00000000,0.03209,14,0.03208,90,0.03206,55,0.03205,15,0.03204,90,0.03202,15,0.03201,75,0.032,14,0.03198,90,0.03193,10,0.03215,14,0.03216,75,0.03218,15,0.03219,89,0.0322,70,0.03221,15,0.03222,91,0.03224,14,0.03225,89,0.03227,14
binance,gate,FUNUSDT,0.00145200,0.03209,2110.0551,1774096321389,0.00005,0.00005,,0.00144900,190663.00000000,0.00144800,601899.00000000,0.00144700,351865.00000000,0.00144600,1077317.00000000,0.00144500,597606.00000000,0.00144400,3082808.00000000,0.00144300,603147.00000000,0.00144200,588431.00000000,0.00144100,192613.00000000,0.00144000,606265.00000000,0.00145200,265940.00000000,0.00145300,504389.00000000,0.00145400,478465.00000000,0.00145500,595439.00000000,0.00145600,1561148.00000000,0.00145700,41248.00000000,0.00145900,719932.00000000,0.00146000,759715.00000000,0.00146200,200405.00000000,0.00146300,207586.00000000,0.03209,14,0.03208,90,0.03206,55,0.03205,15,0.03204,90,0.03202,15,0.03201,75,0.032,14,0.03198,90,0.03193,10,0.03215,14,0.03216,75,0.03218,15,0.03219,89,0.0322,70,0.03221,15,0.03222,91,0.03224,14,0.03225,89,0.03227,14
binance,gate,FUNUSDT,0.00145200,0.03209,2110.0551,1774096321689,0.00005,0.00005,,0.00144900,190663.00000000,0.00144800,601899.00000000,0.00144700,351865.00000000,0.00144600,1077317.00000000,0.00144500,597606.00000000,0.00144400,3082808.00000000,0.00144300,603147.00000000,0.00144200,588431.00000000,0.00144100,192613.00000000,0.00144000,606265.00000000,0.00145200,265940.00000000,0.00145300,504389.00000000,0.00145400,478465.00000000,0.00145500,595439.00000000,0.00145600,1561148.00000000,0.00145700,41248.00000000,0.00145900,719932.00000000,0.00146000,759715.00000000,0.00146200,200405.00000000,0.00146300,207586.00000000,0.03209,14,0.03208,90,0.03206,55,0.03205,15,0.03204,90,0.03202,15,0.03201,75,0.032,14,0.03198,90,0.03193,10,0.03215,14,0.03216,75,0.03218,85,0.03219,89,0.03221,15,0.03222,91,0.03224,14,0.03225,89,0.03227,14,0.03228,89
binance,gate,FUNUSDT,0.00145200,0.03209,2110.0551,1774096321998,0.00005,0.00005,,0.00144900,190663.00000000,0.00144800,601899.00000000,0.00144700,351865.00000000,0.00144600,1280723.00000000,0.00144500,597606.00000000,0.00144400,3082808.00000000,0.00144300,603147.00000000,0.00144200,588431.00000000,0.00144100,192613.00000000,0.00144000,606265.00000000,0.00145200,265940.00000000,0.00145300,504389.00000000,0.00145400,478465.00000000,0.00145500,595439.00000000,0.00145600,1561148.00000000,0.00145700,41248.00000000,0.00145900,719932.00000000,0.00146000,759715.00000000,0.00146200,200405.00000000,0.00146300,207586.00000000,0.03209,14,0.03208,90,0.03206,55,0.03205,15,0.03204,90,0.03202,15,0.03201,75,0.032,14,0.03198,90,0.03193,10,0.03215,14,0.03216,75,0.03218,15,0.03219,89,0.0322,70,0.03221,15,0.03222,91,0.03224,14,0.03225,89,0.03227,14
binance,gate,FUNUSDT,0.00145200,0.03208,2109.3664,1774096322315,0.00005,0.00005,,0.00144900,190663.00000000,0.00144800,601899.00000000,0.00144700,351865.00000000,0.00144600,1280723.00000000,0.00144500,597606.00000000,0.00144400,3082808.00000000,0.00144300,603147.00000000,0.00144200,588431.00000000,0.00144100,192613.00000000,0.00144000,606265.00000000,0.00145200,265940.00000000,0.00145300,504389.00000000,0.00145400,478465.00000000,0.00145500,595439.00000000,0.00145600,1561148.00000000,0.00145700,41248.00000000,0.00145900,719932.00000000,0.00146000,759715.00000000,0.00146200,200405.00000000,0.00146300,207586.00000000,0.03209,14,0.03208,90,0.03206,55,0.03205,15,0.03204,90,0.03202,15,0.03201,75,0.032,14,0.03198,90,0.03193,10,0.03215,14,0.03216,75,0.03218,15,0.03219,89,0.0322,70,0.03221,15,0.03222,91,0.03224,14,0.03225,89,0.03227,14
binance,gate,FUNUSDT,0.00145200,0.03208,2109.3664,1774096322626,0.00005,0.00005,,0.00144900,190663.00000000,0.00144800,601899.00000000,0.00144700,351865.00000000,0.00144600,1280723.00000000,0.00144500,597606.00000000,0.00144400,3082808.00000000,0.00144300,603147.00000000,0.00144200,588431.00000000,0.00144100,192613.00000000,0.00144000,606265.00000000,0.00145200,265940.00000000,0.00145300,504389.00000000,0.00145400,478465.00000000,0.00145500,595439.00000000,0.00145600,1561148.00000000,0.00145700,41248.00000000,0.00145900,719932.00000000,0.00146000,759715.00000000,0.00146200,200405.00000000,0.00146300,207586.00000000,0.03208,15,0.03207,75,0.03205,15,0.03204,145,0.03202,15,0.03201,75,0.032,14,0.03198,90,0.03193,10,0.03192,24,0.03215,14,0.03216,75,0.03218,85,0.03219,89,0.03221,15,0.03222,91,0.03224,14,0.03225,89,0.03227,14,0.03228,89
binance,gate,FUNUSDT,0.00145200,0.03206,2107.989,1774096322939,0.00005,0.00005,,0.00144900,190663.00000000,0.00144800,601899.00000000,0.00144700,351865.00000000,0.00144600,1280723.00000000,0.00144500,597606.00000000,0.00144400,3082808.00000000,0.00144300,603147.00000000,0.00144200,588431.00000000,0.00144100,192613.00000000,0.00144000,606265.00000000,0.00145200,265940.00000000,0.00145300,504389.00000000,0.00145400,478465.00000000,0.00145500,595439.00000000,0.00145600,1561148.00000000,0.00145700,41248.00000000,0.00145900,719932.00000000,0.00146000,759715.00000000,0.00146200,200405.00000000,0.00146300,207586.00000000,0.03206,15,0.03205,15,0.03204,90,0.03203,55,0.03202,15,0.03201,75,0.032,14,0.03198,90,0.03193,10,0.03192,24,0.03215,14,0.03216,145,0.03218,15,0.03219,89,0.03221,15,0.03222,91,0.03224,14,0.03225,89,0.03227,14,0.03228,89
binance,gate,FUNUSDT,0.00145200,0.03206,2107.989,1774096323250,0.00005,0.00005,,0.00144900,190663.00000000,0.00144800,601899.00000000,0.00144700,351865.00000000,0.00144600,1280723.00000000,0.00144500,597606.00000000,0.00144400,3082808.00000000,0.00144300,603147.00000000,0.00144200,588431.00000000,0.00144100,192613.00000000,0.00144000,606265.00000000,0.00145200,265940.00000000,0.00145300,504389.00000000,0.00145400,478465.00000000,0.00145500,595439.00000000,0.00145600,1561148.00000000,0.00145700,41248.00000000,0.00145900,719932.00000000,0.00146000,759715.00000000,0.00146200,200405.00000000,0.00146300,207586.00000000,0.03206,15,0.03205,15,0.03204,90,0.03203,55,0.03202,15,0.03201,75,0.032,14,0.03198,90,0.03193,10,0.03192,24,0.03214,15,0.03215,84,0.03216,75,0.03218,15,0.03219,89,0.03221,15,0.03222,91,0.03224,14,0.03225,89,0.03227,14
binance,gate,FUNUSDT,0.00145200,0.03206,2107.989,1774096323564,0.00005,0.00005,,0.00144900,190663.00000000,0.00144800,601899.00000000,0.00144700,351865.00000000,0.00144600,1280723.00000000,0.00144500,597606.00000000,0.00144400,3082808.00000000,0.00144300,603147.00000000,0.00144200,588431.00000000,0.00144100,192613.00000000,0.00144000,606265.00000000,0.00145200,265940.00000000,0.00145300,504389.00000000,0.00145400,478465.00000000,0.00145500,595439.00000000,0.00145600,1561148.00000000,0.00145700,41248.00000000,0.00145900,719932.00000000,0.00146000,759715.00000000,0.00146200,200405.00000000,0.00146300,207586.00000000,0.03206,15,0.03205,15,0.03204,90,0.03203,55,0.03202,15,0.03201,75,0.032,14,0.03198,90,0.03193,10,0.03192,24,0.03214,15,0.03215,84,0.03216,75,0.03218,15,0.03219,89,0.03221,15,0.03222,91,0.03224,14,0.03225,89,0.03227,14
binance,gate,FUNUSDT,0.00145200,0.03205,2107.3003,1774096323875,0.00005,0.00005,,0.00144900,190663.00000000,0.00144800,601899.00000000,0.00144700,351865.00000000,0.00144600,1280723.00000000,0.00144500,597606.00000000,0.00144400,3082808.00000000,0.00144300,603147.00000000,0.00144200,588431.00000000,0.00144100,192613.00000000,0.00144000,606265.00000000,0.00145200,265940.00000000,0.00145300,504389.00000000,0.00145400,478465.00000000,0.00145500,595439.00000000,0.00145600,1561148.00000000,0.00145700,41248.00000000,0.00145900,719932.00000000,0.00146000,759715.00000000,0.00146200,200405.00000000,0.00146300,207586.00000000,0.03205,15,0.03204,90,0.03203,55,0.03202,15,0.03201,75,0.032,14,0.03198,90,0.03193,10,0.03192,24,0.03191,75,0.03214,15,0.03215,84,0.03216,75,0.03218,15,0.03219,89,0.03221,15,0.03222,91,0.03224,14,0.03225,89,0.03227,14
binance,gate,FUNUSDT,0.00145200,0.03205,2107.3003,1774096324193,0.00005,0.00005,,0.00144900,190663.00000000,0.00144800,601899.00000000,0.00144700,351865.00000000,0.00144600,1280723.00000000,0.00144500,597606.00000000,0.00144400,3082808.00000000,0.00144300,603147.00000000,0.00144200,588431.00000000,0.00144100,192613.00000000,0.00144000,606265.00000000,0.00145200,265940.00000000,0.00145300,504389.00000000,0.00145400,478465.00000000,0.00145500,595439.00000000,0.00145600,1561148.00000000,0.00145700,41248.00000000,0.00145900,719932.00000000,0.00146000,759715.00000000,0.00146200,200405.00000000,0.00146300,207586.00000000,0.03205,15,0.03204,90,0.03203,55,0.03202,15,0.03201,75,0.032,14,0.03198,90,0.03193,10,0.03192,24,0.03191,75,0.03214,15,0.03215,84,0.03216,75,0.03218,15,0.03219,89,0.03221,15,0.03222,91,0.03224,14,0.03225,89,0.03227,14
binance,gate,FUNUSDT,0.00145200,0.03205,2107.3003,1774096324501,0.00005,0.00005,,0.00144900,190663.00000000,0.00144800,601899.00000000,0.00144700,351865.00000000,0.00144600,1280723.00000000,0.00144500,597606.00000000,0.00144400,3082808.00000000,0.00144300,603147.00000000,0.00144200,588431.00000000,0.00144100,192613.00000000,0.00144000,606265.00000000,0.00145200,265940.00000000,0.00145300,504389.00000000,0.00145400,478465.00000000,0.00145500,595439.00000000,0.00145600,1561148.00000000,0.00145700,41248.00000000,0.00145900,719932.00000000,0.00146000,759715.00000000,0.00146200,200405.00000000,0.00146300,207586.00000000,0.03205,15,0.03204,90,0.03203,55,0.03202,15,0.03201,75,0.032,14,0.03198,90,0.03193,10,0.03192,24,0.03191,75,0.03215,14,0.03216,75,0.03217,70,0.03218,15,0.03219,89,0.03221,15,0.03222,91,0.03224,14,0.03225,89,0.03227,14
binance,gate,FUNUSDT,0.00145200,0.03205,2107.3003,1774096324802,0.00005,0.00005,,0.00144900,190663.00000000,0.00144800,601899.00000000,0.00144700,351865.00000000,0.00144600,1280723.00000000,0.00144500,597606.00000000,0.00144400,3082808.00000000,0.00144300,603147.00000000,0.00144200,588431.00000000,0.00144100,192613.00000000,0.00144000,606265.00000000,0.00145200,265940.00000000,0.00145300,504389.00000000,0.00145400,478465.00000000,0.00145500,595439.00000000,0.00145600,1561148.00000000,0.00145700,41248.00000000,0.00145900,719932.00000000,0.00146000,759715.00000000,0.00146200,200405.00000000,0.00146300,207586.00000000,0.03205,15,0.03204,90,0.03203,55,0.03202,15,0.03201,75,0.032,14,0.03198,90,0.03193,10,0.03192,24,0.03191,75,0.03214,15,0.03215,84,0.03216,75,0.03218,15,0.03219,89,0.03221,15,0.03222,91,0.03224,14,0.03225,89,0.03227,14
binance,gate,FUNUSDT,0.00145200,0.03205,2107.3003,1774096325108,0.00005,0.00005,,0.00144900,190663.00000000,0.00144800,601899.00000000,0.00144700,351865.00000000,0.00144600,1280723.00000000,0.00144500,597606.00000000,0.00144400,3082808.00000000,0.00144300,603147.00000000,0.00144200,588431.00000000,0.00144100,192613.00000000,0.00144000,606265.00000000,0.00145200,265940.00000000,0.00145300,504389.00000000,0.00145400,478465.00000000,0.00145500,595439.00000000,0.00145600,1561148.00000000,0.00145700,41248.00000000,0.00145900,719932.00000000,0.00146000,759715.00000000,0.00146200,200405.00000000,0.00146300,207586.00000000,0.03205,15,0.03204,90,0.03203,55,0.03202,15,0.03201,75,0.032,14,0.03198,90,0.03193,10,0.03192,24,0.03191,90,0.03214,15,0.03215,84,0.03216,75,0.03218,15,0.03219,89,0.03221,15,0.03222,91,0.03224,14,0.03225,89,0.03227,14
binance,gate,FUNUSDT,0.00145200,0.03205,2107.3003,1774096325423,0.00005,0.00005,,0.00144900,190663.00000000,0.00144800,601899.00000000,0.00144700,351865.00000000,0.00144600,1280723.00000000,0.00144500,597606.00000000,0.00144400,3082808.00000000,0.00144300,603147.00000000,0.00144200,588431.00000000,0.00144100,192613.00000000,0.00144000,606265.00000000,0.00145200,265940.00000000,0.00145300,504389.00000000,0.00145400,478465.00000000,0.00145500,595439.00000000,0.00145600,1561148.00000000,0.00145700,41248.00000000,0.00145900,719932.00000000,0.00146000,759715.00000000,0.00146200,200405.00000000,0.00146300,207586.00000000,0.03205,15,0.03204,90,0.03203,55,0.03202,15,0.03201,75,0.032,14,0.03198,90,0.03193,10,0.03192,24,0.03191,90,0.03215,14,0.03216,90,0.03218,15,0.03219,89,0.03221,15,0.03222,91,0.03224,14,0.03225,89,0.03227,14,0.03228,89
binance,gate,FUNUSDT,0.00145200,0.03205,2107.3003,1774096325737,0.00005,0.00005,,0.00144900,190663.00000000,0.00144800,601899.00000000,0.00144700,351865.00000000,0.00144600,1280723.00000000,0.00144500,597606.00000000,0.00144400,3082808.00000000,0.00144300,603147.00000000,0.00144200,588431.00000000,0.00144100,192613.00000000,0.00144000,606265.00000000,0.00145200,265940.00000000,0.00145300,504389.00000000,0.00145400,478465.00000000,0.00145500,595439.00000000,0.00145600,1561148.00000000,0.00145700,41248.00000000,0.00145900,719932.00000000,0.00146000,759715.00000000,0.00146200,200405.00000000,0.00146300,207586.00000000,0.03205,15,0.03204,90,0.03203,55,0.03202,15,0.03201,75,0.032,14,0.03198,90,0.03193,10,0.03192,24,0.03191,90,0.03215,14,0.03216,90,0.03218,15,0.03219,159,0.03221,15,0.03222,91,0.03224,14,0.03225,89,0.03227,14,0.03228,89
binance,gate,FUNUSDT,0.00145200,0.03205,2107.3003,1774096326044,0.00005,0.00005,,0.00144900,190663.00000000,0.00144800,601899.00000000,0.00144700,351865.00000000,0.00144600,1280723.00000000,0.00144500,597606.00000000,0.00144400,3082808.00000000,0.00144300,603147.00000000,0.00144200,588431.00000000,0.00144100,192613.00000000,0.00144000,606265.00000000,0.00145200,265940.00000000,0.00145300,504389.00000000,0.00145400,478465.00000000,0.00145500,595439.00000000,0.00145600,1561148.00000000,0.00145700,41248.00000000,0.00145900,719932.00000000,0.00146000,759715.00000000,0.00146200,200405.00000000,0.00146300,207586.00000000,0.03205,15,0.03204,90,0.03203,55,0.03202,15,0.03201,75,0.032,14,0.03198,90,0.03193,10,0.03192,24,0.03191,90,0.03214,15,0.03215,14,0.03216,90,0.03218,15,0.03219,159,0.03221,15,0.03222,91,0.03224,14,0.03225,89,0.03227,14
binance,gate,FUNUSDT,0.00145200,0.03205,2107.3003,1774096326353,0.00005,0.00005,,0.00144900,190663.00000000,0.00144800,601899.00000000,0.00144700,351865.00000000,0.00144600,1280723.00000000,0.00144500,597606.00000000,0.00144400,3082808.00000000,0.00144300,603147.00000000,0.00144200,588431.00000000,0.00144100,192613.00000000,0.00144000,606265.00000000,0.00145200,265940.00000000,0.00145300,504389.00000000,0.00145400,478465.00000000,0.00145500,595439.00000000,0.00145600,1561148.00000000,0.00145700,41248.00000000,0.00145900,719932.00000000,0.00146000,759715.00000000,0.00146200,200405.00000000,0.00146300,207586.00000000,0.03205,15,0.03204,90,0.03203,55,0.03202,15,0.03201,75,0.032,14,0.03198,90,0.03193,10,0.03192,24,0.03191,90,0.03214,15,0.03215,14,0.03216,90,0.03218,15,0.03219,159,0.03221,15,0.03222,91,0.03224,14,0.03225,89,0.03227,14
binance,gate,FUNUSDT,0.00145200,0.03205,2107.3003,1774096326658,0.00005,0.00005,,0.00144900,190663.00000000,0.00144800,601899.00000000,0.00144700,351865.00000000,0.00144600,1280723.00000000,0.00144500,597606.00000000,0.00144400,3082808.00000000,0.00144300,603147.00000000,0.00144200,588431.00000000,0.00144100,192613.00000000,0.00144000,606265.00000000,0.00145200,265940.00000000,0.00145300,504389.00000000,0.00145400,478465.00000000,0.00145500,595439.00000000,0.00145600,1561148.00000000,0.00145700,41248.00000000,0.00145900,719932.00000000,0.00146000,759715.00000000,0.00146200,200405.00000000,0.00146300,207586.00000000,0.03205,15,0.03204,90,0.03203,55,0.03202,15,0.03201,75,0.032,14,0.03198,90,0.03193,10,0.03192,24,0.03191,90,0.03214,15,0.03215,14,0.03216,90,0.03218,85,0.03219,89,0.03221,15,0.03222,91,0.03224,14,0.03225,89,0.03227,14
binance,gate,FUNUSDT,0.00145200,0.03205,2107.3003,1774096326965,0.00005,0.00005,,0.00144900,190663.00000000,0.00144800,601899.00000000,0.00144700,351865.00000000,0.00144600,1280723.00000000,0.00144500,597606.00000000,0.00144400,3082808.00000000,0.00144300,603147.00000000,0.00144200,588431.00000000,0.00144100,192613.00000000,0.00144000,606265.00000000,0.00145200,265940.00000000,0.00145300,504389.00000000,0.00145400,478465.00000000,0.00145500,595439.00000000,0.00145600,1561148.00000000,0.00145700,41248.00000000,0.00145900,719932.00000000,0.00146000,759715.00000000,0.00146200,200405.00000000,0.00146300,207586.00000000,0.03205,15,0.03204,90,0.03203,55,0.03202,15,0.03201,75,0.032,14,0.03198,90,0.03193,10,0.03192,24,0.03191,90,0.03214,15,0.03215,14,0.03216,90,0.03218,15,0.03219,159,0.03221,15,0.03222,91,0.03224,14,0.03225,89,0.03227,14
binance,gate,FUNUSDT,0.00145200,0.03205,2107.3003,1774096327265,0.00005,0.00005,,0.00144900,190663.00000000,0.00144800,601899.00000000,0.00144700,351865.00000000,0.00144600,1280723.00000000,0.00144500,597606.00000000,0.00144400,3082808.00000000,0.00144300,603147.00000000,0.00144200,588431.00000000,0.00144100,192613.00000000,0.00144000,606265.00000000,0.00145200,265940.00000000,0.00145300,504389.00000000,0.00145400,478465.00000000,0.00145500,595439.00000000,0.00145600,1561148.00000000,0.00145700,41248.00000000,0.00145900,719932.00000000,0.00146000,759715.00000000,0.00146200,200405.00000000,0.00146300,207586.00000000,0.03205,15,0.03204,90,0.03203,55,0.03202,15,0.03201,75,0.032,14,0.03198,90,0.03193,10,0.03192,24,0.03191,90,0.03215,14,0.03216,90,0.03217,70,0.03218,15,0.03219,89,0.03221,15,0.03222,91,0.03224,14,0.03225,89,0.03227,14
binance,gate,FUNUSDT,0.00145200,0.03205,2107.3003,1774096327577,0.00005,0.00005,,0.00144900,190663.00000000,0.00144800,601899.00000000,0.00144700,351865.00000000,0.00144600,1280723.00000000,0.00144500,597606.00000000,0.00144400,3082808.00000000,0.00144300,603147.00000000,0.00144200,588431.00000000,0.00144100,192613.00000000,0.00144000,606265.00000000,0.00145200,265940.00000000,0.00145300,504389.00000000,0.00145400,478465.00000000,0.00145500,595439.00000000,0.00145600,1561148.00000000,0.00145700,41248.00000000,0.00145900,719932.00000000,0.00146000,759715.00000000,0.00146200,200405.00000000,0.00146300,207586.00000000,0.03205,15,0.03204,90,0.03203,55,0.03202,15,0.03201,75,0.032,14,0.03198,90,0.03193,10,0.03192,24,0.03191,90,0.03214,15,0.03215,84,0.03216,90,0.03218,15,0.03219,89,0.03221,15,0.03222,91,0.03224,14,0.03225,89,0.03227,14
binance,gate,FUNUSDT,0.00145200,0.03205,2107.3003,1774096327887,0.00005,0.00005,,0.00144900,190663.00000000,0.00144800,601899.00000000,0.00144700,351865.00000000,0.00144600,1280723.00000000,0.00144500,597606.00000000,0.00144400,3082808.00000000,0.00144300,603147.00000000,0.00144200,588431.00000000,0.00144100,192613.00000000,0.00144000,606265.00000000,0.00145200,265940.00000000,0.00145300,504389.00000000,0.00145400,478465.00000000,0.00145500,595439.00000000,0.00145600,1561148.00000000,0.00145700,41248.00000000,0.00145900,719932.00000000,0.00146000,759715.00000000,0.00146200,200405.00000000,0.00146300,207586.00000000,0.03205,15,0.03204,90,0.03203,55,0.03202,15,0.03201,75,0.032,14,0.03198,90,0.03193,10,0.03192,24,0.03191,90,0.03214,15,0.03215,84,0.03216,90,0.03218,15,0.03219,89,0.03221,15,0.03222,91,0.03224,14,0.03225,89,0.03227,14
binance,gate,FUNUSDT,0.00145200,0.03205,2107.3003,1774096328195,0.00005,0.00005,,0.00144900,190663.00000000,0.00144800,601899.00000000,0.00144700,351865.00000000,0.00144600,1280723.00000000,0.00144500,597606.00000000,0.00144400,3082808.00000000,0.00144300,603147.00000000,0.00144200,588431.00000000,0.00144100,192613.00000000,0.00144000,606265.00000000,0.00145200,265940.00000000,0.00145300,504389.00000000,0.00145400,478465.00000000,0.00145500,595439.00000000,0.00145600,1561148.00000000,0.00145700,41248.00000000,0.00145900,719932.00000000,0.00146000,759715.00000000,0.00146200,200405.00000000,0.00146300,207586.00000000,0.03205,15,0.03204,90,0.03203,55,0.03202,15,0.03201,75,0.032,14,0.03198,90,0.03193,10,0.03192,24,0.03191,90,0.03214,15,0.03215,84,0.03216,90,0.03218,15,0.03219,89,0.03221,15,0.03222,91,0.03224,14,0.03225,89,0.03227,14
binance,gate,FUNUSDT,0.00145200,0.03205,2107.3003,1774096328495,0.00005,0.00005,,0.00144900,190663.00000000,0.00144800,601899.00000000,0.00144700,351865.00000000,0.00144600,1280723.00000000,0.00144500,597606.00000000,0.00144400,3082808.00000000,0.00144300,603147.00000000,0.00144200,588431.00000000,0.00144100,192613.00000000,0.00144000,606265.00000000,0.00145200,265940.00000000,0.00145300,504389.00000000,0.00145400,478465.00000000,0.00145500,595439.00000000,0.00145600,1561148.00000000,0.00145700,41248.00000000,0.00145900,719932.00000000,0.00146000,759715.00000000,0.00146200,200405.00000000,0.00146300,207586.00000000,0.03205,15,0.03204,90,0.03203,55,0.03202,15,0.03201,75,0.032,14,0.03198,90,0.03193,10,0.03192,24,0.03191,90,0.03214,15,0.03215,84,0.03216,90,0.03218,15,0.03219,89,0.03221,15,0.03222,91,0.03224,14,0.03225,89,0.03227,14
binance,gate,FUNUSDT,0.00145200,0.03205,2107.3003,1774096328795,0.00005,0.00005,,0.00144900,190663.00000000,0.00144800,601899.00000000,0.00144700,351865.00000000,0.00144600,1280723.00000000,0.00144500,597606.00000000,0.00144400,3082808.00000000,0.00144300,603147.00000000,0.00144200,588431.00000000,0.00144100,192613.00000000,0.00144000,606265.00000000,0.00145200,265940.00000000,0.00145300,504389.00000000,0.00145400,478465.00000000,0.00145500,595439.00000000,0.00145600,1561148.00000000,0.00145700,41248.00000000,0.00145900,719932.00000000,0.00146000,759715.00000000,0.00146200,200405.00000000,0.00146300,207586.00000000,0.03205,15,0.03204,90,0.03203,55,0.03202,15,0.03201,75,0.032,14,0.03198,90,0.03193,10,0.03192,24,0.03191,90,0.03214,14,0.03215,84,0.03216,90,0.03218,15,0.03219,89,0.03221,15,0.03222,91,0.03224,14,0.03225,89,0.03227,14
binance,gate,FUNUSDT,0.00145200,0.03205,2107.3003,1774096329096,0.00005,0.00005,,0.00144900,278870.00000000,0.00144800,601899.00000000,0.00144700,351865.00000000,0.00144600,1280723.00000000,0.00144500,597606.00000000,0.00144400,3082808.00000000,0.00144300,603147.00000000,0.00144200,588431.00000000,0.00144100,192613.00000000,0.00144000,606265.00000000,0.00145200,261960.00000000,0.00145300,504389.00000000,0.00145400,478465.00000000,0.00145500,595439.00000000,0.00145600,1561148.00000000,0.00145700,41248.00000000,0.00145900,719932.00000000,0.00146000,759715.00000000,0.00146200,200405.00000000,0.00146300,207586.00000000,0.03205,15,0.03204,90,0.03203,55,0.03202,15,0.03201,75,0.032,14,0.03198,90,0.03193,10,0.03192,24,0.03191,90,0.03214,14,0.03215,84,0.03216,90,0.03218,15,0.03219,89,0.03221,15,0.03222,91,0.03224,14,0.03225,89,0.03227,14
binance,gate,FUNUSDT,0.00145200,0.03205,2107.3003,1774096329396,0.00005,0.00005,,0.00144900,278870.00000000,0.00144800,601899.00000000,0.00144700,351865.00000000,0.00144600,1280723.00000000,0.00144500,597606.00000000,0.00144400,3082808.00000000,0.00144300,603147.00000000,0.00144200,588431.00000000,0.00144100,192613.00000000,0.00144000,606265.00000000,0.00145200,261960.00000000,0.00145300,504389.00000000,0.00145400,478465.00000000,0.00145500,595439.00000000,0.00145600,1561148.00000000,0.00145700,41248.00000000,0.00145900,719932.00000000,0.00146000,759715.00000000,0.00146200,200405.00000000,0.00146300,207586.00000000,0.03205,15,0.03204,90,0.03203,55,0.03202,15,0.03201,75,0.032,14,0.03198,90,0.03193,10,0.03192,24,0.03191,90,0.03214,14,0.03215,84,0.03216,90,0.03218,15,0.03219,89,0.03221,15,0.03222,91,0.03224,14,0.03225,89,0.03227,14
binance,gate,FUNUSDT,0.00145200,0.03205,2107.3003,1774096329697,0.00005,0.00005,,0.00144900,278870.00000000,0.00144800,601899.00000000,0.00144700,351865.00000000,0.00144600,1280723.00000000,0.00144500,597606.00000000,0.00144400,3082808.00000000,0.00144300,603147.00000000,0.00144200,588431.00000000,0.00144100,192613.00000000,0.00144000,606265.00000000,0.00145200,261960.00000000,0.00145300,504389.00000000,0.00145400,478465.00000000,0.00145500,595439.00000000,0.00145600,1561148.00000000,0.00145700,41248.00000000,0.00145900,719932.00000000,0.00146000,759715.00000000,0.00146200,200405.00000000,0.00146300,207586.00000000,0.03205,15,0.03204,90,0.03203,55,0.03202,15,0.03201,75,0.032,14,0.03198,90,0.03193,10,0.03192,24,0.03191,90,0.03214,14,0.03215,84,0.03216,90,0.03218,15,0.03219,89,0.03221,15,0.03222,91,0.03224,14,0.03225,89,0.03227,14
binance,gate,FUNUSDT,0.00145200,0.03205,2107.3003,1774096329997,0.00005,0.00005,,0.00144900,278870.00000000,0.00144800,601899.00000000,0.00144700,351865.00000000,0.00144600,1280723.00000000,0.00144500,597606.00000000,0.00144400,3082808.00000000,0.00144300,603147.00000000,0.00144200,588431.00000000,0.00144100,192613.00000000,0.00144000,606265.00000000,0.00145200,261960.00000000,0.00145300,504389.00000000,0.00145400,478465.00000000,0.00145500,595439.00000000,0.00145600,1561148.00000000,0.00145700,41248.00000000,0.00145900,719932.00000000,0.00146000,759715.00000000,0.00146200,200405.00000000,0.00146300,207586.00000000,0.03205,15,0.03204,90,0.03203,55,0.03202,15,0.03201,75,0.032,14,0.03198,90,0.03193,10,0.03192,24,0.03191,90,0.03215,14,0.03216,90,0.03217,70,0.03218,15,0.03219,89,0.03221,15,0.03222,91,0.03224,14,0.03225,89,0.03227,14
binance,gate,FUNUSDT,0.00145200,0.03205,2107.3003,1774096330297,0.00005,0.00005,,0.00144900,278870.00000000,0.00144800,601899.00000000,0.00144700,351865.00000000,0.00144600,1280723.00000000,0.00144500,597606.00000000,0.00144400,3082808.00000000,0.00144300,603147.00000000,0.00144200,588431.00000000,0.00144100,1292877.00000000,0.00144000,606265.00000000,0.00145200,254000.00000000,0.00145300,504389.00000000,0.00145400,478465.00000000,0.00145500,595439.00000000,0.00145600,1561148.00000000,0.00145700,41248.00000000,0.00145900,719932.00000000,0.00146000,759715.00000000,0.00146200,200405.00000000,0.00146300,207586.00000000,0.03205,15,0.03204,90,0.03203,55,0.03202,15,0.03201,75,0.032,14,0.03198,90,0.03193,10,0.03192,24,0.03191,90,0.03215,14,0.03216,90,0.03217,70,0.03218,15,0.03219,89,0.03221,15,0.03222,91,0.03224,14,0.03225,89,0.03227,14
binance,gate,FUNUSDT,0.00145200,0.03205,2107.3003,1774096330598,0.00005,0.00005,,0.00144900,278870.00000000,0.00144800,601899.00000000,0.00144700,351865.00000000,0.00144600,1280723.00000000,0.00144500,597606.00000000,0.00144400,3082808.00000000,0.00144300,603147.00000000,0.00144200,780778.00000000,0.00144100,1292877.00000000,0.00144000,606265.00000000,0.00145200,254000.00000000,0.00145300,504389.00000000,0.00145400,478465.00000000,0.00145500,595439.00000000,0.00145600,1561148.00000000,0.00145700,41248.00000000,0.00145900,719932.00000000,0.00146000,759715.00000000,0.00146200,200405.00000000,0.00146300,207586.00000000,0.03205,15,0.03204,90,0.03203,55,0.03202,15,0.03201,75,0.032,14,0.03198,90,0.03193,10,0.03192,24,0.03191,90,0.03214,14,0.03215,84,0.03216,90,0.03218,15,0.03219,89,0.03221,15,0.03222,91,0.03224,14,0.03225,89,0.03227,14
binance,gate,FUNUSDT,0.00145200,0.03205,2107.3003,1774096330898,0.00005,0.00005,,0.00144900,278870.00000000,0.00144800,601899.00000000,0.00144700,351865.00000000,0.00144600,1280723.00000000,0.00144500,597606.00000000,0.00144400,3082808.00000000,0.00144300,603147.00000000,0.00144200,780778.00000000,0.00144100,1292877.00000000,0.00144000,606265.00000000,0.00145200,254000.00000000,0.00145300,504389.00000000,0.00145400,478465.00000000,0.00145500,595439.00000000,0.00145600,1561148.00000000,0.00145700,41248.00000000,0.00145900,719932.00000000,0.00146000,759715.00000000,0.00146200,200405.00000000,0.00146300,207586.00000000,0.03205,15,0.03204,90,0.03203,55,0.03202,15,0.03201,75,0.032,14,0.03198,90,0.03193,10,0.03192,24,0.03191,90,0.03215,14,0.03216,90,0.03217,70,0.03218,15,0.03219,89,0.03221,15,0.03222,91,0.03224,14,0.03225,89,0.03227,14
binance,gate,FUNUSDT,0.00145200,0.03205,2107.3003,1774096331198,0.00005,0.00005,,0.00144900,278870.00000000,0.00144800,601899.00000000,0.00144700,351865.00000000,0.00144600,1280723.00000000,0.00144500,597606.00000000,0.00144400,3082808.00000000,0.00144300,603147.00000000,0.00144200,780778.00000000,0.00144100,1292877.00000000,0.00144000,606265.00000000,0.00145200,254000.00000000,0.00145300,504389.00000000,0.00145400,478465.00000000,0.00145500,595439.00000000,0.00145600,1561148.00000000,0.00145700,41248.00000000,0.00145900,719932.00000000,0.00146000,759715.00000000,0.00146200,200405.00000000,0.00146300,207586.00000000,0.03205,15,0.03204,90,0.03203,55,0.03202,15,0.03201,75,0.032,14,0.03198,90,0.03193,10,0.03192,24,0.03191,90,0.03215,14,0.03216,90,0.03217,70,0.03218,15,0.03219,89,0.03221,15,0.03222,91,0.03224,14,0.03225,89,0.03227,14
binance,gate,FUNUSDT,0.00145200,0.03205,2107.3003,1774096331498,0.00005,0.00005,,0.00144900,278870.00000000,0.00144800,601899.00000000,0.00144700,351865.00000000,0.00144600,1280723.00000000,0.00144500,597606.00000000,0.00144400,3082808.00000000,0.00144300,603147.00000000,0.00144200,780778.00000000,0.00144100,1292877.00000000,0.00144000,606265.00000000,0.00145200,261960.00000000,0.00145300,504389.00000000,0.00145400,478465.00000000,0.00145500,595439.00000000,0.00145600,1561148.00000000,0.00145700,41248.00000000,0.00145900,719932.00000000,0.00146000,759715.00000000,0.00146200,200405.00000000,0.00146300,207586.00000000,0.03205,15,0.03204,90,0.03203,55,0.03202,15,0.03201,75,0.032,14,0.03198,90,0.03193,10,0.03192,24,0.03191,90,0.03215,14,0.03216,90,0.03217,70,0.03218,15,0.03219,89,0.03221,15,0.03222,91,0.03224,14,0.03225,89,0.03227,14
binance,gate,FUNUSDT,0.00145200,0.03205,2107.3003,1774096331799,0.00005,0.00005,,0.00144900,278870.00000000,0.00144800,601899.00000000,0.00144700,351865.00000000,0.00144600,1280723.00000000,0.00144500,597606.00000000,0.00144400,3082808.00000000,0.00144300,603147.00000000,0.00144200,780778.00000000,0.00144100,1292877.00000000,0.00144000,606265.00000000,0.00145200,261960.00000000,0.00145300,504389.00000000,0.00145400,478465.00000000,0.00145500,595439.00000000,0.00145600,1561148.00000000,0.00145700,41248.00000000,0.00145900,719932.00000000,0.00146000,759715.00000000,0.00146200,200405.00000000,0.00146300,207586.00000000,0.03205,15,0.03204,90,0.03203,55,0.03202,15,0.03201,75,0.032,14,0.03198,90,0.03193,10,0.03192,24,0.03191,90,0.03215,14,0.03216,90,0.03217,70,0.03218,15,0.03219,89,0.03221,15,0.03222,91,0.03224,14,0.03225,89,0.03227,14
binance,gate,FUNUSDT,0.00145200,0.03205,2107.3003,1774096332100,0.00005,0.00005,,0.00144900,278870.00000000,0.00144800,601899.00000000,0.00144700,351865.00000000,0.00144600,1280723.00000000,0.00144500,597606.00000000,0.00144400,3082808.00000000,0.00144300,603147.00000000,0.00144200,780778.00000000,0.00144100,1292877.00000000,0.00144000,606265.00000000,0.00145200,261960.00000000,0.00145300,504389.00000000,0.00145400,478465.00000000,0.00145500,595439.00000000,0.00145600,1561148.00000000,0.00145700,41248.00000000,0.00145900,719932.00000000,0.00146000,759715.00000000,0.00146200,200405.00000000,0.00146300,207586.00000000,0.03205,15,0.03204,90,0.03203,55,0.03202,15,0.03201,75,0.032,14,0.03198,90,0.03193,10,0.03192,24,0.03191,90,0.03214,14,0.03215,84,0.03216,90,0.03218,15,0.03219,89,0.03221,15,0.03222,91,0.03224,14,0.03225,89,0.03227,14
binance,gate,FUNUSDT,0.00145200,0.03205,2107.3003,1774096332400,0.00005,0.00005,,0.00144900,179667.00000000,0.00144800,601899.00000000,0.00144700,351865.00000000,0.00144600,1280723.00000000,0.00144500,597606.00000000,0.00144400,3082808.00000000,0.00144300,603147.00000000,0.00144200,780778.00000000,0.00144100,1366021.00000000,0.00144000,606265.00000000,0.00145200,265940.00000000,0.00145300,504389.00000000,0.00145400,478465.00000000,0.00145500,1019074.00000000,0.00145600,1143703.00000000,0.00145700,41248.00000000,0.00145900,719932.00000000,0.00146000,759715.00000000,0.00146200,200405.00000000,0.00146300,207586.00000000,0.03205,15,0.03204,90,0.03203,55,0.03202,15,0.03201,75,0.032,14,0.03198,90,0.03193,10,0.03192,24,0.03191,90,0.03214,14,0.03215,84,0.03216,90,0.03218,15,0.03219,89,0.03221,15,0.03222,91,0.03224,14,0.03225,89,0.03227,14
binance,gate,FUNUSDT,0.00145200,0.03205,2107.3003,1774096332700,0.00005,0.00005,,0.00144900,179667.00000000,0.00144800,601899.00000000,0.00144700,351865.00000000,0.00144600,1280723.00000000,0.00144500,597606.00000000,0.00144400,3082808.00000000,0.00144300,603147.00000000,0.00144200,780778.00000000,0.00144100,1366021.00000000,0.00144000,606265.00000000,0.00145200,265940.00000000,0.00145300,504389.00000000,0.00145400,478465.00000000,0.00145500,1019074.00000000,0.00145600,1143703.00000000,0.00145700,41248.00000000,0.00145900,719932.00000000,0.00146000,759715.00000000,0.00146200,200405.00000000,0.00146300,207586.00000000,0.03205,15,0.03204,90,0.03203,55,0.03202,15,0.03201,75,0.032,14,0.03198,90,0.03193,10,0.03192,24,0.03191,90,0.03214,14,0.03215,84,0.03216,90,0.03218,15,0.03219,89,0.03221,15,0.03222,91,0.03224,14,0.03225,89,0.03227,14
binance,gate,FUNUSDT,0.00145100,0.03205,2108.8215,1774096333000,0.00005,0.00005,,0.00144900,179667.00000000,0.00144800,601899.00000000,0.00144700,351865.00000000,0.00144600,1280723.00000000,0.00144500,597606.00000000,0.00144400,3082808.00000000,0.00144300,603147.00000000,0.00144200,780778.00000000,0.00144100,1366021.00000000,0.00144000,606265.00000000,0.00145100,20714.00000000,0.00145200,315748.00000000,0.00145300,504389.00000000,0.00145400,478465.00000000,0.00145500,1019074.00000000,0.00145600,1143703.00000000,0.00145700,41248.00000000,0.00145800,192347.00000000,0.00145900,719932.00000000,0.00146000,759715.00000000,0.03205,15,0.03204,90,0.03203,55,0.03202,15,0.03201,75,0.032,14,0.03198,90,0.03193,10,0.03192,24,0.03191,90,0.03214,14,0.03215,14,0.03216,90,0.03218,15,0.03219,89,0.03221,15,0.03222,91,0.03224,14,0.03225,89,0.03227,14
binance,gate,FUNUSDT,0.00145100,0.03205,2108.8215,1774096333300,0.00005,0.00005,,0.00144900,179667.00000000,0.00144800,601899.00000000,0.00144700,351865.00000000,0.00144600,1280723.00000000,0.00144500,597606.00000000,0.00144400,3082808.00000000,0.00144300,603147.00000000,0.00144200,780778.00000000,0.00144100,1366021.00000000,0.00144000,606265.00000000,0.00145100,20714.00000000,0.00145200,315748.00000000,0.00145300,504389.00000000,0.00145400,478465.00000000,0.00145500,1019074.00000000,0.00145600,1143703.00000000,0.00145700,41248.00000000,0.00145800,192347.00000000,0.00145900,719932.00000000,0.00146000,759715.00000000,0.03205,15,0.03204,90,0.03203,55,0.03202,15,0.03201,75,0.032,14,0.03198,90,0.03193,10,0.03192,24,0.03191,90,0.03214,14,0.03215,14,0.03216,90,0.03218,85,0.03219,89,0.03221,15,0.03222,91,0.03224,14,0.03225,89,0.03227,14
binance,gate,FUNUSDT,0.00145100,0.03205,2108.8215,1774096333601,0.00005,0.00005,,0.00144900,179667.00000000,0.00144800,601899.00000000,0.00144700,351865.00000000,0.00144600,1280723.00000000,0.00144500,597606.00000000,0.00144400,3082808.00000000,0.00144300,603147.00000000,0.00144200,780778.00000000,0.00144100,1366021.00000000,0.00144000,606265.00000000,0.00145100,20714.00000000,0.00145200,254000.00000000,0.00145300,504389.00000000,0.00145400,478465.00000000,0.00145500,1019074.00000000,0.00145600,1143703.00000000,0.00145700,41248.00000000,0.00145800,192347.00000000,0.00145900,719932.00000000,0.00146000,759715.00000000,0.03205,15,0.03204,90,0.03203,55,0.03202,15,0.03201,75,0.032,14,0.03198,90,0.03193,10,0.03192,24,0.03191,90,0.03214,14,0.03215,84,0.03216,90,0.03218,15,0.03219,89,0.03221,15,0.03222,91,0.03224,14,0.03225,89,0.03227,14
binance,gate,FUNUSDT,0.00145100,0.03205,2108.8215,1774096333902,0.00005,0.00005,,0.00144900,179667.00000000,0.00144800,601899.00000000,0.00144700,351865.00000000,0.00144600,1280723.00000000,0.00144500,597606.00000000,0.00144400,3082808.00000000,0.00144300,603147.00000000,0.00144200,780778.00000000,0.00144100,1366021.00000000,0.00144000,606265.00000000,0.00145100,20714.00000000,0.00145200,254000.00000000,0.00145300,504389.00000000,0.00145400,478465.00000000,0.00145500,1019074.00000000,0.00145600,1143703.00000000,0.00145700,41248.00000000,0.00145800,192347.00000000,0.00145900,719932.00000000,0.00146000,759715.00000000,0.03205,15,0.03204,90,0.03203,55,0.03202,15,0.03201,75,0.032,14,0.03198,90,0.03193,10,0.03192,24,0.03191,90,0.03214,14,0.03215,84,0.03216,90,0.03218,15,0.03219,89,0.03221,15,0.03222,91,0.03224,14,0.03225,89,0.03227,14
binance,gate,FUNUSDT,0.00145100,0.03205,2108.8215,1774096334205,0.00005,0.00005,,0.00144900,179667.00000000,0.00144800,601899.00000000,0.00144700,351865.00000000,0.00144600,1280723.00000000,0.00144500,597606.00000000,0.00144400,3082808.00000000,0.00144300,603147.00000000,0.00144200,780778.00000000,0.00144100,1366021.00000000,0.00144000,606265.00000000,0.00145100,20714.00000000,0.00145200,254000.00000000,0.00145300,504389.00000000,0.00145400,478465.00000000,0.00145500,1019074.00000000,0.00145600,1143703.00000000,0.00145700,41248.00000000,0.00145800,192347.00000000,0.00145900,719932.00000000,0.00146000,759715.00000000,0.03205,15,0.03204,90,0.03203,55,0.03202,15,0.03201,75,0.032,14,0.03198,90,0.03193,10,0.03192,24,0.03191,90,0.03214,14,0.03215,84,0.03216,90,0.03218,15,0.03219,89,0.03221,15,0.03222,91,0.03224,14,0.03225,89,0.03227,14
binance,gate,FUNUSDT,0.00145100,0.03205,2108.8215,1774096334508,0.00005,0.00005,,0.00144900,179667.00000000,0.00144800,601899.00000000,0.00144700,351865.00000000,0.00144600,1280723.00000000,0.00144500,597606.00000000,0.00144400,3082808.00000000,0.00144300,603147.00000000,0.00144200,780778.00000000,0.00144100,1366021.00000000,0.00144000,606265.00000000,0.00145100,20714.00000000,0.00145200,254000.00000000,0.00145300,504389.00000000,0.00145400,478465.00000000,0.00145500,1019074.00000000,0.00145600,1143703.00000000,0.00145700,41248.00000000,0.00145800,192347.00000000,0.00145900,719932.00000000,0.00146000,759715.00000000,0.03205,15,0.03204,90,0.03203,55,0.03202,15,0.03201,75,0.032,14,0.03198,90,0.03193,10,0.03192,24,0.03191,90,0.03214,14,0.03215,84,0.03216,90,0.03218,15,0.03219,89,0.03221,15,0.03222,91,0.03224,14,0.03225,89,0.03227,14
binance,gate,FUNUSDT,0.00145100,0.03205,2108.8215,1774096334814,0.00005,0.00005,,0.00144800,694250.00000000,0.00144700,351865.00000000,0.00144600,1280723.00000000,0.00144500,597606.00000000,0.00144400,3082808.00000000,0.00144300,603147.00000000,0.00144200,780778.00000000,0.00144100,1366021.00000000,0.00144000,606265.00000000,0.00143900,721759.00000000,0.00145100,20714.00000000,0.00145200,254000.00000000,0.00145300,504389.00000000,0.00145400,478465.00000000,0.00145500,1019074.00000000,0.00145600,1143703.00000000,0.00145700,41248.00000000,0.00145800,192347.00000000,0.00145900,719932.00000000,0.00146000,759715.00000000,0.03205,15,0.03204,90,0.03203,55,0.03202,15,0.03201,75,0.032,14,0.03198,90,0.03193,10,0.03192,24,0.03191,90,0.03214,14,0.03215,84,0.03216,90,0.03218,15,0.03219,89,0.03221,15,0.03222,91,0.03224,14,0.03225,89,0.03227,14
binance,gate,FUNUSDT,0.00145100,0.03205,2108.8215,1774096335123,0.00005,0.00005,,0.00144800,694250.00000000,0.00144700,351865.00000000,0.00144600,1280723.00000000,0.00144500,597606.00000000,0.00144400,3082808.00000000,0.00144300,603147.00000000,0.00144200,780778.00000000,0.00144100,1366021.00000000,0.00144000,606265.00000000,0.00143900,721759.00000000,0.00145100,20714.00000000,0.00145200,254000.00000000,0.00145300,504389.00000000,0.00145400,478465.00000000,0.00145500,1019074.00000000,0.00145600,1143703.00000000,0.00145700,41248.00000000,0.00145800,192347.00000000,0.00145900,719932.00000000,0.00146000,759715.00000000,0.03205,15,0.03204,90,0.03203,55,0.03202,15,0.03201,75,0.032,14,0.03198,90,0.03193,10,0.03192,24,0.03191,90,0.03214,14,0.03215,84,0.03216,90,0.03218,15,0.03219,89,0.03221,15,0.03222,91,0.03224,14,0.03225,89,0.03227,14
binance,gate,FUNUSDT,0.00145100,0.03205,2108.8215,1774096335433,0.00005,0.00005,,0.00144800,694250.00000000,0.00144700,351865.00000000,0.00144600,1280723.00000000,0.00144500,597606.00000000,0.00144400,3082808.00000000,0.00144300,603147.00000000,0.00144200,780778.00000000,0.00144100,1366021.00000000,0.00144000,606265.00000000,0.00143900,721759.00000000,0.00145100,20714.00000000,0.00145200,254000.00000000,0.00145300,504389.00000000,0.00145400,478465.00000000,0.00145500,1019074.00000000,0.00145600,1143703.00000000,0.00145700,41248.00000000,0.00145800,192347.00000000,0.00145900,719932.00000000,0.00146000,759715.00000000,0.03205,15,0.03204,90,0.03203,55,0.03202,15,0.03201,75,0.032,14,0.03198,90,0.03193,10,0.03192,24,0.03191,90,0.03215,14,0.03216,90,0.03217,70,0.03218,15,0.03219,89,0.03221,15,0.03222,91,0.03224,14,0.03225,89,0.03227,14
binance,gate,FUNUSDT,0.00145100,0.03205,2108.8215,1774096335747,0.00005,0.00005,,0.00144800,694250.00000000,0.00144700,351865.00000000,0.00144600,1280723.00000000,0.00144500,597606.00000000,0.00144400,3082808.00000000,0.00144300,603147.00000000,0.00144200,780778.00000000,0.00144100,1366021.00000000,0.00144000,606265.00000000,0.00143900,721759.00000000,0.00145100,20714.00000000,0.00145200,254000.00000000,0.00145300,504389.00000000,0.00145400,478465.00000000,0.00145500,1019074.00000000,0.00145600,1143703.00000000,0.00145700,41248.00000000,0.00145800,192347.00000000,0.00145900,719932.00000000,0.00146000,759715.00000000,0.03205,15,0.03204,90,0.03203,55,0.03202,15,0.03201,75,0.032,14,0.03198,90,0.03193,10,0.03192,24,0.03191,90,0.03214,14,0.03215,84,0.03216,90,0.03218,15,0.03219,89,0.03221,15,0.03222,91,0.03224,14,0.03225,89,0.03227,14
binance,gate,FUNUSDT,0.00145100,0.03205,2108.8215,1774096336062,0.00005,0.00005,,0.00144800,694250.00000000,0.00144700,351865.00000000,0.00144600,1280723.00000000,0.00144500,597606.00000000,0.00144400,3082808.00000000,0.00144300,603147.00000000,0.00144200,780778.00000000,0.00144100,1366021.00000000,0.00144000,606265.00000000,0.00143900,721759.00000000,0.00145100,20714.00000000,0.00145200,254000.00000000,0.00145300,504389.00000000,0.00145400,478465.00000000,0.00145500,1019074.00000000,0.00145600,1143703.00000000,0.00145700,41248.00000000,0.00145800,192347.00000000,0.00145900,719932.00000000,0.00146000,759715.00000000,0.03205,15,0.03204,90,0.03203,55,0.03202,15,0.03201,75,0.032,14,0.03198,90,0.03193,10,0.03192,24,0.03191,90,0.03214,14,0.03215,84,0.03216,90,0.03218,15,0.03219,89,0.03221,15,0.03222,91,0.03224,14,0.03225,89,0.03227,14
binance,gate,FUNUSDT,0.00145100,0.03205,2108.8215,1774096336377,0.00005,0.00005,,0.00144800,694250.00000000,0.00144700,351865.00000000,0.00144600,1280723.00000000,0.00144500,597606.00000000,0.00144400,3082808.00000000,0.00144300,603147.00000000,0.00144200,780778.00000000,0.00144100,1366021.00000000,0.00144000,606265.00000000,0.00143900,721759.00000000,0.00145100,20714.00000000,0.00145200,254000.00000000,0.00145300,504389.00000000,0.00145400,478465.00000000,0.00145500,1019074.00000000,0.00145600,1143703.00000000,0.00145700,41248.00000000,0.00145800,192347.00000000,0.00145900,719932.00000000,0.00146000,759715.00000000,0.03205,15,0.03204,90,0.03203,55,0.03202,15,0.03201,75,0.032,14,0.03198,90,0.03193,10,0.03192,24,0.03191,90,0.03214,14,0.03215,84,0.03216,90,0.03218,15,0.03219,89,0.03221,15,0.03222,91,0.03224,14,0.03225,89,0.03227,14
binance,gate,FUNUSDT,0.00145100,0.03205,2108.8215,1774096336688,0.00005,0.00005,,0.00144800,694250.00000000,0.00144700,351865.00000000,0.00144600,1280723.00000000,0.00144500,597606.00000000,0.00144400,3082808.00000000,0.00144300,603147.00000000,0.00144200,780778.00000000,0.00144100,1366021.00000000,0.00144000,606265.00000000,0.00143900,721759.00000000,0.00145100,20714.00000000,0.00145200,254000.00000000,0.00145300,504389.00000000,0.00145400,478465.00000000,0.00145500,1019074.00000000,0.00145600,1143703.00000000,0.00145700,41248.00000000,0.00145800,192347.00000000,0.00145900,719932.00000000,0.00146000,759715.00000000,0.03205,15,0.03204,90,0.03203,55,0.03202,15,0.03201,75,0.032,14,0.03198,90,0.03193,10,0.03192,24,0.03191,90,0.03214,14,0.03215,84,0.03216,90,0.03218,15,0.03219,89,0.03221,15,0.03222,91,0.03224,14,0.03225,89,0.03227,14
binance,gate,FUNUSDT,0.00145100,0.03205,2108.8215,1774096336997,0.00005,0.00005,,0.00144800,694250.00000000,0.00144700,351865.00000000,0.00144600,1280723.00000000,0.00144500,597606.00000000,0.00144400,3082808.00000000,0.00144300,603147.00000000,0.00144200,780778.00000000,0.00144100,1366021.00000000,0.00144000,606265.00000000,0.00143900,721759.00000000,0.00145100,20714.00000000,0.00145200,254000.00000000,0.00145300,504389.00000000,0.00145400,478465.00000000,0.00145500,1019074.00000000,0.00145600,1143703.00000000,0.00145700,41248.00000000,0.00145800,192347.00000000,0.00145900,719932.00000000,0.00146000,759715.00000000,0.03205,15,0.03204,90,0.03203,55,0.03202,15,0.03201,75,0.032,14,0.03198,90,0.03193,10,0.03192,24,0.03191,90,0.03214,14,0.03215,84,0.03216,90,0.03218,15,0.03219,89,0.03221,15,0.03222,91,0.03224,14,0.03225,89,0.03227,14
binance,gate,FUNUSDT,0.00145100,0.03205,2108.8215,1774096337303,0.00005,0.00005,,0.00144800,694250.00000000,0.00144700,351865.00000000,0.00144600,1280723.00000000,0.00144500,597606.00000000,0.00144400,3082808.00000000,0.00144300,603147.00000000,0.00144200,780778.00000000,0.00144100,1366021.00000000,0.00144000,606265.00000000,0.00143900,721759.00000000,0.00145100,20714.00000000,0.00145200,254000.00000000,0.00145300,504389.00000000,0.00145400,478465.00000000,0.00145500,1019074.00000000,0.00145600,1143703.00000000,0.00145700,41248.00000000,0.00145800,192347.00000000,0.00145900,719932.00000000,0.00146000,759715.00000000,0.03205,15,0.03204,90,0.03203,55,0.03202,15,0.03201,75,0.032,14,0.03198,90,0.03193,10,0.03192,24,0.03191,90,0.03214,14,0.03215,84,0.03216,90,0.03218,15,0.03219,89,0.03221,15,0.03222,91,0.03224,14,0.03225,89,0.03227,14
binance,gate,FUNUSDT,0.00144900,0.03205,2111.8703,1774096337612,0.00005,0.00005,,0.00144800,694250.00000000,0.00144700,351865.00000000,0.00144600,1280723.00000000,0.00144500,597606.00000000,0.00144400,3082808.00000000,0.00144300,603147.00000000,0.00144200,780778.00000000,0.00144100,1366021.00000000,0.00144000,606265.00000000,0.00143900,721759.00000000,0.00145100,20714.00000000,0.00145200,254000.00000000,0.00145300,504389.00000000,0.00145400,478465.00000000,0.00145500,1019074.00000000,0.00145600,1143703.00000000,0.00145700,41248.00000000,0.00145800,192347.00000000,0.00145900,719932.00000000,0.00146000,759715.00000000,0.03205,15,0.03204,90,0.03203,55,0.03202,15,0.03201,75,0.032,14,0.03198,90,0.03193,10,0.03192,24,0.03191,90,0.03214,70,0.03215,14,0.03216,90,0.03218,15,0.03219,89,0.03221,15,0.03222,91,0.03224,14,0.03225,89,0.03227,14
binance,gate,FUNUSDT,0.00144900,0.03205,2111.8703,1774096337934,0.00005,0.00005,,0.00144600,574038.00000000,0.00144500,1000603.00000000,0.00144400,3408188.00000000,0.00144300,173229.00000000,0.00144200,1011700.00000000,0.00144100,73144.00000000,0.00144000,1032650.00000000,0.00143900,784571.00000000,0.00143800,192746.00000000,0.00143700,192148.00000000,0.00144900,1727790.00000000,0.00145000,78911.00000000,0.00145100,1412244.00000000,0.00145200,254000.00000000,0.00145300,504389.00000000,0.00145400,478465.00000000,0.00145500,516528.00000000,0.00145600,419812.00000000,0.00145700,41248.00000000,0.00145800,192347.00000000,0.03205,15,0.03204,90,0.03202,15,0.03201,130,0.032,14,0.03198,90,0.03193,10,0.03192,24,0.03191,90,0.03189,30,0.03212,14,0.03213,75,0.03214,70,0.03215,14,0.03216,90,0.03218,15,0.03219,89,0.03221,15,0.03222,91,0.03224,14
binance,gate,FUNUSDT,0.00144900,0.03205,2111.8703,1774096338242,0.00005,0.00005,,0.00144600,574038.00000000,0.00144500,1000603.00000000,0.00144400,3408188.00000000,0.00144300,173229.00000000,0.00144200,1011700.00000000,0.00144100,73144.00000000,0.00144000,1032650.00000000,0.00143900,784571.00000000,0.00143800,192746.00000000,0.00143700,192148.00000000,0.00144900,1727790.00000000,0.00145000,78911.00000000,0.00145100,1412244.00000000,0.00145200,254000.00000000,0.00145300,504389.00000000,0.00145400,478465.00000000,0.00145500,516528.00000000,0.00145600,419812.00000000,0.00145700,41248.00000000,0.00145800,192347.00000000,0.03205,15,0.03204,90,0.03202,15,0.03201,130,0.032,14,0.03198,90,0.03193,10,0.03192,24,0.03191,90,0.03189,30,0.03212,14,0.03213,75,0.03214,70,0.03215,14,0.03216,90,0.03218,15,0.03219,89,0.03221,15,0.03222,91,0.03224,14
binance,gate,FUNUSDT,0.00144900,0.03205,2111.8703,1774096338557,0.00005,0.00005,,0.00144600,574038.00000000,0.00144500,1000603.00000000,0.00144400,3408188.00000000,0.00144300,173229.00000000,0.00144200,1011700.00000000,0.00144100,73144.00000000,0.00144000,1032650.00000000,0.00143900,784571.00000000,0.00143800,192746.00000000,0.00143700,192148.00000000,0.00144900,1727790.00000000,0.00145000,78911.00000000,0.00145100,1412244.00000000,0.00145200,254000.00000000,0.00145300,504389.00000000,0.00145400,478465.00000000,0.00145500,1029973.00000000,0.00145600,419812.00000000,0.00145700,41248.00000000,0.00145800,192347.00000000,0.03205,15,0.03204,90,0.03202,15,0.03201,130,0.032,14,0.03198,90,0.03193,10,0.03192,24,0.03191,90,0.03189,30,0.03212,14,0.03213,75,0.03214,70,0.03215,14,0.03216,90,0.03218,15,0.03219,89,0.03221,15,0.03222,91,0.03224,14
binance,gate,FUNUSDT,0.00144900,0.03205,2111.8703,1774096338864,0.00005,0.00005,,0.00144600,574038.00000000,0.00144500,1000603.00000000,0.00144400,3408188.00000000,0.00144300,173229.00000000,0.00144200,1011700.00000000,0.00144100,73144.00000000,0.00144000,1032650.00000000,0.00143900,784571.00000000,0.00143800,192746.00000000,0.00143700,192148.00000000,0.00144900,1727790.00000000,0.00145000,78911.00000000,0.00145100,1412244.00000000,0.00145200,254000.00000000,0.00145300,504389.00000000,0.00145400,478465.00000000,0.00145500,1029973.00000000,0.00145600,419812.00000000,0.00145700,41248.00000000,0.00145800,192347.00000000,0.03205,15,0.03204,90,0.03202,15,0.03201,130,0.032,14,0.03198,90,0.03193,10,0.03192,24,0.03191,90,0.03189,30,0.03212,14,0.03213,75,0.03214,70,0.03215,14,0.03216,90,0.03218,15,0.03219,89,0.03221,15,0.03222,91,0.03224,14
binance,gate,FUNUSDT,0.00144900,0.03205,2111.8703,1774096339174,0.00005,0.00005,,0.00144600,574038.00000000,0.00144500,1000603.00000000,0.00144400,3408188.00000000,0.00144300,173229.00000000,0.00144200,1011700.00000000,0.00144100,73144.00000000,0.00144000,1032650.00000000,0.00143900,784571.00000000,0.00143800,192746.00000000,0.00143700,192148.00000000,0.00144900,1727790.00000000,0.00145000,78911.00000000,0.00145100,1412244.00000000,0.00145200,254000.00000000,0.00145300,504389.00000000,0.00145400,478465.00000000,0.00145500,1029973.00000000,0.00145600,419812.00000000,0.00145700,41248.00000000,0.00145800,192347.00000000,0.03205,15,0.03204,90,0.03202,15,0.03201,130,0.032,14,0.03198,90,0.03193,10,0.03192,24,0.03191,90,0.03189,30,0.03212,14,0.03213,75,0.03214,70,0.03215,14,0.03216,90,0.03218,15,0.03219,89,0.03221,15,0.03222,91,0.03224,14
binance,gate,FUNUSDT,0.00144800,0.03205,2113.3978,1774096339485,0.00005,0.00005,,0.00144600,270827.00000000,0.00144500,1268934.00000000,0.00144400,3408188.00000000,0.00144300,173229.00000000,0.00144200,1011700.00000000,0.00144100,73144.00000000,0.00144000,1032650.00000000,0.00143900,784571.00000000,0.00143800,274893.00000000,0.00143700,192148.00000000,0.00144800,15815.00000000,0.00144900,1715850.00000000,0.00145000,78911.00000000,0.00145100,1412244.00000000,0.00145200,662292.00000000,0.00145300,504389.00000000,0.00145400,79793.00000000,0.00145500,1029973.00000000,0.00145600,419812.00000000,0.00145700,41248.00000000,0.03205,15,0.03204,90,0.03202,15,0.03201,130,0.032,14,0.03198,90,0.03193,10,0.03192,24,0.03191,90,0.03189,30,0.03212,14,0.03213,75,0.03214,70,0.03215,14,0.03216,90,0.03218,15,0.03219,89,0.03221,15,0.03222,91,0.03224,14
binance,gate,FUNUSDT,0.00144800,0.03205,2113.3978,1774096339795,0.00005,0.00005,,0.00144500,1361939.00000000,0.00144400,2763358.00000000,0.00144300,1004292.00000000,0.00144200,588431.00000000,0.00144100,495920.00000000,0.00144000,839771.00000000,0.00143900,784571.00000000,0.00143800,274893.00000000,0.00143700,192148.00000000,0.00143600,705846.00000000,0.00144800,23775.00000000,0.00144900,1715850.00000000,0.00145000,910116.00000000,0.00145100,1411751.00000000,0.00145200,254000.00000000,0.00145300,596809.00000000,0.00145400,79793.00000000,0.00145500,709274.00000000,0.00145600,21689.00000000,0.00145700,41248.00000000,0.03205,15,0.03204,90,0.03202,15,0.03201,130,0.032,14,0.03198,90,0.03193,10,0.03192,24,0.03191,90,0.03189,30,0.03212,14,0.03213,75,0.03214,70,0.03215,14,0.03216,90,0.03218,15,0.03219,89,0.03221,15,0.03222,91,0.03224,14
binance,gate,FUNUSDT,0.00144800,0.03205,2113.3978,1774096340113,0.00005,0.00005,,0.00144500,1283184.00000000,0.00144400,2763358.00000000,0.00144300,595859.00000000,0.00144200,1132596.00000000,0.00144100,495920.00000000,0.00144000,839771.00000000,0.00143900,784571.00000000,0.00143800,274893.00000000,0.00143700,260198.00000000,0.00143600,705846.00000000,0.00144800,96425.00000000,0.00144900,1720316.00000000,0.00145000,910116.00000000,0.00145100,1411751.00000000,0.00145200,254000.00000000,0.00145300,596809.00000000,0.00145400,6657.00000000,0.00145500,709274.00000000,0.00145600,21689.00000000,0.00145700,41248.00000000,0.03205,15,0.03204,90,0.03202,15,0.03201,130,0.032,14,0.03198,90,0.03193,10,0.03192,24,0.03191,90,0.03189,30,0.03212,14,0.03213,75,0.03214,70,0.03215,14,0.03216,90,0.03218,15,0.03219,89,0.03221,15,0.03222,91,0.03224,14
binance,gate,FUNUSDT,0.00144800,0.03205,2113.3978,1774096340424,0.00005,0.00005,,0.00144500,1283184.00000000,0.00144400,2763358.00000000,0.00144300,595859.00000000,0.00144200,1132596.00000000,0.00144100,495920.00000000,0.00144000,839771.00000000,0.00143900,784571.00000000,0.00143800,274893.00000000,0.00143700,260198.00000000,0.00143600,705846.00000000,0.00144800,96425.00000000,0.00144900,1720316.00000000,0.00145000,910116.00000000,0.00145100,1411751.00000000,0.00145200,254000.00000000,0.00145300,596809.00000000,0.00145400,6657.00000000,0.00145500,709274.00000000,0.00145600,21689.00000000,0.00145700,41248.00000000,0.03205,15,0.03204,90,0.03202,15,0.03201,130,0.032,14,0.03198,90,0.03193,10,0.03192,24,0.03191,90,0.03189,30,0.03212,14,0.03213,75,0.03214,70,0.03215,14,0.03216,90,0.03218,15,0.03219,89,0.03221,15,0.03222,91,0.03224,14
binance,gate,FUNUSDT,0.00144800,0.03205,2113.3978,1774096340739,0.00005,0.00005,,0.00144500,1190179.00000000,0.00144400,2583858.00000000,0.00144300,352729.00000000,0.00144200,1352733.00000000,0.00144100,495920.00000000,0.00144000,839771.00000000,0.00143900,592091.00000000,0.00143800,274893.00000000,0.00143700,260198.00000000,0.00143600,705846.00000000,0.00144800,96425.00000000,0.00144900,1720316.00000000,0.00145000,910116.00000000,0.00145100,1411751.00000000,0.00145200,254000.00000000,0.00145300,596809.00000000,0.00145400,6657.00000000,0.00145500,709274.00000000,0.00145600,21689.00000000,0.00145700,41248.00000000,0.03205,15,0.03204,90,0.03202,15,0.03201,130,0.032,14,0.03198,90,0.03193,10,0.03192,24,0.03191,90,0.03189,30,0.03212,14,0.03213,75,0.03214,70,0.03215,14,0.03216,90,0.03218,15,0.03219,89,0.03221,15,0.03222,91,0.03224,14
binance,gate,FUNUSDT,0.00144800,0.03205,2113.3978,1774096341051,0.00005,0.00005,,0.00144500,1190179.00000000,0.00144400,2583858.00000000,0.00144300,352729.00000000,0.00144200,1352733.00000000,0.00144100,495920.00000000,0.00144000,839771.00000000,0.00143900,592091.00000000,0.00143800,274893.00000000,0.00143700,260198.00000000,0.00143600,705846.00000000,0.00144800,96425.00000000,0.00144900,1720316.00000000,0.00145000,910116.00000000,0.00145100,1411751.00000000,0.00145200,254000.00000000,0.00145300,596809.00000000,0.00145400,6657.00000000,0.00145500,709274.00000000,0.00145600,21689.00000000,0.00145700,41248.00000000,0.03205,15,0.03204,90,0.03202,15,0.03201,130,0.032,14,0.03198,90,0.03193,10,0.03192,24,0.03191,90,0.03189,30,0.03212,14,0.03213,75,0.03214,70,0.03215,14,0.03216,90,0.03218,15,0.03219,89,0.03221,15,0.03222,91,0.03224,14
binance,gate,FUNUSDT,0.00144800,0.03205,2113.3978,1774096341386,0.00005,0.00005,,0.00144500,1190179.00000000,0.00144400,2583858.00000000,0.00144300,352729.00000000,0.00144200,1352733.00000000,0.00144100,495920.00000000,0.00144000,839771.00000000,0.00143900,592091.00000000,0.00143800,274893.00000000,0.00143700,260198.00000000,0.00143600,705846.00000000,0.00144800,96425.00000000,0.00144900,1720316.00000000,0.00145000,910116.00000000,0.00145100,1411751.00000000,0.00145200,254000.00000000,0.00145300,596809.00000000,0.00145400,6657.00000000,0.00145500,709274.00000000,0.00145600,21689.00000000,0.00145700,41248.00000000,0.03205,15,0.03204,90,0.03202,15,0.03201,130,0.032,14,0.03198,90,0.03193,10,0.03192,24,0.03191,90,0.03189,30,0.03212,14,0.03213,75,0.03214,70,0.03215,14,0.03216,90,0.03218,15,0.03219,89,0.03221,15,0.03222,91,0.03224,14
binance,gate,FUNUSDT,0.00144800,0.03205,2113.3978,1774096341703,0.00005,0.00005,,0.00144500,1190179.00000000,0.00144400,2583858.00000000,0.00144300,352729.00000000,0.00144200,1352733.00000000,0.00144100,495920.00000000,0.00144000,839771.00000000,0.00143900,592091.00000000,0.00143800,274893.00000000,0.00143700,260198.00000000,0.00143600,705846.00000000,0.00144800,96425.00000000,0.00144900,1720316.00000000,0.00145000,910116.00000000,0.00145100,1925196.00000000,0.00145200,254000.00000000,0.00145300,83364.00000000,0.00145400,6657.00000000,0.00145500,709274.00000000,0.00145600,21689.00000000,0.00145700,41248.00000000,0.03205,15,0.03204,90,0.03202,15,0.03201,130,0.032,14,0.03198,90,0.03193,10,0.03192,24,0.03191,90,0.03189,30,0.03212,14,0.03213,75,0.03214,70,0.03215,14,0.03216,90,0.03218,15,0.03219,89,0.03221,15,0.03222,91,0.03224,14
binance,gate,FUNUSDT,0.00144700,0.03205,2114.9274,1774096342011,0.00005,0.00005,,0.00144400,2681920.00000000,0.00144300,352729.00000000,0.00144200,1352733.00000000,0.00144100,73144.00000000,0.00144000,1267040.00000000,0.00143900,592091.00000000,0.00143800,274893.00000000,0.00143700,260198.00000000,0.00143600,705846.00000000,0.00143500,2211713.00000000,0.00144700,18843.00000000,0.00144800,84485.00000000,0.00144900,2147437.00000000,0.00145000,910116.00000000,0.00145100,1502420.00000000,0.00145200,254000.00000000,0.00145300,83364.00000000,0.00145400,199536.00000000,0.00145500,709274.00000000,0.00145600,21689.00000000,0.03205,15,0.03204,90,0.03202,15,0.03201,130,0.032,14,0.03198,90,0.03193,10,0.03192,24,0.03191,90,0.03189,30,0.03212,14,0.03213,75,0.03214,70,0.03215,14,0.03216,90,0.03218,15,0.03219,89,0.03221,15,0.03222,91,0.03224,14
binance,gate,FUNUSDT,0.00144700,0.03205,2114.9274,1774096342319,0.00005,0.00005,,0.00144400,2681920.00000000,0.00144300,554071.00000000,0.00144200,1352733.00000000,0.00144100,73144.00000000,0.00144000,1267040.00000000,0.00143900,592091.00000000,0.00143800,274893.00000000,0.00143700,260198.00000000,0.00143600,705846.00000000,0.00143500,2211713.00000000,0.00144700,29839.00000000,0.00144800,84485.00000000,0.00144900,2557679.00000000,0.00145000,910116.00000000,0.00145100,1093506.00000000,0.00145200,254000.00000000,0.00145300,83364.00000000,0.00145400,199536.00000000,0.00145500,709274.00000000,0.00145600,21689.00000000,0.03205,15,0.03204,90,0.03202,15,0.03201,130,0.032,14,0.03198,90,0.03193,10,0.03192,24,0.03191,90,0.03189,30,0.03212,14,0.03213,75,0.03214,70,0.03215,14,0.03216,90,0.03218,15,0.03219,89,0.03221,15,0.03222,91,0.03224,14
binance,gate,FUNUSDT,0.00144700,0.03205,2114.9274,1774096342635,0.00005,0.00005,,0.00144400,2681920.00000000,0.00144300,554071.00000000,0.00144200,1352733.00000000,0.00144100,73144.00000000,0.00144000,1267040.00000000,0.00143900,592091.00000000,0.00143800,274893.00000000,0.00143700,260198.00000000,0.00143600,705846.00000000,0.00143500,2211713.00000000,0.00144700,29839.00000000,0.00144800,84485.00000000,0.00144900,2557679.00000000,0.00145000,910116.00000000,0.00145100,1093506.00000000,0.00145200,254000.00000000,0.00145300,83364.00000000,0.00145400,199536.00000000,0.00145500,709274.00000000,0.00145600,21689.00000000,0.03205,15,0.03204,90,0.03202,15,0.03201,130,0.032,14,0.03198,90,0.03193,10,0.03192,24,0.03191,90,0.03189,30,0.03212,14,0.03213,75,0.03214,70,0.03215,14,0.03216,90,0.03218,15,0.03219,89,0.03221,15,0.03222,91,0.03224,14
binance,gate,FUNUSDT,0.00144700,0.03205,2114.9274,1774096342943,0.00005,0.00005,,0.00144400,2681920.00000000,0.00144300,554071.00000000,0.00144200,1352733.00000000,0.00144100,73144.00000000,0.00144000,1267040.00000000,0.00143900,592091.00000000,0.00143800,274893.00000000,0.00143700,260198.00000000,0.00143600,705846.00000000,0.00143500,2211713.00000000,0.00144700,29839.00000000,0.00144800,84485.00000000,0.00144900,2557679.00000000,0.00145000,910116.00000000,0.00145100,1093506.00000000,0.00145200,254000.00000000,0.00145300,83364.00000000,0.00145400,199536.00000000,0.00145500,709274.00000000,0.00145600,21689.00000000,0.03205,15,0.03204,90,0.03202,15,0.03201,130,0.032,14,0.03198,90,0.03193,10,0.03192,24,0.03191,90,0.03189,30,0.03212,14,0.03213,75,0.03214,70,0.03215,14,0.03216,90,0.03218,15,0.03219,89,0.03221,15,0.03222,91,0.03224,14
binance,gate,FUNUSDT,0.00144700,0.03205,2114.9274,1774096343253,0.00005,0.00005,,0.00144400,2583858.00000000,0.00144300,380842.00000000,0.00144200,519768.00000000,0.00144100,1291111.00000000,0.00144000,919910.00000000,0.00143900,592091.00000000,0.00143800,82147.00000000,0.00143700,608052.00000000,0.00143600,705846.00000000,0.00143500,2211713.00000000,0.00144700,97512.00000000,0.00144800,84485.00000000,0.00144900,2557679.00000000,0.00145000,910116.00000000,0.00145100,1093506.00000000,0.00145200,254000.00000000,0.00145300,15691.00000000,0.00145400,199536.00000000,0.00145500,709274.00000000,0.00145600,21689.00000000,0.03205,15,0.03204,90,0.03202,15,0.03201,130,0.032,14,0.03198,90,0.03193,10,0.03192,24,0.03191,90,0.03189,30,0.03212,14,0.03213,75,0.03214,70,0.03215,14,0.03216,90,0.03218,15,0.03219,89,0.03221,15,0.03222,91,0.03224,14
binance,gate,FUNUSDT,0.00144700,0.03205,2114.9274,1774096343559,0.00005,0.00005,,0.00144400,2583858.00000000,0.00144200,792269.00000000,0.00144100,912900.00000000,0.00144000,919910.00000000,0.00143900,592091.00000000,0.00143800,82147.00000000,0.00143700,608052.00000000,0.00143600,705846.00000000,0.00143500,2211713.00000000,0.00143400,192413.00000000,0.00144700,109452.00000000,0.00144800,84485.00000000,0.00144900,841829.00000000,0.00145000,910116.00000000,0.00145100,1093506.00000000,0.00145200,254000.00000000,0.00145300,15691.00000000,0.00145400,199536.00000000,0.00145500,709274.00000000,0.00145600,21689.00000000,0.03205,15,0.03204,90,0.03202,15,0.03201,130,0.032,14,0.03198,90,0.03193,10,0.03192,24,0.03191,90,0.03189,30,0.03212,14,0.03213,75,0.03214,70,0.03215,14,0.03216,90,0.03218,15,0.03219,89,0.03221,15,0.03222,91,0.03224,14
binance,gate,FUNUSDT,0.00144700,0.03205,2114.9274,1774096343872,0.00005,0.00005,,0.00144400,2583858.00000000,0.00144300,155151.00000000,0.00144200,792269.00000000,0.00144100,912900.00000000,0.00144000,1128639.00000000,0.00143900,592091.00000000,0.00143800,82147.00000000,0.00143700,608052.00000000,0.00143600,705846.00000000,0.00143500,2211713.00000000,0.00144700,109452.00000000,0.00144800,84485.00000000,0.00144900,841829.00000000,0.00145000,910116.00000000,0.00145100,1093506.00000000,0.00145200,254000.00000000,0.00145300,15691.00000000,0.00145400,199536.00000000,0.00145500,709274.00000000,0.00145600,21689.00000000,0.03205,15,0.03204,90,0.03202,15,0.03201,130,0.032,14,0.03198,90,0.03193,10,0.03192,24,0.03191,90,0.03189,30,0.03212,14,0.03213,75,0.03214,70,0.03215,14,0.03216,90,0.03218,15,0.03219,89,0.03221,15,0.03222,91,0.03224,14
binance,gate,FUNUSDT,0.00144700,0.03205,2114.9274,1774096344172,0.00005,0.00005,,0.00144400,2583858.00000000,0.00144300,155151.00000000,0.00144200,792269.00000000,0.00144100,912900.00000000,0.00144000,1128639.00000000,0.00143900,592091.00000000,0.00143800,82147.00000000,0.00143700,608052.00000000,0.00143600,705846.00000000,0.00143500,2211713.00000000,0.00144700,109452.00000000,0.00144800,84485.00000000,0.00144900,841829.00000000,0.00145000,910116.00000000,0.00145100,580061.00000000,0.00145200,254000.00000000,0.00145300,529136.00000000,0.00145400,199536.00000000,0.00145500,709274.00000000,0.00145600,21689.00000000,0.03205,15,0.03204,90,0.03202,15,0.03201,130,0.032,14,0.03198,90,0.03193,10,0.03192,24,0.03191,90,0.03189,30,0.03212,14,0.03213,75,0.03214,70,0.03215,14,0.03216,90,0.03218,15,0.03219,89,0.03221,15,0.03222,91,0.03224,14
binance,gate,FUNUSDT,0.00144700,0.03205,2114.9274,1774096344473,0.00005,0.00005,,0.00144400,2583858.00000000,0.00144300,155151.00000000,0.00144200,792269.00000000,0.00144100,912900.00000000,0.00144000,1128639.00000000,0.00143900,592091.00000000,0.00143800,82147.00000000,0.00143700,608052.00000000,0.00143600,705846.00000000,0.00143500,2211713.00000000,0.00144700,109452.00000000,0.00144800,84485.00000000,0.00144900,841829.00000000,0.00145000,910116.00000000,0.00145100,580061.00000000,0.00145200,254000.00000000,0.00145300,529136.00000000,0.00145400,199536.00000000,0.00145500,709274.00000000,0.00145600,21689.00000000,0.03205,15,0.03204,90,0.03202,15,0.03201,130,0.032,14,0.03198,90,0.03193,10,0.03192,24,0.03191,90,0.03189,30,0.03212,14,0.03213,75,0.03214,70,0.03215,14,0.03216,90,0.03218,15,0.03219,89,0.03221,15,0.03222,91,0.03224,14
binance,gate,FUNUSDT,0.00144700,0.03205,2114.9274,1774096344773,0.00005,0.00005,,0.00144400,2583858.00000000,0.00144300,155151.00000000,0.00144200,792269.00000000,0.00144100,1249799.00000000,0.00144000,1128639.00000000,0.00143900,592091.00000000,0.00143800,82147.00000000,0.00143700,608052.00000000,0.00143600,705846.00000000,0.00143500,2211713.00000000,0.00144700,176706.00000000,0.00144800,84485.00000000,0.00144900,841829.00000000,0.00145000,910116.00000000,0.00145100,580061.00000000,0.00145200,254000.00000000,0.00145300,529136.00000000,0.00145400,199536.00000000,0.00145500,709274.00000000,0.00145600,21689.00000000,0.03205,15,0.03204,90,0.03202,15,0.03201,130,0.032,14,0.03198,90,0.03193,10,0.03192,24,0.03191,90,0.03189,30,0.03212,14,0.03213,75,0.03214,70,0.03215,14,0.03216,90,0.03218,15,0.03219,89,0.03221,15,0.03222,91,0.03224,14
binance,gate,FUNUSDT,0.00144700,0.03205,2114.9274,1774096345073,0.00005,0.00005,,0.00144400,2583858.00000000,0.00144300,155151.00000000,0.00144200,792269.00000000,0.00144100,1249799.00000000,0.00144000,1128639.00000000,0.00143900,592091.00000000,0.00143800,82147.00000000,0.00143700,608052.00000000,0.00143600,705846.00000000,0.00143500,2211713.00000000,0.00144700,176706.00000000,0.00144800,84485.00000000,0.00144900,841829.00000000,0.00145000,910116.00000000,0.00145100,580061.00000000,0.00145200,254000.00000000,0.00145300,529136.00000000,0.00145400,199536.00000000,0.00145500,709274.00000000,0.00145600,21689.00000000,0.03205,15,0.03204,90,0.03202,15,0.03201,130,0.032,14,0.03198,90,0.03193,10,0.03192,24,0.03191,90,0.03189,30,0.03212,14,0.03213,75,0.03214,70,0.03215,14,0.03216,90,0.03218,15,0.03219,89,0.03221,15,0.03222,91,0.03224,14
binance,gate,FUNUSDT,0.00144700,0.03205,2114.9274,1774096345373,0.00005,0.00005,,0.00144400,2583858.00000000,0.00144300,155151.00000000,0.00144200,792269.00000000,0.00144100,1249799.00000000,0.00144000,1128639.00000000,0.00143900,592091.00000000,0.00143800,82147.00000000,0.00143700,608052.00000000,0.00143600,705846.00000000,0.00143500,2211713.00000000,0.00144700,176706.00000000,0.00144800,84485.00000000,0.00144900,841829.00000000,0.00145000,910116.00000000,0.00145100,580061.00000000,0.00145200,254000.00000000,0.00145300,529136.00000000,0.00145400,199536.00000000,0.00145500,709274.00000000,0.00145600,21689.00000000,0.03205,15,0.03204,90,0.03202,15,0.03201,130,0.032,14,0.03198,90,0.03193,10,0.03192,24,0.03191,90,0.03189,30,0.03212,14,0.03213,75,0.03214,70,0.03215,14,0.03216,90,0.03218,15,0.03219,89,0.03221,15,0.03222,91,0.03224,14
binance,gate,FUNUSDT,0.00144700,0.03205,2114.9274,1774096345673,0.00005,0.00005,,0.00144400,2583858.00000000,0.00144300,155151.00000000,0.00144200,792269.00000000,0.00144100,1249799.00000000,0.00144000,1128639.00000000,0.00143900,592091.00000000,0.00143800,82147.00000000,0.00143700,608052.00000000,0.00143600,705846.00000000,0.00143500,2211713.00000000,0.00144700,176706.00000000,0.00144800,84485.00000000,0.00144900,841829.00000000,0.00145000,910116.00000000,0.00145100,580061.00000000,0.00145200,254000.00000000,0.00145300,529136.00000000,0.00145400,199536.00000000,0.00145500,709274.00000000,0.00145600,21689.00000000,0.03205,15,0.03204,90,0.03202,15,0.03201,130,0.032,14,0.03198,90,0.03193,10,0.03192,24,0.03191,90,0.03189,30,0.03212,14,0.03213,75,0.03214,70,0.03215,14,0.03216,90,0.03218,15,0.03219,89,0.03221,15,0.03222,91,0.03224,14
binance,gate,FUNUSDT,0.00144800,0.03205,2113.3978,1774096345975,0.00005,0.00005,,0.00144500,144924.00000000,0.00144400,2853548.00000000,0.00144300,1058635.00000000,0.00144200,876725.00000000,0.00144100,1067504.00000000,0.00144000,701370.00000000,0.00143900,592091.00000000,0.00143800,82147.00000000,0.00143700,540002.00000000,0.00143600,705846.00000000,0.00144800,96425.00000000,0.00144900,72139.00000000,0.00145000,910116.00000000,0.00145100,1418939.00000000,0.00145200,254000.00000000,0.00145300,529136.00000000,0.00145400,199536.00000000,0.00145500,709274.00000000,0.00145600,21689.00000000,0.00145700,41248.00000000,0.03205,15,0.03204,90,0.03202,15,0.03201,130,0.032,14,0.03198,90,0.03193,10,0.03192,24,0.03191,90,0.03189,30,0.03212,14,0.03213,75,0.03214,70,0.03215,14,0.03216,90,0.03218,15,0.03219,89,0.03221,15,0.03222,91,0.03224,14
binance,gate,FUNUSDT,0.00144800,0.03205,2113.3978,1774096346275,0.00005,0.00005,,0.00144500,144924.00000000,0.00144400,2853548.00000000,0.00144300,1058635.00000000,0.00144200,876725.00000000,0.00144100,1067504.00000000,0.00144000,701370.00000000,0.00143900,592091.00000000,0.00143800,82147.00000000,0.00143700,540002.00000000,0.00143600,705846.00000000,0.00144800,96425.00000000,0.00144900,72139.00000000,0.00145000,910116.00000000,0.00145100,1418939.00000000,0.00145200,254000.00000000,0.00145300,529136.00000000,0.00145400,199536.00000000,0.00145500,709274.00000000,0.00145600,21689.00000000,0.00145700,41248.00000000,0.03205,15,0.03204,90,0.03202,15,0.03201,130,0.032,14,0.03198,90,0.03193,10,0.03192,24,0.03191,90,0.03189,30,0.03212,14,0.03213,75,0.03214,70,0.03215,14,0.03216,90,0.03218,15,0.03219,89,0.03221,15,0.03222,91,0.03224,14
binance,gate,FUNUSDT,0.00144800,0.03205,2113.3978,1774096346575,0.00005,0.00005,,0.00144500,1003017.00000000,0.00144400,2853548.00000000,0.00144300,1058635.00000000,0.00144200,876725.00000000,0.00144100,1067504.00000000,0.00144000,701370.00000000,0.00143900,592091.00000000,0.00143800,82147.00000000,0.00143700,540002.00000000,0.00143600,705846.00000000,0.00144800,96425.00000000,0.00144900,72139.00000000,0.00145000,910116.00000000,0.00145100,1418939.00000000,0.00145200,254000.00000000,0.00145300,15691.00000000,0.00145400,199536.00000000,0.00145500,709274.00000000,0.00145600,535134.00000000,0.00145700,41248.00000000,0.03205,15,0.03204,90,0.03202,15,0.03201,130,0.032,14,0.03198,90,0.03193,10,0.03192,24,0.03191,90,0.03189,30,0.03212,14,0.03213,75,0.03214,70,0.03215,14,0.03216,90,0.03218,15,0.03219,89,0.03221,15,0.03222,91,0.03224,14
binance,gate,FUNUSDT,0.00144800,0.03205,2113.3978,1774096346875,0.00005,0.00005,,0.00144500,1003017.00000000,0.00144400,2853548.00000000,0.00144300,1058635.00000000,0.00144200,876725.00000000,0.00144100,1067504.00000000,0.00144000,701370.00000000,0.00143900,592091.00000000,0.00143800,82147.00000000,0.00143700,540002.00000000,0.00143600,705846.00000000,0.00144800,96425.00000000,0.00144900,72139.00000000,0.00145000,910116.00000000,0.00145100,1418939.00000000,0.00145200,254000.00000000,0.00145300,15691.00000000,0.00145400,199536.00000000,0.00145500,709274.00000000,0.00145600,535134.00000000,0.00145700,41248.00000000,0.03205,15,0.03204,90,0.03202,15,0.03201,130,0.032,14,0.03198,90,0.03193,10,0.03192,24,0.03191,90,0.03189,30,0.03212,14,0.03213,75,0.03214,70,0.03215,14,0.03216,90,0.03218,15,0.03219,89,0.03221,15,0.03222,91,0.03224,14
binance,gate,FUNUSDT,0.00144800,0.03205,2113.3978,1774096347176,0.00005,0.00005,,0.00144500,1003017.00000000,0.00144400,2853548.00000000,0.00144300,1058635.00000000,0.00144200,876725.00000000,0.00144100,1067504.00000000,0.00144000,701370.00000000,0.00143900,592091.00000000,0.00143800,82147.00000000,0.00143700,540002.00000000,0.00143600,705846.00000000,0.00144800,96425.00000000,0.00144900,72139.00000000,0.00145000,910116.00000000,0.00145100,1418939.00000000,0.00145200,254000.00000000,0.00145300,15691.00000000,0.00145400,199536.00000000,0.00145500,709274.00000000,0.00145600,535134.00000000,0.00145700,41248.00000000,0.03205,15,0.03204,90,0.03202,15,0.03201,130,0.032,14,0.03198,90,0.03193,10,0.03192,24,0.03191,90,0.03189,30,0.03212,14,0.03213,75,0.03214,70,0.03215,14,0.03216,90,0.03218,15,0.03219,89,0.03221,15,0.03222,91,0.03224,14
binance,gate,FUNUSDT,0.00144800,0.03205,2113.3978,1774096347476,0.00005,0.00005,,0.00144500,1003017.00000000,0.00144400,2853548.00000000,0.00144300,1058635.00000000,0.00144200,876725.00000000,0.00144100,1067504.00000000,0.00144000,701370.00000000,0.00143900,592091.00000000,0.00143800,82147.00000000,0.00143700,540002.00000000,0.00143600,705846.00000000,0.00144800,96425.00000000,0.00144900,72139.00000000,0.00145000,910116.00000000,0.00145100,1418939.00000000,0.00145200,254000.00000000,0.00145300,15691.00000000,0.00145400,199536.00000000,0.00145500,709274.00000000,0.00145600,535134.00000000,0.00145700,41248.00000000,0.03205,15,0.03204,90,0.03202,15,0.03201,130,0.032,14,0.03198,90,0.03193,10,0.03192,24,0.03191,90,0.03189,30,0.03212,14,0.03213,75,0.03214,70,0.03215,14,0.03216,90,0.03218,15,0.03219,89,0.03221,15,0.03222,91,0.03224,14
binance,gate,FUNUSDT,0.00144800,0.03205,2113.3978,1774096347777,0.00005,0.00005,,0.00144500,1003017.00000000,0.00144400,2853548.00000000,0.00144300,1058635.00000000,0.00144200,876725.00000000,0.00144100,1067504.00000000,0.00144000,701370.00000000,0.00143900,592091.00000000,0.00143800,82147.00000000,0.00143700,540002.00000000,0.00143600,705846.00000000,0.00144800,96425.00000000,0.00144900,72139.00000000,0.00145000,910116.00000000,0.00145100,1418939.00000000,0.00145200,254000.00000000,0.00145300,15691.00000000,0.00145400,199536.00000000,0.00145500,709274.00000000,0.00145600,535134.00000000,0.00145700,41248.00000000,0.03205,15,0.03204,90,0.03202,15,0.03201,130,0.032,14,0.03198,90,0.03193,10,0.03192,24,0.03191,90,0.03189,30,0.03212,14,0.03213,75,0.03214,70,0.03215,14,0.03216,90,0.03218,15,0.03219,89,0.03221,15,0.03222,91,0.03224,14
binance,gate,FUNUSDT,0.00144800,0.03205,2113.3978,1774096348077,0.00005,0.00005,,0.00144500,484525.00000000,0.00144400,2583858.00000000,0.00144300,583905.00000000,0.00144200,748725.00000000,0.00144100,484090.00000000,0.00144000,701370.00000000,0.00143900,592091.00000000,0.00143800,82147.00000000,0.00143700,540002.00000000,0.00143600,705846.00000000,0.00144800,96425.00000000,0.00144900,72139.00000000,0.00145000,910116.00000000,0.00145100,1418939.00000000,0.00145200,254000.00000000,0.00145300,15691.00000000,0.00145400,199536.00000000,0.00145500,709274.00000000,0.00145600,535134.00000000,0.00145700,41248.00000000,0.03205,15,0.03204,90,0.03202,15,0.03201,130,0.032,14,0.03198,90,0.03193,10,0.03192,24,0.03191,90,0.03189,30,0.03212,14,0.03213,75,0.03214,70,0.03215,14,0.03216,90,0.03218,15,0.03219,89,0.03221,15,0.03222,91,0.03224,14
binance,gate,FUNUSDT,0.00144800,0.03205,2113.3978,1774096348377,0.00005,0.00005,,0.00144500,484525.00000000,0.00144400,2583858.00000000,0.00144300,583905.00000000,0.00144200,748725.00000000,0.00144100,484090.00000000,0.00144000,701370.00000000,0.00143900,592091.00000000,0.00143800,82147.00000000,0.00143700,540002.00000000,0.00143600,705846.00000000,0.00144800,96425.00000000,0.00144900,72139.00000000,0.00145000,910116.00000000,0.00145100,1418939.00000000,0.00145200,254000.00000000,0.00145300,15691.00000000,0.00145400,199536.00000000,0.00145500,709274.00000000,0.00145600,535134.00000000,0.00145700,41248.00000000,0.03205,15,0.03204,90,0.03202,15,0.03201,130,0.032,14,0.03198,90,0.03193,10,0.03192,24,0.03191,90,0.03189,30,0.03212,14,0.03213,75,0.03214,70,0.03215,14,0.03216,90,0.03218,15,0.03219,89,0.03221,15,0.03222,91,0.03224,14
binance,gate,FUNUSDT,0.00144800,0.03205,2113.3978,1774096348677,0.00005,0.00005,,0.00144500,484525.00000000,0.00144400,2583858.00000000,0.00144300,583905.00000000,0.00144200,748725.00000000,0.00144100,484090.00000000,0.00144000,701370.00000000,0.00143900,592091.00000000,0.00143800,82147.00000000,0.00143700,540002.00000000,0.00143600,705846.00000000,0.00144800,96425.00000000,0.00144900,72139.00000000,0.00145000,910116.00000000,0.00145100,1418939.00000000,0.00145200,254000.00000000,0.00145300,15691.00000000,0.00145400,712981.00000000,0.00145500,709274.00000000,0.00145600,21689.00000000,0.00145700,41248.00000000,0.03205,15,0.03204,90,0.03202,15,0.03201,130,0.032,14,0.03198,90,0.03193,10,0.03192,24,0.03191,90,0.03189,30,0.03212,14,0.03213,75,0.03214,70,0.03215,14,0.03216,90,0.03218,15,0.03219,89,0.03221,15,0.03222,91,0.03224,14
binance,gate,FUNUSDT,0.00144800,0.03205,2113.3978,1774096348977,0.00005,0.00005,,0.00144500,1003017.00000000,0.00144400,2583858.00000000,0.00144300,583905.00000000,0.00144200,748725.00000000,0.00144100,484090.00000000,0.00144000,701370.00000000,0.00143900,592091.00000000,0.00143800,82147.00000000,0.00143700,540002.00000000,0.00143600,705846.00000000,0.00144800,96425.00000000,0.00144900,72139.00000000,0.00145000,910116.00000000,0.00145100,1418939.00000000,0.00145200,254000.00000000,0.00145300,15691.00000000,0.00145400,712981.00000000,0.00145500,709274.00000000,0.00145600,21689.00000000,0.00145700,41248.00000000,0.03205,15,0.03204,90,0.03202,15,0.03201,130,0.032,14,0.03198,90,0.03193,10,0.03192,24,0.03191,90,0.03189,30,0.03212,14,0.03213,75,0.03214,70,0.03215,14,0.03216,90,0.03218,15,0.03219,89,0.03221,15,0.03222,91,0.03224,14
