spot_exch,fut_exch,symbol,ask_spot,bid_futures,spread_pct,ts
binance,gate,FUNUSDT,0.00138000,0.03063,2119.5652,1774044624288
binance,gate,FUNUSDT,0.00138000,0.03063,2119.5652,1774044624588
binance,gate,FUNUSDT,0.00138000,0.03063,2119.5652,1774044624889
binance,gate,FUNUSDT,0.00138000,0.03063,2119.5652,1774044625190
binance,gate,FUNUSDT,0.00138000,0.03063,2119.5652,1774044625490
binance,gate,FUNUSDT,0.00138000,0.03063,2119.5652,1774044625790
binance,gate,FUNUSDT,0.00138000,0.03063,2119.5652,1774044626090
binance,gate,FUNUSDT,0.00138000,0.03063,2119.5652,1774044626391
binance,gate,FUNUSDT,0.00138000,0.03063,2119.5652,1774044626691
binance,gate,FUNUSDT,0.00138000,0.03063,2119.5652,1774044626991
binance,gate,FUNUSDT,0.00138000,0.03063,2119.5652,1774044627291
binance,gate,FUNUSDT,0.00138000,0.03063,2119.5652,1774044627591
binance,gate,FUNUSDT,0.00138000,0.03063,2119.5652,1774044627892
binance,gate,FUNUSDT,0.00138000,0.03063,2119.5652,1774044628192
binance,gate,FUNUSDT,0.00138000,0.03063,2119.5652,1774044628492
binance,gate,FUNUSDT,0.00138000,0.03063,2119.5652,1774044628792
binance,gate,FUNUSDT,0.00138000,0.03063,2119.5652,1774044629093
binance,gate,FUNUSDT,0.00138000,0.03063,2119.5652,1774044629393
binance,gate,FUNUSDT,0.00138000,0.03063,2119.5652,1774044629694
binance,gate,FUNUSDT,0.00138000,0.03063,2119.5652,1774044629994
binance,gate,FUNUSDT,0.00138000,0.03063,2119.5652,1774044630295
binance,gate,FUNUSDT,0.00138000,0.03063,2119.5652,1774044630600
binance,gate,FUNUSDT,0.00138000,0.03063,2119.5652,1774044630906
binance,gate,FUNUSDT,0.00138000,0.03063,2119.5652,1774044631206
binance,gate,FUNUSDT,0.00138000,0.03063,2119.5652,1774044631510
binance,gate,FUNUSDT,0.00138000,0.03063,2119.5652,1774044631810
binance,gate,FUNUSDT,0.00138000,0.03063,2119.5652,1774044632111
binance,gate,FUNUSDT,0.00138000,0.03063,2119.5652,1774044632414
binance,gate,FUNUSDT,0.00138000,0.03063,2119.5652,1774044632715
binance,gate,FUNUSDT,0.00138000,0.03063,2119.5652,1774044633016
binance,gate,FUNUSDT,0.00138000,0.03066,2121.7391,1774044633322
binance,gate,FUNUSDT,0.00138000,0.03066,2121.7391,1774044633624
binance,gate,FUNUSDT,0.00138000,0.03066,2121.7391,1774044633927
binance,gate,FUNUSDT,0.00138000,0.03066,2121.7391,1774044634229
binance,gate,FUNUSDT,0.00138000,0.03066,2121.7391,1774044634534
binance,gate,FUNUSDT,0.00138000,0.03066,2121.7391,1774044634843
binance,gate,FUNUSDT,0.00138000,0.03066,2121.7391,1774044635153
binance,gate,FUNUSDT,0.00138000,0.03066,2121.7391,1774044635468
binance,gate,FUNUSDT,0.00138000,0.03066,2121.7391,1774044635782
binance,gate,FUNUSDT,0.00138000,0.03066,2121.7391,1774044636088
binance,gate,FUNUSDT,0.00138000,0.03066,2121.7391,1774044636391
binance,gate,FUNUSDT,0.00138000,0.03066,2121.7391,1774044636692
binance,gate,FUNUSDT,0.00138000,0.03066,2121.7391,1774044636993
binance,gate,FUNUSDT,0.00138000,0.03066,2121.7391,1774044637293
binance,gate,FUNUSDT,0.00138000,0.03066,2121.7391,1774044637595
binance,gate,FUNUSDT,0.00138000,0.03066,2121.7391,1774044637906
binance,gate,FUNUSDT,0.00138000,0.03066,2121.7391,1774044638211
binance,gate,FUNUSDT,0.00138000,0.03066,2121.7391,1774044638514
binance,gate,FUNUSDT,0.00138000,0.03066,2121.7391,1774044638816
binance,gate,FUNUSDT,0.00138000,0.03066,2121.7391,1774044639117
binance,gate,FUNUSDT,0.00138000,0.03066,2121.7391,1774044639421
binance,gate,FUNUSDT,0.00138000,0.03066,2121.7391,1774044639725
binance,gate,FUNUSDT,0.00138000,0.03066,2121.7391,1774044640026
binance,gate,FUNUSDT,0.00138000,0.03066,2121.7391,1774044640327
binance,gate,FUNUSDT,0.00138000,0.03066,2121.7391,1774044640628
binance,gate,FUNUSDT,0.00138000,0.03066,2121.7391,1774044640928
binance,gate,FUNUSDT,0.00138000,0.03066,2121.7391,1774044641229
binance,gate,FUNUSDT,0.00138000,0.03066,2121.7391,1774044641531
binance,gate,FUNUSDT,0.00138000,0.03066,2121.7391,1774044641831
binance,gate,FUNUSDT,0.00138000,0.03066,2121.7391,1774044642131
binance,gate,FUNUSDT,0.00138000,0.03066,2121.7391,1774044642433
binance,gate,FUNUSDT,0.00138000,0.03066,2121.7391,1774044642741
binance,gate,FUNUSDT,0.00138000,0.03066,2121.7391,1774044643041
binance,gate,FUNUSDT,0.00138000,0.03066,2121.7391,1774044643341
binance,gate,FUNUSDT,0.00138000,0.03066,2121.7391,1774044643641
binance,gate,FUNUSDT,0.00138000,0.03066,2121.7391,1774044643942
binance,gate,FUNUSDT,0.00138000,0.03066,2121.7391,1774044644245
binance,gate,FUNUSDT,0.00138000,0.03066,2121.7391,1774044644545
binance,gate,FUNUSDT,0.00138000,0.03066,2121.7391,1774044644846
binance,gate,FUNUSDT,0.00138000,0.03066,2121.7391,1774044645147
binance,gate,FUNUSDT,0.00138000,0.03066,2121.7391,1774044645447
binance,gate,FUNUSDT,0.00138000,0.03066,2121.7391,1774044645747
binance,gate,FUNUSDT,0.00138000,0.03066,2121.7391,1774044646061
binance,gate,FUNUSDT,0.00138000,0.03066,2121.7391,1774044646361
binance,gate,FUNUSDT,0.00138000,0.03066,2121.7391,1774044646662
binance,gate,FUNUSDT,0.00138000,0.03066,2121.7391,1774044646962
binance,gate,FUNUSDT,0.00138000,0.03066,2121.7391,1774044647262
binance,gate,FUNUSDT,0.00138000,0.03066,2121.7391,1774044647562
binance,gate,FUNUSDT,0.00138000,0.03066,2121.7391,1774044647862
binance,gate,FUNUSDT,0.00138000,0.03066,2121.7391,1774044648162
binance,gate,FUNUSDT,0.00138000,0.03066,2121.7391,1774044648463
binance,gate,FUNUSDT,0.00138000,0.03066,2121.7391,1774044648763
binance,gate,FUNUSDT,0.00138000,0.03066,2121.7391,1774044649064
binance,gate,FUNUSDT,0.00138000,0.03066,2121.7391,1774044649364
binance,gate,FUNUSDT,0.00138000,0.03066,2121.7391,1774044649664
binance,gate,FUNUSDT,0.00138000,0.03066,2121.7391,1774044649964
binance,gate,FUNUSDT,0.00138000,0.03066,2121.7391,1774044650264
binance,gate,FUNUSDT,0.00138000,0.03066,2121.7391,1774044650564
binance,gate,FUNUSDT,0.00138000,0.03066,2121.7391,1774044650865
binance,gate,FUNUSDT,0.00138000,0.03066,2121.7391,1774044651165
binance,gate,FUNUSDT,0.00138000,0.03066,2121.7391,1774044651465
binance,gate,FUNUSDT,0.00138000,0.03066,2121.7391,1774044651765
binance,gate,FUNUSDT,0.00138000,0.03066,2121.7391,1774044652073
binance,gate,FUNUSDT,0.00138000,0.03066,2121.7391,1774044652377
binance,gate,FUNUSDT,0.00138000,0.03066,2121.7391,1774044652677
binance,gate,FUNUSDT,0.00138000,0.03066,2121.7391,1774044652977
binance,gate,FUNUSDT,0.00138000,0.03066,2121.7391,1774044653278
binance,gate,FUNUSDT,0.00138000,0.03066,2121.7391,1774044653578
binance,gate,FUNUSDT,0.00138000,0.03066,2121.7391,1774044653878
binance,gate,FUNUSDT,0.00138000,0.03066,2121.7391,1774044654179
binance,gate,FUNUSDT,0.00138000,0.03066,2121.7391,1774044654479
binance,gate,FUNUSDT,0.00138000,0.03066,2121.7391,1774044654779
binance,gate,FUNUSDT,0.00138000,0.03066,2121.7391,1774044655079
binance,gate,FUNUSDT,0.00138000,0.03066,2121.7391,1774044655379
binance,gate,FUNUSDT,0.00138000,0.03066,2121.7391,1774044655679
binance,gate,FUNUSDT,0.00138000,0.03066,2121.7391,1774044655979
binance,gate,FUNUSDT,0.00138000,0.03066,2121.7391,1774044656280
binance,gate,FUNUSDT,0.00138000,0.03066,2121.7391,1774044656580
binance,gate,FUNUSDT,0.00138000,0.03066,2121.7391,1774044656881
binance,gate,FUNUSDT,0.00138000,0.03066,2121.7391,1774044657181
binance,gate,FUNUSDT,0.00138000,0.03066,2121.7391,1774044657481
binance,gate,FUNUSDT,0.00138000,0.03066,2121.7391,1774044657781
binance,gate,FUNUSDT,0.00138000,0.03066,2121.7391,1774044658081
binance,gate,FUNUSDT,0.00138000,0.03066,2121.7391,1774044658382
binance,gate,FUNUSDT,0.00138000,0.03066,2121.7391,1774044658682
binance,gate,FUNUSDT,0.00138000,0.03066,2121.7391,1774044658982
binance,gate,FUNUSDT,0.00138000,0.03066,2121.7391,1774044659282
binance,gate,FUNUSDT,0.00138000,0.03066,2121.7391,1774044659592
binance,gate,FUNUSDT,0.00138000,0.03066,2121.7391,1774044659892
binance,gate,FUNUSDT,0.00138000,0.03066,2121.7391,1774044660193
binance,gate,FUNUSDT,0.00138000,0.03066,2121.7391,1774044660493
binance,gate,FUNUSDT,0.00138000,0.03066,2121.7391,1774044660804
binance,gate,FUNUSDT,0.00138000,0.03066,2121.7391,1774044661116
binance,gate,FUNUSDT,0.00138000,0.03066,2121.7391,1774044661420
binance,gate,FUNUSDT,0.00138000,0.03066,2121.7391,1774044661731
binance,gate,FUNUSDT,0.00138000,0.03066,2121.7391,1774044662038
binance,gate,FUNUSDT,0.00138000,0.03066,2121.7391,1774044662341
binance,gate,FUNUSDT,0.00138000,0.03066,2121.7391,1774044662641
binance,gate,FUNUSDT,0.00138000,0.03066,2121.7391,1774044662942
binance,gate,FUNUSDT,0.00138000,0.03066,2121.7391,1774044663242
binance,gate,FUNUSDT,0.00138000,0.03066,2121.7391,1774044663542
binance,gate,FUNUSDT,0.00138000,0.03066,2121.7391,1774044663842
binance,gate,FUNUSDT,0.00138100,0.03066,2120.1303,1774044664149
binance,gate,FUNUSDT,0.00138100,0.03066,2120.1303,1774044664449
binance,gate,FUNUSDT,0.00138100,0.03066,2120.1303,1774044664750
binance,gate,FUNUSDT,0.00138100,0.03066,2120.1303,1774044665050
binance,gate,FUNUSDT,0.00138100,0.03066,2120.1303,1774044665351
binance,gate,FUNUSDT,0.00138100,0.03066,2120.1303,1774044665651
binance,gate,FUNUSDT,0.00138100,0.03066,2120.1303,1774044665951
binance,gate,FUNUSDT,0.00138100,0.03066,2120.1303,1774044666251
binance,gate,FUNUSDT,0.00138100,0.03066,2120.1303,1774044666561
binance,gate,FUNUSDT,0.00138100,0.03066,2120.1303,1774044666872
binance,gate,FUNUSDT,0.00138100,0.03066,2120.1303,1774044667191
binance,gate,FUNUSDT,0.00138100,0.03066,2120.1303,1774044667497
binance,gate,FUNUSDT,0.00138100,0.03066,2120.1303,1774044667803
binance,gate,FUNUSDT,0.00138100,0.03066,2120.1303,1774044668111
binance,gate,FUNUSDT,0.00138100,0.03066,2120.1303,1774044668419
binance,gate,FUNUSDT,0.00138100,0.03066,2120.1303,1774044668725
binance,gate,FUNUSDT,0.00138100,0.03066,2120.1303,1774044669026
binance,gate,FUNUSDT,0.00138100,0.03066,2120.1303,1774044669327
binance,gate,FUNUSDT,0.00138100,0.03066,2120.1303,1774044669627
binance,gate,FUNUSDT,0.00138100,0.03066,2120.1303,1774044669928
binance,gate,FUNUSDT,0.00138100,0.03066,2120.1303,1774044670229
binance,gate,FUNUSDT,0.00138100,0.03066,2120.1303,1774044670529
binance,gate,FUNUSDT,0.00138100,0.03066,2120.1303,1774044670831
binance,gate,FUNUSDT,0.00138100,0.03066,2120.1303,1774044671132
binance,gate,FUNUSDT,0.00138100,0.03066,2120.1303,1774044671435
binance,gate,FUNUSDT,0.00138100,0.03066,2120.1303,1774044671735
binance,gate,FUNUSDT,0.00138100,0.03066,2120.1303,1774044672039
binance,gate,FUNUSDT,0.00138100,0.03066,2120.1303,1774044672340
binance,gate,FUNUSDT,0.00138100,0.03066,2120.1303,1774044672640
binance,gate,FUNUSDT,0.00138100,0.03066,2120.1303,1774044672940
binance,gate,FUNUSDT,0.00138100,0.03066,2120.1303,1774044673240
binance,gate,FUNUSDT,0.00138100,0.03066,2120.1303,1774044673540
binance,gate,FUNUSDT,0.00138100,0.03066,2120.1303,1774044673840
binance,gate,FUNUSDT,0.00138100,0.03066,2120.1303,1774044674140
binance,gate,FUNUSDT,0.00138100,0.03066,2120.1303,1774044674440
binance,gate,FUNUSDT,0.00138100,0.03066,2120.1303,1774044674740
binance,gate,FUNUSDT,0.00138100,0.03066,2120.1303,1774044675040
binance,gate,FUNUSDT,0.00138100,0.03066,2120.1303,1774044675352
binance,gate,FUNUSDT,0.00138100,0.03066,2120.1303,1774044675655
binance,gate,FUNUSDT,0.00138100,0.03066,2120.1303,1774044675955
binance,gate,FUNUSDT,0.00138100,0.03066,2120.1303,1774044676256
binance,gate,FUNUSDT,0.00138100,0.03066,2120.1303,1774044676556
binance,gate,FUNUSDT,0.00138100,0.03066,2120.1303,1774044676856
binance,gate,FUNUSDT,0.00138100,0.03066,2120.1303,1774044677156
binance,gate,FUNUSDT,0.00138100,0.03066,2120.1303,1774044677457
binance,gate,FUNUSDT,0.00138100,0.03066,2120.1303,1774044677757
binance,gate,FUNUSDT,0.00138100,0.03066,2120.1303,1774044678057
binance,gate,FUNUSDT,0.00138100,0.03066,2120.1303,1774044678357
binance,gate,FUNUSDT,0.00138100,0.03066,2120.1303,1774044678658
binance,gate,FUNUSDT,0.00138100,0.03066,2120.1303,1774044678958
binance,gate,FUNUSDT,0.00138100,0.03066,2120.1303,1774044679258
binance,gate,FUNUSDT,0.00138100,0.03066,2120.1303,1774044679559
binance,gate,FUNUSDT,0.00138100,0.03066,2120.1303,1774044679870
binance,gate,FUNUSDT,0.00138100,0.03066,2120.1303,1774044680186
binance,gate,FUNUSDT,0.00138100,0.03066,2120.1303,1774044680488
binance,gate,FUNUSDT,0.00138100,0.03066,2120.1303,1774044680788
binance,gate,FUNUSDT,0.00138100,0.03066,2120.1303,1774044681088
binance,gate,FUNUSDT,0.00138100,0.03066,2120.1303,1774044681388
binance,gate,FUNUSDT,0.00138100,0.03066,2120.1303,1774044681688
binance,gate,FUNUSDT,0.00138100,0.03066,2120.1303,1774044681989
binance,gate,FUNUSDT,0.00138100,0.03066,2120.1303,1774044682289
binance,gate,FUNUSDT,0.00138100,0.03066,2120.1303,1774044682590
binance,gate,FUNUSDT,0.00138100,0.03066,2120.1303,1774044682890
binance,gate,FUNUSDT,0.00138100,0.03066,2120.1303,1774044683191
binance,gate,FUNUSDT,0.00138100,0.03066,2120.1303,1774044683492
binance,gate,FUNUSDT,0.00138100,0.03066,2120.1303,1774044683792
binance,gate,FUNUSDT,0.00138100,0.03066,2120.1303,1774044684092
binance,gate,FUNUSDT,0.00138100,0.03066,2120.1303,1774044684392
binance,gate,FUNUSDT,0.00138100,0.03066,2120.1303,1774044684692
binance,gate,FUNUSDT,0.00138100,0.03066,2120.1303,1774044684993
binance,gate,FUNUSDT,0.00138100,0.03066,2120.1303,1774044685314
binance,gate,FUNUSDT,0.00138100,0.03066,2120.1303,1774044685631
binance,gate,FUNUSDT,0.00138100,0.03066,2120.1303,1774044685940
binance,gate,FUNUSDT,0.00138100,0.03066,2120.1303,1774044686240
binance,gate,FUNUSDT,0.00138100,0.03066,2120.1303,1774044686540
binance,gate,FUNUSDT,0.00138100,0.03066,2120.1303,1774044686840
binance,gate,FUNUSDT,0.00138100,0.03066,2120.1303,1774044687140
binance,gate,FUNUSDT,0.00138100,0.03066,2120.1303,1774044687441
binance,gate,FUNUSDT,0.00138100,0.03066,2120.1303,1774044687741
binance,gate,FUNUSDT,0.00138100,0.03066,2120.1303,1774044688041
binance,gate,FUNUSDT,0.00138100,0.03066,2120.1303,1774044688341
binance,gate,FUNUSDT,0.00138100,0.03066,2120.1303,1774044688642
binance,gate,FUNUSDT,0.00138100,0.03066,2120.1303,1774044688945
binance,gate,FUNUSDT,0.00138100,0.03066,2120.1303,1774044689245
binance,gate,FUNUSDT,0.00138100,0.03066,2120.1303,1774044689545
binance,gate,FUNUSDT,0.00138100,0.03066,2120.1303,1774044689846
binance,gate,FUNUSDT,0.00138100,0.03066,2120.1303,1774044690146
binance,gate,FUNUSDT,0.00138100,0.03066,2120.1303,1774044690446
binance,gate,FUNUSDT,0.00138100,0.03066,2120.1303,1774044690746
binance,gate,FUNUSDT,0.00138100,0.03066,2120.1303,1774044691047
binance,gate,FUNUSDT,0.00138100,0.03066,2120.1303,1774044691347
binance,gate,FUNUSDT,0.00138100,0.03066,2120.1303,1774044691649
binance,gate,FUNUSDT,0.00138100,0.03066,2120.1303,1774044691949
binance,gate,FUNUSDT,0.00138100,0.03066,2120.1303,1774044692249
binance,gate,FUNUSDT,0.00138100,0.03066,2120.1303,1774044692549
binance,gate,FUNUSDT,0.00138100,0.03066,2120.1303,1774044692849
binance,gate,FUNUSDT,0.00138100,0.03066,2120.1303,1774044693150
binance,gate,FUNUSDT,0.00138100,0.03066,2120.1303,1774044693450
binance,gate,FUNUSDT,0.00138100,0.03066,2120.1303,1774044693750
binance,gate,FUNUSDT,0.00138100,0.03066,2120.1303,1774044694050
binance,gate,FUNUSDT,0.00138100,0.03066,2120.1303,1774044694350
binance,gate,FUNUSDT,0.00138100,0.03066,2120.1303,1774044694651
binance,gate,FUNUSDT,0.00138100,0.03066,2120.1303,1774044694951
binance,gate,FUNUSDT,0.00138100,0.03066,2120.1303,1774044695251
binance,gate,FUNUSDT,0.00138100,0.03066,2120.1303,1774044695551
binance,gate,FUNUSDT,0.00138100,0.03066,2120.1303,1774044695851
binance,gate,FUNUSDT,0.00138100,0.03066,2120.1303,1774044696152
binance,gate,FUNUSDT,0.00138100,0.03066,2120.1303,1774044696452
binance,gate,FUNUSDT,0.00138100,0.03066,2120.1303,1774044696752
binance,gate,FUNUSDT,0.00138100,0.03066,2120.1303,1774044697052
binance,gate,FUNUSDT,0.00138100,0.03066,2120.1303,1774044697352
binance,gate,FUNUSDT,0.00138100,0.03066,2120.1303,1774044697652
binance,gate,FUNUSDT,0.00138100,0.03066,2120.1303,1774044697952
binance,gate,FUNUSDT,0.00138100,0.03066,2120.1303,1774044698253
binance,gate,FUNUSDT,0.00138100,0.03066,2120.1303,1774044698553
binance,gate,FUNUSDT,0.00138100,0.03066,2120.1303,1774044698853
binance,gate,FUNUSDT,0.00138100,0.03066,2120.1303,1774044699153
binance,gate,FUNUSDT,0.00138100,0.03066,2120.1303,1774044699454
binance,gate,FUNUSDT,0.00138100,0.03066,2120.1303,1774044699755
binance,gate,FUNUSDT,0.00138100,0.03066,2120.1303,1774044700055
binance,gate,FUNUSDT,0.00138100,0.03066,2120.1303,1774044700355
binance,gate,FUNUSDT,0.00138100,0.03066,2120.1303,1774044700655
binance,gate,FUNUSDT,0.00138100,0.03066,2120.1303,1774044700955
binance,gate,FUNUSDT,0.00138100,0.03066,2120.1303,1774044701257
binance,gate,FUNUSDT,0.00138100,0.03066,2120.1303,1774044701558
binance,gate,FUNUSDT,0.00138100,0.03066,2120.1303,1774044701858
binance,gate,FUNUSDT,0.00138100,0.03066,2120.1303,1774044702158
binance,gate,FUNUSDT,0.00138100,0.03066,2120.1303,1774044702458
binance,gate,FUNUSDT,0.00138100,0.03066,2120.1303,1774044702759
binance,gate,FUNUSDT,0.00138100,0.03063,2117.958,1774044703059
binance,gate,FUNUSDT,0.00138100,0.03063,2117.958,1774044703359
binance,gate,FUNUSDT,0.00138100,0.03063,2117.958,1774044703659
binance,gate,FUNUSDT,0.00138100,0.03063,2117.958,1774044703959
binance,gate,FUNUSDT,0.00138100,0.03063,2117.958,1774044704259
binance,gate,FUNUSDT,0.00138100,0.03063,2117.958,1774044704559
binance,gate,FUNUSDT,0.00138100,0.03063,2117.958,1774044704859
binance,gate,FUNUSDT,0.00138100,0.03063,2117.958,1774044705159
binance,gate,FUNUSDT,0.00138100,0.03063,2117.958,1774044705460
binance,gate,FUNUSDT,0.00138100,0.03063,2117.958,1774044705774
binance,gate,FUNUSDT,0.00138100,0.03063,2117.958,1774044706088
binance,gate,FUNUSDT,0.00138100,0.03063,2117.958,1774044706403
binance,gate,FUNUSDT,0.00138100,0.03063,2117.958,1774044706713
binance,gate,FUNUSDT,0.00138100,0.03063,2117.958,1774044707026
binance,gate,FUNUSDT,0.00138100,0.03063,2117.958,1774044707336
binance,gate,FUNUSDT,0.00138100,0.03063,2117.958,1774044707652
binance,gate,FUNUSDT,0.00138100,0.03062,2117.2339,1774044707959
binance,gate,FUNUSDT,0.00138100,0.03062,2117.2339,1774044708262
binance,gate,FUNUSDT,0.00138100,0.03062,2117.2339,1774044708576
binance,gate,FUNUSDT,0.00138100,0.03062,2117.2339,1774044708883
binance,gate,FUNUSDT,0.00138100,0.03062,2117.2339,1774044709184
binance,gate,FUNUSDT,0.00138100,0.03062,2117.2339,1774044709484
binance,gate,FUNUSDT,0.00138100,0.03062,2117.2339,1774044709784
binance,gate,FUNUSDT,0.00138100,0.03062,2117.2339,1774044710084
binance,gate,FUNUSDT,0.00138100,0.03062,2117.2339,1774044710384
binance,gate,FUNUSDT,0.00138100,0.03062,2117.2339,1774044710684
binance,gate,FUNUSDT,0.00138100,0.03062,2117.2339,1774044710985
binance,gate,FUNUSDT,0.00138100,0.03062,2117.2339,1774044711285
binance,gate,FUNUSDT,0.00138100,0.03062,2117.2339,1774044711585
binance,gate,FUNUSDT,0.00138100,0.03062,2117.2339,1774044711885
binance,gate,FUNUSDT,0.00138100,0.03062,2117.2339,1774044712185
binance,gate,FUNUSDT,0.00138100,0.03062,2117.2339,1774044712486
binance,gate,FUNUSDT,0.00138100,0.03062,2117.2339,1774044712786
binance,gate,FUNUSDT,0.00138100,0.03062,2117.2339,1774044713086
binance,gate,FUNUSDT,0.00138100,0.03062,2117.2339,1774044713386
binance,gate,FUNUSDT,0.00138100,0.03062,2117.2339,1774044713686
binance,gate,FUNUSDT,0.00138100,0.03062,2117.2339,1774044713986
binance,gate,FUNUSDT,0.00138100,0.03062,2117.2339,1774044714286
binance,gate,FUNUSDT,0.00138100,0.03062,2117.2339,1774044714587
binance,gate,FUNUSDT,0.00138100,0.03062,2117.2339,1774044714887
binance,gate,FUNUSDT,0.00138100,0.03062,2117.2339,1774044715187
binance,gate,FUNUSDT,0.00138100,0.03062,2117.2339,1774044715487
binance,gate,FUNUSDT,0.00138100,0.03062,2117.2339,1774044715787
binance,gate,FUNUSDT,0.00138100,0.03062,2117.2339,1774044716087
binance,gate,FUNUSDT,0.00138100,0.03062,2117.2339,1774044716387
binance,gate,FUNUSDT,0.00138100,0.03062,2117.2339,1774044716688
binance,gate,FUNUSDT,0.00138100,0.03062,2117.2339,1774044716988
binance,gate,FUNUSDT,0.00138100,0.03062,2117.2339,1774044717288
binance,gate,FUNUSDT,0.00138100,0.03062,2117.2339,1774044717588
binance,gate,FUNUSDT,0.00138100,0.03062,2117.2339,1774044717889
binance,gate,FUNUSDT,0.00138100,0.03062,2117.2339,1774044718189
binance,gate,FUNUSDT,0.00138100,0.03062,2117.2339,1774044718489
binance,gate,FUNUSDT,0.00138100,0.03062,2117.2339,1774044718790
binance,gate,FUNUSDT,0.00138100,0.03062,2117.2339,1774044719090
binance,gate,FUNUSDT,0.00138100,0.03062,2117.2339,1774044719390
binance,gate,FUNUSDT,0.00138100,0.03062,2117.2339,1774044719691
binance,gate,FUNUSDT,0.00138100,0.03062,2117.2339,1774044719992
binance,gate,FUNUSDT,0.00138100,0.03062,2117.2339,1774044720296
binance,gate,FUNUSDT,0.00138100,0.03062,2117.2339,1774044720599
binance,gate,FUNUSDT,0.00138100,0.03062,2117.2339,1774044720908
binance,gate,FUNUSDT,0.00138100,0.03062,2117.2339,1774044721214
binance,gate,FUNUSDT,0.00138100,0.03062,2117.2339,1774044721516
binance,gate,FUNUSDT,0.00138100,0.03062,2117.2339,1774044721823
binance,gate,FUNUSDT,0.00138100,0.03062,2117.2339,1774044722129
binance,gate,FUNUSDT,0.00138100,0.03062,2117.2339,1774044722430
binance,gate,FUNUSDT,0.00138100,0.03062,2117.2339,1774044722730
binance,gate,FUNUSDT,0.00138100,0.03063,2117.958,1774044723031
binance,gate,FUNUSDT,0.00138100,0.03063,2117.958,1774044723332
binance,gate,FUNUSDT,0.00138100,0.03063,2117.958,1774044723632
binance,gate,FUNUSDT,0.00138100,0.03063,2117.958,1774044723933
binance,gate,FUNUSDT,0.00138100,0.03063,2117.958,1774044724233
binance,gate,FUNUSDT,0.00138100,0.03063,2117.958,1774044724542
binance,gate,FUNUSDT,0.00138100,0.03063,2117.958,1774044724843
binance,gate,FUNUSDT,0.00138100,0.03063,2117.958,1774044725143
binance,gate,FUNUSDT,0.00138100,0.03063,2117.958,1774044725444
binance,gate,FUNUSDT,0.00138100,0.03063,2117.958,1774044725744
binance,gate,FUNUSDT,0.00138100,0.03063,2117.958,1774044726044
binance,gate,FUNUSDT,0.00138100,0.03063,2117.958,1774044726344
binance,gate,FUNUSDT,0.00138100,0.03063,2117.958,1774044726645
binance,gate,FUNUSDT,0.00138100,0.03063,2117.958,1774044726945
binance,gate,FUNUSDT,0.00138100,0.03063,2117.958,1774044727245
binance,gate,FUNUSDT,0.00138100,0.03063,2117.958,1774044727545
binance,gate,FUNUSDT,0.00138100,0.03063,2117.958,1774044727846
binance,gate,FUNUSDT,0.00138100,0.03063,2117.958,1774044728146
binance,gate,FUNUSDT,0.00138100,0.03063,2117.958,1774044728446
binance,gate,FUNUSDT,0.00138100,0.03063,2117.958,1774044728748
binance,gate,FUNUSDT,0.00138100,0.03063,2117.958,1774044729049
binance,gate,FUNUSDT,0.00138100,0.03063,2117.958,1774044729350
binance,gate,FUNUSDT,0.00138100,0.03063,2117.958,1774044729650
binance,gate,FUNUSDT,0.00138100,0.03063,2117.958,1774044729950
binance,gate,FUNUSDT,0.00138100,0.03063,2117.958,1774044730251
binance,gate,FUNUSDT,0.00138100,0.03063,2117.958,1774044730551
binance,gate,FUNUSDT,0.00138100,0.03063,2117.958,1774044730857
binance,gate,FUNUSDT,0.00138100,0.03063,2117.958,1774044731159
binance,gate,FUNUSDT,0.00138100,0.03063,2117.958,1774044731460
binance,gate,FUNUSDT,0.00138100,0.03063,2117.958,1774044731760
binance,gate,FUNUSDT,0.00138100,0.03063,2117.958,1774044732061
binance,gate,FUNUSDT,0.00138100,0.03063,2117.958,1774044732361
binance,gate,FUNUSDT,0.00138100,0.03063,2117.958,1774044732666
binance,gate,FUNUSDT,0.00138100,0.03063,2117.958,1774044732967
binance,gate,FUNUSDT,0.00138100,0.03063,2117.958,1774044733267
binance,gate,FUNUSDT,0.00138100,0.03063,2117.958,1774044733567
binance,gate,FUNUSDT,0.00138100,0.03063,2117.958,1774044733867
binance,gate,FUNUSDT,0.00138100,0.03063,2117.958,1774044734167
binance,gate,FUNUSDT,0.00138100,0.03063,2117.958,1774044734472
binance,gate,FUNUSDT,0.00138100,0.03063,2117.958,1774044734782
binance,gate,FUNUSDT,0.00138100,0.03063,2117.958,1774044735092
binance,gate,FUNUSDT,0.00138100,0.03063,2117.958,1774044735405
binance,gate,FUNUSDT,0.00138100,0.03063,2117.958,1774044735721
binance,gate,FUNUSDT,0.00138100,0.03063,2117.958,1774044736029
binance,gate,FUNUSDT,0.00138100,0.03063,2117.958,1774044736334
binance,gate,FUNUSDT,0.00138100,0.03063,2117.958,1774044736645
binance,gate,FUNUSDT,0.00138100,0.03063,2117.958,1774044736951
binance,gate,FUNUSDT,0.00138100,0.03063,2117.958,1774044737253
binance,gate,FUNUSDT,0.00138100,0.03063,2117.958,1774044737553
binance,gate,FUNUSDT,0.00138100,0.03063,2117.958,1774044737855
binance,gate,FUNUSDT,0.00138100,0.03063,2117.958,1774044738155
binance,gate,FUNUSDT,0.00138100,0.03063,2117.958,1774044738455
binance,gate,FUNUSDT,0.00138100,0.03063,2117.958,1774044738757
binance,gate,FUNUSDT,0.00138100,0.03063,2117.958,1774044739057
binance,gate,FUNUSDT,0.00138100,0.03063,2117.958,1774044739373
binance,gate,FUNUSDT,0.00138200,0.03063,2116.3531,1774044739673
binance,gate,FUNUSDT,0.00138200,0.03063,2116.3531,1774044739973
binance,gate,FUNUSDT,0.00138200,0.03063,2116.3531,1774044740273
binance,gate,FUNUSDT,0.00138200,0.03063,2116.3531,1774044740574
binance,gate,FUNUSDT,0.00138200,0.03063,2116.3531,1774044740885
binance,gate,FUNUSDT,0.00138200,0.03063,2116.3531,1774044741190
binance,gate,FUNUSDT,0.00138200,0.03063,2116.3531,1774044741498
binance,gate,FUNUSDT,0.00138200,0.03063,2116.3531,1774044741803
binance,gate,FUNUSDT,0.00138200,0.03063,2116.3531,1774044742111
binance,gate,FUNUSDT,0.00138200,0.03063,2116.3531,1774044742412
binance,gate,FUNUSDT,0.00138200,0.03063,2116.3531,1774044742714
binance,gate,FUNUSDT,0.00138200,0.03063,2116.3531,1774044743017
binance,gate,FUNUSDT,0.00138200,0.03063,2116.3531,1774044743320
binance,gate,FUNUSDT,0.00138200,0.03063,2116.3531,1774044743624
binance,gate,FUNUSDT,0.00138200,0.03063,2116.3531,1774044743926
binance,gate,FUNUSDT,0.00138200,0.03063,2116.3531,1774044744226
binance,gate,FUNUSDT,0.00138200,0.03063,2116.3531,1774044744526
binance,gate,FUNUSDT,0.00138200,0.03063,2116.3531,1774044744826
binance,gate,FUNUSDT,0.00138200,0.03063,2116.3531,1774044745127
binance,gate,FUNUSDT,0.00138200,0.03063,2116.3531,1774044745428
binance,gate,FUNUSDT,0.00138200,0.03063,2116.3531,1774044745728
binance,gate,FUNUSDT,0.00138200,0.03063,2116.3531,1774044746028
binance,gate,FUNUSDT,0.00138200,0.03063,2116.3531,1774044746333
binance,gate,FUNUSDT,0.00138200,0.03063,2116.3531,1774044746634
binance,gate,FUNUSDT,0.00138200,0.03063,2116.3531,1774044746941
binance,gate,FUNUSDT,0.00138200,0.03063,2116.3531,1774044747241
binance,gate,FUNUSDT,0.00138200,0.03063,2116.3531,1774044747542
binance,gate,FUNUSDT,0.00138200,0.03063,2116.3531,1774044747843
binance,gate,FUNUSDT,0.00138200,0.03063,2116.3531,1774044748143
binance,gate,FUNUSDT,0.00138200,0.03063,2116.3531,1774044748443
binance,gate,FUNUSDT,0.00138200,0.03063,2116.3531,1774044748744
binance,gate,FUNUSDT,0.00138200,0.03063,2116.3531,1774044749044
binance,gate,FUNUSDT,0.00138200,0.03063,2116.3531,1774044749344
binance,gate,FUNUSDT,0.00138200,0.03063,2116.3531,1774044749644
binance,gate,FUNUSDT,0.00138200,0.03063,2116.3531,1774044749945
binance,gate,FUNUSDT,0.00138200,0.03063,2116.3531,1774044750245
binance,gate,FUNUSDT,0.00138200,0.03063,2116.3531,1774044750545
binance,gate,FUNUSDT,0.00138200,0.03063,2116.3531,1774044750845
binance,gate,FUNUSDT,0.00138200,0.03063,2116.3531,1774044751146
binance,gate,FUNUSDT,0.00138200,0.03063,2116.3531,1774044751457
binance,gate,FUNUSDT,0.00138200,0.03063,2116.3531,1774044751783
binance,gate,FUNUSDT,0.00138200,0.03063,2116.3531,1774044752093
binance,gate,FUNUSDT,0.00138200,0.03063,2116.3531,1774044752409
binance,gate,FUNUSDT,0.00138200,0.03066,2118.5239,1774044752717
binance,gate,FUNUSDT,0.00138200,0.03066,2118.5239,1774044753046
binance,gate,FUNUSDT,0.00138200,0.03068,2119.9711,1774044753355
binance,gate,FUNUSDT,0.00138200,0.03068,2119.9711,1774044753679
binance,gate,FUNUSDT,0.00138200,0.03068,2119.9711,1774044754004
binance,gate,FUNUSDT,0.00138200,0.03068,2119.9711,1774044754316
binance,gate,FUNUSDT,0.00138200,0.03068,2119.9711,1774044754632
binance,gate,FUNUSDT,0.00138200,0.03068,2119.9711,1774044754945
binance,gate,FUNUSDT,0.00138200,0.03068,2119.9711,1774044755256
binance,gate,FUNUSDT,0.00138200,0.03068,2119.9711,1774044755572
binance,gate,FUNUSDT,0.00138200,0.03068,2119.9711,1774044755891
binance,gate,FUNUSDT,0.00138200,0.03068,2119.9711,1774044756203
binance,gate,FUNUSDT,0.00138200,0.03068,2119.9711,1774044756515
binance,gate,FUNUSDT,0.00138200,0.03068,2119.9711,1774044756828
binance,gate,FUNUSDT,0.00138200,0.03068,2119.9711,1774044757140
binance,gate,FUNUSDT,0.00138200,0.03068,2119.9711,1774044757451
binance,gate,FUNUSDT,0.00138200,0.03068,2119.9711,1774044757765
binance,gate,FUNUSDT,0.00138200,0.03068,2119.9711,1774044758076
binance,gate,FUNUSDT,0.00138200,0.03068,2119.9711,1774044758386
binance,gate,FUNUSDT,0.00138200,0.03068,2119.9711,1774044758693
binance,gate,FUNUSDT,0.00138200,0.03068,2119.9711,1774044759000
binance,gate,FUNUSDT,0.00138200,0.03068,2119.9711,1774044759309
binance,gate,FUNUSDT,0.00138200,0.03068,2119.9711,1774044759621
binance,gate,FUNUSDT,0.00138200,0.03068,2119.9711,1774044759938
binance,gate,FUNUSDT,0.00138200,0.03068,2119.9711,1774044760256
binance,gate,FUNUSDT,0.00138200,0.03068,2119.9711,1774044760571
binance,gate,FUNUSDT,0.00138200,0.03068,2119.9711,1774044760876
binance,gate,FUNUSDT,0.00138200,0.03068,2119.9711,1774044761188
binance,gate,FUNUSDT,0.00138200,0.03068,2119.9711,1774044761492
binance,gate,FUNUSDT,0.00138200,0.03068,2119.9711,1774044761798
binance,gate,FUNUSDT,0.00138200,0.03068,2119.9711,1774044762109
binance,gate,FUNUSDT,0.00138200,0.03068,2119.9711,1774044762417
binance,gate,FUNUSDT,0.00138200,0.03068,2119.9711,1774044762752
binance,gate,FUNUSDT,0.00138200,0.03068,2119.9711,1774044763063
binance,gate,FUNUSDT,0.00138200,0.03068,2119.9711,1774044763374
binance,gate,FUNUSDT,0.00138200,0.03068,2119.9711,1774044763676
binance,gate,FUNUSDT,0.00138200,0.03068,2119.9711,1774044763985
binance,gate,FUNUSDT,0.00138200,0.03068,2119.9711,1774044764300
binance,gate,FUNUSDT,0.00138200,0.03068,2119.9711,1774044764617
binance,gate,FUNUSDT,0.00138200,0.03068,2119.9711,1774044764929
binance,gate,FUNUSDT,0.00138200,0.03068,2119.9711,1774044765237
binance,gate,FUNUSDT,0.00138200,0.03068,2119.9711,1774044765552
binance,gate,FUNUSDT,0.00138200,0.03068,2119.9711,1774044765860
binance,gate,FUNUSDT,0.00138200,0.03068,2119.9711,1774044766166
binance,gate,FUNUSDT,0.00138200,0.03068,2119.9711,1774044766473
binance,gate,FUNUSDT,0.00138200,0.03068,2119.9711,1774044766779
binance,gate,FUNUSDT,0.00138200,0.03068,2119.9711,1774044767085
binance,gate,FUNUSDT,0.00138200,0.03068,2119.9711,1774044767388
binance,gate,FUNUSDT,0.00138200,0.03068,2119.9711,1774044767692
binance,gate,FUNUSDT,0.00138200,0.03068,2119.9711,1774044767997
binance,gate,FUNUSDT,0.00138200,0.03068,2119.9711,1774044768304
binance,gate,FUNUSDT,0.00138200,0.03068,2119.9711,1774044768614
binance,gate,FUNUSDT,0.00138200,0.03068,2119.9711,1774044768921
binance,gate,FUNUSDT,0.00138200,0.03068,2119.9711,1774044769232
binance,gate,FUNUSDT,0.00138200,0.03068,2119.9711,1774044769534
binance,gate,FUNUSDT,0.00138200,0.03068,2119.9711,1774044769836
binance,gate,FUNUSDT,0.00138200,0.03068,2119.9711,1774044770144
binance,gate,FUNUSDT,0.00138200,0.03068,2119.9711,1774044770461
binance,gate,FUNUSDT,0.00138200,0.03068,2119.9711,1774044770764
binance,gate,FUNUSDT,0.00138200,0.03068,2119.9711,1774044771064
binance,gate,FUNUSDT,0.00138200,0.03068,2119.9711,1774044771364
binance,gate,FUNUSDT,0.00138200,0.03068,2119.9711,1774044771664
binance,gate,FUNUSDT,0.00138200,0.03068,2119.9711,1774044771964
binance,gate,FUNUSDT,0.00138200,0.03068,2119.9711,1774044772269
binance,gate,FUNUSDT,0.00138200,0.03068,2119.9711,1774044772569
binance,gate,FUNUSDT,0.00138200,0.03068,2119.9711,1774044772874
binance,gate,FUNUSDT,0.00138200,0.03068,2119.9711,1774044773187
binance,gate,FUNUSDT,0.00138200,0.03068,2119.9711,1774044773501
binance,gate,FUNUSDT,0.00138200,0.03068,2119.9711,1774044773814
binance,gate,FUNUSDT,0.00138200,0.03068,2119.9711,1774044774128
binance,gate,FUNUSDT,0.00138200,0.03068,2119.9711,1774044774438
binance,gate,FUNUSDT,0.00138200,0.03068,2119.9711,1774044774747
binance,gate,FUNUSDT,0.00138200,0.03068,2119.9711,1774044775055
binance,gate,FUNUSDT,0.00138200,0.03068,2119.9711,1774044775356
binance,gate,FUNUSDT,0.00138200,0.03068,2119.9711,1774044775656
binance,gate,FUNUSDT,0.00138200,0.03068,2119.9711,1774044775966
binance,gate,FUNUSDT,0.00138200,0.03068,2119.9711,1774044776266
binance,gate,FUNUSDT,0.00138200,0.03068,2119.9711,1774044776567
binance,gate,FUNUSDT,0.00138200,0.03068,2119.9711,1774044776868
binance,gate,FUNUSDT,0.00138200,0.03068,2119.9711,1774044777176
binance,gate,FUNUSDT,0.00138200,0.03068,2119.9711,1774044777479
binance,gate,FUNUSDT,0.00138200,0.03068,2119.9711,1774044777779
binance,gate,FUNUSDT,0.00138200,0.03068,2119.9711,1774044778081
binance,gate,FUNUSDT,0.00138200,0.03068,2119.9711,1774044778397
binance,gate,FUNUSDT,0.00138200,0.03068,2119.9711,1774044778704
binance,gate,FUNUSDT,0.00138200,0.03068,2119.9711,1774044779012
binance,gate,FUNUSDT,0.00138200,0.03068,2119.9711,1774044779315
binance,gate,FUNUSDT,0.00138200,0.03068,2119.9711,1774044779618
binance,gate,FUNUSDT,0.00138200,0.03068,2119.9711,1774044779923
binance,gate,FUNUSDT,0.00138200,0.03068,2119.9711,1774044780235
binance,gate,FUNUSDT,0.00138200,0.03068,2119.9711,1774044780547
binance,gate,FUNUSDT,0.00138200,0.03068,2119.9711,1774044780854
binance,gate,FUNUSDT,0.00138200,0.03069,2120.6946,1774044781162
binance,gate,FUNUSDT,0.00138200,0.03069,2120.6946,1774044781476
binance,gate,FUNUSDT,0.00138200,0.03069,2120.6946,1774044781788
binance,gate,FUNUSDT,0.00138200,0.03069,2120.6946,1774044782100
binance,gate,FUNUSDT,0.00138200,0.03069,2120.6946,1774044782408
binance,gate,FUNUSDT,0.00138200,0.03069,2120.6946,1774044782724
binance,gate,FUNUSDT,0.00138200,0.03069,2120.6946,1774044783031
binance,gate,FUNUSDT,0.00138200,0.03069,2120.6946,1774044783345
binance,gate,FUNUSDT,0.00138200,0.03069,2120.6946,1774044783651
binance,gate,FUNUSDT,0.00138200,0.03069,2120.6946,1774044783951
binance,gate,FUNUSDT,0.00138200,0.03069,2120.6946,1774044784252
binance,gate,FUNUSDT,0.00138200,0.03069,2120.6946,1774044784556
binance,gate,FUNUSDT,0.00138200,0.03069,2120.6946,1774044784856
binance,gate,FUNUSDT,0.00138200,0.03069,2120.6946,1774044785156
binance,gate,FUNUSDT,0.00138200,0.03069,2120.6946,1774044785456
binance,gate,FUNUSDT,0.00138200,0.03069,2120.6946,1774044785768
binance,gate,FUNUSDT,0.00138200,0.03069,2120.6946,1774044786083
binance,gate,FUNUSDT,0.00138200,0.03069,2120.6946,1774044786393
binance,gate,FUNUSDT,0.00138200,0.03069,2120.6946,1774044786703
binance,gate,FUNUSDT,0.00138200,0.03069,2120.6946,1774044787020
binance,gate,FUNUSDT,0.00138200,0.03069,2120.6946,1774044787328
binance,gate,FUNUSDT,0.00138200,0.03069,2120.6946,1774044787638
binance,gate,FUNUSDT,0.00138200,0.03069,2120.6946,1774044787938
binance,gate,FUNUSDT,0.00138200,0.03069,2120.6946,1774044788238
binance,gate,FUNUSDT,0.00138200,0.03069,2120.6946,1774044788539
binance,gate,FUNUSDT,0.00138200,0.03069,2120.6946,1774044788839
binance,gate,FUNUSDT,0.00138200,0.03069,2120.6946,1774044789139
binance,gate,FUNUSDT,0.00138200,0.03069,2120.6946,1774044789453
binance,gate,FUNUSDT,0.00138200,0.03069,2120.6946,1774044789754
binance,gate,FUNUSDT,0.00138200,0.03069,2120.6946,1774044790056
binance,gate,FUNUSDT,0.00138200,0.03069,2120.6946,1774044790356
binance,gate,FUNUSDT,0.00138200,0.03069,2120.6946,1774044790656
binance,gate,FUNUSDT,0.00138200,0.03069,2120.6946,1774044790956
binance,gate,FUNUSDT,0.00138200,0.03069,2120.6946,1774044791257
binance,gate,FUNUSDT,0.00138200,0.03069,2120.6946,1774044791557
binance,gate,FUNUSDT,0.00138200,0.03069,2120.6946,1774044791857
binance,gate,FUNUSDT,0.00138200,0.03069,2120.6946,1774044792158
binance,gate,FUNUSDT,0.00138200,0.03069,2120.6946,1774044792458
binance,gate,FUNUSDT,0.00138200,0.03069,2120.6946,1774044792758
binance,gate,FUNUSDT,0.00138200,0.03069,2120.6946,1774044793058
binance,gate,FUNUSDT,0.00138200,0.03069,2120.6946,1774044793359
binance,gate,FUNUSDT,0.00138200,0.03069,2120.6946,1774044793659
binance,gate,FUNUSDT,0.00138200,0.03069,2120.6946,1774044793959
binance,gate,FUNUSDT,0.00138200,0.03069,2120.6946,1774044794259
binance,gate,FUNUSDT,0.00138200,0.03069,2120.6946,1774044794559
binance,gate,FUNUSDT,0.00138200,0.03069,2120.6946,1774044794859
binance,gate,FUNUSDT,0.00138200,0.03069,2120.6946,1774044795163
binance,gate,FUNUSDT,0.00138200,0.03069,2120.6946,1774044795463
binance,gate,FUNUSDT,0.00138200,0.03072,2122.8654,1774044795763
binance,gate,FUNUSDT,0.00138200,0.03072,2122.8654,1774044796063
binance,gate,FUNUSDT,0.00138200,0.03072,2122.8654,1774044796363
binance,gate,FUNUSDT,0.00138200,0.03072,2122.8654,1774044796663
binance,gate,FUNUSDT,0.00138200,0.03072,2122.8654,1774044796963
binance,gate,FUNUSDT,0.00138200,0.03072,2122.8654,1774044797263
binance,gate,FUNUSDT,0.00138200,0.03072,2122.8654,1774044797565
binance,gate,FUNUSDT,0.00138200,0.03072,2122.8654,1774044797865
binance,gate,FUNUSDT,0.00138200,0.03072,2122.8654,1774044798184
binance,gate,FUNUSDT,0.00138200,0.03072,2122.8654,1774044798496
binance,gate,FUNUSDT,0.00138200,0.03072,2122.8654,1774044798810
binance,gate,FUNUSDT,0.00138200,0.03072,2122.8654,1774044799127
binance,gate,FUNUSDT,0.00138200,0.03072,2122.8654,1774044799437
binance,gate,FUNUSDT,0.00138200,0.03072,2122.8654,1774044799745
binance,gate,FUNUSDT,0.00138200,0.03072,2122.8654,1774044800046
binance,gate,FUNUSDT,0.00138200,0.03072,2122.8654,1774044800346
binance,gate,FUNUSDT,0.00138200,0.03072,2122.8654,1774044800646
binance,gate,FUNUSDT,0.00138200,0.03072,2122.8654,1774044800946
binance,gate,FUNUSDT,0.00138200,0.03072,2122.8654,1774044801246
binance,gate,FUNUSDT,0.00138200,0.03072,2122.8654,1774044801547
binance,gate,FUNUSDT,0.00138200,0.03072,2122.8654,1774044801847
binance,gate,FUNUSDT,0.00138200,0.03072,2122.8654,1774044802149
binance,gate,FUNUSDT,0.00138200,0.03072,2122.8654,1774044802449
binance,gate,FUNUSDT,0.00138200,0.03072,2122.8654,1774044802750
binance,gate,FUNUSDT,0.00138200,0.03072,2122.8654,1774044803062
binance,gate,FUNUSDT,0.00138200,0.03072,2122.8654,1774044803374
binance,gate,FUNUSDT,0.00138200,0.03072,2122.8654,1774044803694
binance,gate,FUNUSDT,0.00138200,0.03072,2122.8654,1774044803999
binance,gate,FUNUSDT,0.00138200,0.03072,2122.8654,1774044804307
binance,gate,FUNUSDT,0.00138200,0.03072,2122.8654,1774044804620
binance,gate,FUNUSDT,0.00138200,0.03072,2122.8654,1774044804925
binance,gate,FUNUSDT,0.00138200,0.03072,2122.8654,1774044805233
binance,gate,FUNUSDT,0.00138200,0.03072,2122.8654,1774044805533
binance,gate,FUNUSDT,0.00138200,0.03072,2122.8654,1774044805833
binance,gate,FUNUSDT,0.00138200,0.03072,2122.8654,1774044806144
binance,gate,FUNUSDT,0.00138200,0.03072,2122.8654,1774044806457
binance,gate,FUNUSDT,0.00138200,0.03072,2122.8654,1774044806771
binance,gate,FUNUSDT,0.00138200,0.03072,2122.8654,1774044807081
binance,gate,FUNUSDT,0.00138200,0.03072,2122.8654,1774044807391
binance,gate,FUNUSDT,0.00138200,0.03072,2122.8654,1774044807702
binance,gate,FUNUSDT,0.00138200,0.03072,2122.8654,1774044808017
binance,gate,FUNUSDT,0.00138200,0.03072,2122.8654,1774044808334
binance,gate,FUNUSDT,0.00138200,0.03072,2122.8654,1774044808644
binance,gate,FUNUSDT,0.00138200,0.03072,2122.8654,1774044808952
binance,gate,FUNUSDT,0.00138200,0.03072,2122.8654,1774044809266
binance,gate,FUNUSDT,0.00138200,0.03072,2122.8654,1774044809578
binance,gate,FUNUSDT,0.00138200,0.03072,2122.8654,1774044809892
binance,gate,FUNUSDT,0.00138200,0.03072,2122.8654,1774044810201
binance,gate,FUNUSDT,0.00138200,0.03072,2122.8654,1774044810516
binance,gate,FUNUSDT,0.00138200,0.03072,2122.8654,1774044810827
binance,gate,FUNUSDT,0.00138200,0.03072,2122.8654,1774044811138
binance,gate,FUNUSDT,0.00138200,0.03072,2122.8654,1774044811447
binance,gate,FUNUSDT,0.00138200,0.03072,2122.8654,1774044811756
binance,gate,FUNUSDT,0.00138200,0.03072,2122.8654,1774044812067
binance,gate,FUNUSDT,0.00138200,0.03072,2122.8654,1774044812378
binance,gate,FUNUSDT,0.00138200,0.03072,2122.8654,1774044812704
binance,gate,FUNUSDT,0.00138200,0.03072,2122.8654,1774044813020
binance,gate,FUNUSDT,0.00138200,0.03072,2122.8654,1774044813333
binance,gate,FUNUSDT,0.00138200,0.03072,2122.8654,1774044813651
binance,gate,FUNUSDT,0.00138200,0.03072,2122.8654,1774044813962
binance,gate,FUNUSDT,0.00138200,0.03072,2122.8654,1774044814274
binance,gate,FUNUSDT,0.00138200,0.03072,2122.8654,1774044814591
binance,gate,FUNUSDT,0.00138200,0.03072,2122.8654,1774044814908
binance,gate,FUNUSDT,0.00138200,0.03072,2122.8654,1774044815221
binance,gate,FUNUSDT,0.00138200,0.03072,2122.8654,1774044815536
binance,gate,FUNUSDT,0.00138200,0.03072,2122.8654,1774044815854
binance,gate,FUNUSDT,0.00138200,0.03072,2122.8654,1774044816174
binance,gate,FUNUSDT,0.00138200,0.03072,2122.8654,1774044816487
binance,gate,FUNUSDT,0.00138200,0.03072,2122.8654,1774044816796
binance,gate,FUNUSDT,0.00138200,0.03072,2122.8654,1774044817109
binance,gate,FUNUSDT,0.00138200,0.03072,2122.8654,1774044817418
binance,gate,FUNUSDT,0.00138200,0.03072,2122.8654,1774044817732
binance,gate,FUNUSDT,0.00138200,0.03072,2122.8654,1774044818044
binance,gate,FUNUSDT,0.00138200,0.03072,2122.8654,1774044818356
binance,gate,FUNUSDT,0.00138200,0.03072,2122.8654,1774044818665
binance,gate,FUNUSDT,0.00138100,0.03072,2124.475,1774044818975
binance,gate,FUNUSDT,0.00138100,0.03072,2124.475,1774044819295
binance,gate,FUNUSDT,0.00138100,0.03072,2124.475,1774044819606
binance,gate,FUNUSDT,0.00138100,0.03072,2124.475,1774044819929
binance,gate,FUNUSDT,0.00138100,0.03072,2124.475,1774044820245
binance,gate,FUNUSDT,0.00138100,0.03072,2124.475,1774044820554
binance,gate,FUNUSDT,0.00138100,0.03072,2124.475,1774044820864
binance,gate,FUNUSDT,0.00138100,0.03072,2124.475,1774044821169
binance,gate,FUNUSDT,0.00138100,0.03072,2124.475,1774044821477
binance,gate,FUNUSDT,0.00138100,0.03072,2124.475,1774044821781
binance,gate,FUNUSDT,0.00138100,0.03072,2124.475,1774044822088
binance,gate,FUNUSDT,0.00138100,0.03072,2124.475,1774044822396
binance,gate,FUNUSDT,0.00138100,0.03072,2124.475,1774044822707
binance,gate,FUNUSDT,0.00138100,0.03072,2124.475,1774044823022
binance,gate,FUNUSDT,0.00138100,0.03072,2124.475,1774044823329
binance,gate,FUNUSDT,0.00138100,0.03072,2124.475,1774044823643
binance,gate,FUNUSDT,0.00138100,0.03072,2124.475,1774044823949
binance,gate,FUNUSDT,0.00138100,0.03072,2124.475,1774044824257
binance,gate,FUNUSDT,0.00138100,0.03072,2124.475,1774044824561
binance,gate,FUNUSDT,0.00138100,0.03072,2124.475,1774044824868
binance,gate,FUNUSDT,0.00138100,0.03072,2124.475,1774044825172
binance,gate,FUNUSDT,0.00138100,0.03072,2124.475,1774044825502
binance,gate,FUNUSDT,0.00138100,0.03072,2124.475,1774044825812
binance,gate,FUNUSDT,0.00138100,0.03072,2124.475,1774044826122
binance,gate,FUNUSDT,0.00138100,0.03072,2124.475,1774044826434
binance,gate,FUNUSDT,0.00138100,0.03072,2124.475,1774044826743
binance,gate,FUNUSDT,0.00138100,0.03072,2124.475,1774044827051
binance,gate,FUNUSDT,0.00138100,0.03072,2124.475,1774044827362
binance,gate,FUNUSDT,0.00138100,0.03072,2124.475,1774044827674
binance,gate,FUNUSDT,0.00138100,0.03072,2124.475,1774044827980
binance,gate,FUNUSDT,0.00138100,0.03072,2124.475,1774044828292
binance,gate,FUNUSDT,0.00138100,0.03072,2124.475,1774044828605
binance,gate,FUNUSDT,0.00138100,0.03072,2124.475,1774044828921
binance,gate,FUNUSDT,0.00138100,0.03072,2124.475,1774044829233
binance,gate,FUNUSDT,0.00138100,0.03072,2124.475,1774044829543
binance,gate,FUNUSDT,0.00138100,0.03072,2124.475,1774044829859
binance,gate,FUNUSDT,0.00138100,0.03072,2124.475,1774044830165
binance,gate,FUNUSDT,0.00138100,0.03072,2124.475,1774044830472
binance,gate,FUNUSDT,0.00138100,0.03072,2124.475,1774044830775
binance,gate,FUNUSDT,0.00138100,0.03072,2124.475,1774044831081
binance,gate,FUNUSDT,0.00138100,0.03072,2124.475,1774044831386
binance,gate,FUNUSDT,0.00138100,0.03072,2124.475,1774044831688
binance,gate,FUNUSDT,0.00138100,0.03072,2124.475,1774044831995
binance,gate,FUNUSDT,0.00138100,0.03072,2124.475,1774044832300
binance,gate,FUNUSDT,0.00138100,0.03072,2124.475,1774044832619
binance,gate,FUNUSDT,0.00138100,0.03072,2124.475,1774044832929
binance,gate,FUNUSDT,0.00138100,0.03072,2124.475,1774044833239
binance,gate,FUNUSDT,0.00138100,0.03072,2124.475,1774044833545
binance,gate,FUNUSDT,0.00138100,0.03072,2124.475,1774044833850
binance,gate,FUNUSDT,0.00138100,0.03072,2124.475,1774044834157
binance,gate,FUNUSDT,0.00138100,0.03072,2124.475,1774044834463
binance,gate,FUNUSDT,0.00138100,0.03072,2124.475,1774044834782
binance,gate,FUNUSDT,0.00138100,0.03072,2124.475,1774044835090
binance,gate,FUNUSDT,0.00138100,0.03072,2124.475,1774044835403
binance,gate,FUNUSDT,0.00138100,0.03072,2124.475,1774044835720
binance,gate,FUNUSDT,0.00138100,0.03072,2124.475,1774044836032
binance,gate,FUNUSDT,0.00138100,0.03072,2124.475,1774044836339
binance,gate,FUNUSDT,0.00138100,0.03072,2124.475,1774044836640
binance,gate,FUNUSDT,0.00138100,0.03072,2124.475,1774044836940
binance,gate,FUNUSDT,0.00138100,0.03072,2124.475,1774044837240
binance,gate,FUNUSDT,0.00138100,0.03072,2124.475,1774044837540
binance,gate,FUNUSDT,0.00138100,0.03072,2124.475,1774044837843
binance,gate,FUNUSDT,0.00138100,0.03072,2124.475,1774044838143
binance,gate,FUNUSDT,0.00138100,0.03072,2124.475,1774044838444
binance,gate,FUNUSDT,0.00138100,0.03072,2124.475,1774044838744
binance,gate,FUNUSDT,0.00138100,0.03072,2124.475,1774044839052
binance,gate,FUNUSDT,0.00138100,0.03072,2124.475,1774044839352
binance,gate,FUNUSDT,0.00138100,0.03072,2124.475,1774044839655
binance,gate,FUNUSDT,0.00138100,0.03072,2124.475,1774044839955
binance,gate,FUNUSDT,0.00138100,0.03072,2124.475,1774044840267
binance,gate,FUNUSDT,0.00138100,0.03072,2124.475,1774044840574
binance,gate,FUNUSDT,0.00138100,0.03072,2124.475,1774044840886
binance,gate,FUNUSDT,0.00138100,0.03072,2124.475,1774044841191
binance,gate,FUNUSDT,0.00138100,0.03072,2124.475,1774044841498
binance,gate,FUNUSDT,0.00138100,0.03072,2124.475,1774044841803
binance,gate,FUNUSDT,0.00138100,0.03072,2124.475,1774044842108
binance,gate,FUNUSDT,0.00138100,0.03072,2124.475,1774044842414
binance,gate,FUNUSDT,0.00138100,0.03072,2124.475,1774044842718
binance,gate,FUNUSDT,0.00138100,0.03072,2124.475,1774044843025
binance,gate,FUNUSDT,0.00138100,0.03072,2124.475,1774044843328
binance,gate,FUNUSDT,0.00138100,0.03072,2124.475,1774044843633
binance,gate,FUNUSDT,0.00138100,0.03072,2124.475,1774044843936
binance,gate,FUNUSDT,0.00138100,0.03072,2124.475,1774044844238
binance,gate,FUNUSDT,0.00138100,0.03072,2124.475,1774044844554
binance,gate,FUNUSDT,0.00138100,0.03072,2124.475,1774044844857
binance,gate,FUNUSDT,0.00138100,0.03072,2124.475,1774044845157
binance,gate,FUNUSDT,0.00138100,0.03072,2124.475,1774044845467
binance,gate,FUNUSDT,0.00138100,0.03072,2124.475,1774044845768
binance,gate,FUNUSDT,0.00138100,0.03072,2124.475,1774044846068
binance,gate,FUNUSDT,0.00138100,0.03072,2124.475,1774044846368
binance,gate,FUNUSDT,0.00138100,0.03072,2124.475,1774044846668
binance,gate,FUNUSDT,0.00138100,0.03072,2124.475,1774044846968
binance,gate,FUNUSDT,0.00138100,0.03072,2124.475,1774044847268
binance,gate,FUNUSDT,0.00138100,0.03072,2124.475,1774044847570
binance,gate,FUNUSDT,0.00138100,0.03072,2124.475,1774044847871
binance,gate,FUNUSDT,0.00138100,0.03072,2124.475,1774044848171
binance,gate,FUNUSDT,0.00138100,0.03072,2124.475,1774044848482
binance,gate,FUNUSDT,0.00138100,0.03072,2124.475,1774044848792
binance,gate,FUNUSDT,0.00138100,0.03072,2124.475,1774044849093
binance,gate,FUNUSDT,0.00138100,0.03072,2124.475,1774044849393
binance,gate,FUNUSDT,0.00138100,0.03072,2124.475,1774044849693
binance,gate,FUNUSDT,0.00138100,0.03072,2124.475,1774044849995
binance,gate,FUNUSDT,0.00138100,0.03072,2124.475,1774044850304
binance,gate,FUNUSDT,0.00138100,0.03072,2124.475,1774044850609
binance,gate,FUNUSDT,0.00138100,0.03072,2124.475,1774044850909
binance,gate,FUNUSDT,0.00138100,0.03072,2124.475,1774044851213
binance,gate,FUNUSDT,0.00138100,0.03072,2124.475,1774044851517
binance,gate,FUNUSDT,0.00138100,0.03072,2124.475,1774044851819
binance,gate,FUNUSDT,0.00138100,0.03072,2124.475,1774044852121
binance,gate,FUNUSDT,0.00138100,0.03072,2124.475,1774044852428
binance,gate,FUNUSDT,0.00138100,0.03072,2124.475,1774044852728
binance,gate,FUNUSDT,0.00138100,0.03072,2124.475,1774044853032
binance,gate,FUNUSDT,0.00138100,0.03072,2124.475,1774044853332
binance,gate,FUNUSDT,0.00138100,0.03072,2124.475,1774044853632
binance,gate,FUNUSDT,0.00138100,0.03072,2124.475,1774044853932
binance,gate,FUNUSDT,0.00138100,0.03072,2124.475,1774044854233
binance,gate,FUNUSDT,0.00138100,0.03072,2124.475,1774044854534
binance,gate,FUNUSDT,0.00138100,0.03072,2124.475,1774044854834
binance,gate,FUNUSDT,0.00138100,0.03072,2124.475,1774044855134
binance,gate,FUNUSDT,0.00138100,0.03072,2124.475,1774044855434
binance,gate,FUNUSDT,0.00138100,0.03072,2124.475,1774044855734
binance,gate,FUNUSDT,0.00138100,0.03072,2124.475,1774044856035
binance,gate,FUNUSDT,0.00138100,0.03072,2124.475,1774044856335
binance,gate,FUNUSDT,0.00138100,0.03072,2124.475,1774044856635
binance,gate,FUNUSDT,0.00138100,0.03072,2124.475,1774044856939
binance,gate,FUNUSDT,0.00138100,0.03072,2124.475,1774044857239
binance,gate,FUNUSDT,0.00138100,0.03072,2124.475,1774044857539
binance,gate,FUNUSDT,0.00138100,0.03072,2124.475,1774044857839
binance,gate,FUNUSDT,0.00138100,0.03072,2124.475,1774044858139
binance,gate,FUNUSDT,0.00138100,0.03072,2124.475,1774044858441
binance,gate,FUNUSDT,0.00138100,0.03072,2124.475,1774044858742
binance,gate,FUNUSDT,0.00138100,0.03062,2117.2339,1774044859042
binance,gate,FUNUSDT,0.00138100,0.03062,2117.2339,1774044859342
binance,gate,FUNUSDT,0.00138100,0.03062,2117.2339,1774044859642
binance,gate,FUNUSDT,0.00138100,0.03063,2117.958,1774044859942
binance,gate,FUNUSDT,0.00138100,0.03063,2117.958,1774044860243
binance,gate,FUNUSDT,0.00138100,0.03063,2117.958,1774044860543
binance,gate,FUNUSDT,0.00138100,0.03063,2117.958,1774044860843
binance,gate,FUNUSDT,0.00138100,0.03065,2119.4062,1774044861144
binance,gate,FUNUSDT,0.00138100,0.03065,2119.4062,1774044861444
binance,gate,FUNUSDT,0.00138100,0.03065,2119.4062,1774044861744
binance,gate,FUNUSDT,0.00138100,0.03065,2119.4062,1774044862044
binance,gate,FUNUSDT,0.00138100,0.03065,2119.4062,1774044862344
binance,gate,FUNUSDT,0.00138100,0.03065,2119.4062,1774044862644
binance,gate,FUNUSDT,0.00138100,0.03065,2119.4062,1774044862945
binance,gate,FUNUSDT,0.00138100,0.03065,2119.4062,1774044863245
binance,gate,FUNUSDT,0.00138100,0.03063,2117.958,1774044863545
binance,gate,FUNUSDT,0.00138100,0.03063,2117.958,1774044863845
binance,gate,FUNUSDT,0.00138100,0.03063,2117.958,1774044864145
binance,gate,FUNUSDT,0.00138100,0.03063,2117.958,1774044864445
binance,gate,FUNUSDT,0.00138100,0.03063,2117.958,1774044864746
binance,gate,FUNUSDT,0.00138100,0.03063,2117.958,1774044865046
binance,gate,FUNUSDT,0.00138100,0.03063,2117.958,1774044865346
binance,gate,FUNUSDT,0.00138100,0.03063,2117.958,1774044865646
binance,gate,FUNUSDT,0.00138100,0.03059,2115.0615,1774044865946
binance,gate,FUNUSDT,0.00138100,0.03059,2115.0615,1774044866246
binance,gate,FUNUSDT,0.00138100,0.03059,2115.0615,1774044866547
binance,gate,FUNUSDT,0.00138100,0.0306,2115.7857,1774044866848
binance,gate,FUNUSDT,0.00138100,0.0306,2115.7857,1774044867148
binance,gate,FUNUSDT,0.00138100,0.0306,2115.7857,1774044867448
binance,gate,FUNUSDT,0.00138100,0.0306,2115.7857,1774044867748
binance,gate,FUNUSDT,0.00138100,0.0306,2115.7857,1774044868049
binance,gate,FUNUSDT,0.00138100,0.0306,2115.7857,1774044868349
binance,gate,FUNUSDT,0.00138100,0.0306,2115.7857,1774044868649
binance,gate,FUNUSDT,0.00138100,0.0306,2115.7857,1774044868949
binance,gate,FUNUSDT,0.00138100,0.0306,2115.7857,1774044869257
binance,gate,FUNUSDT,0.00138100,0.0306,2115.7857,1774044869562
binance,gate,FUNUSDT,0.00138100,0.03062,2117.2339,1774044869878
binance,gate,FUNUSDT,0.00138100,0.03062,2117.2339,1774044870189
binance,gate,FUNUSDT,0.00138100,0.03062,2117.2339,1774044870495
binance,gate,FUNUSDT,0.00138100,0.03062,2117.2339,1774044870803
binance,gate,FUNUSDT,0.00138100,0.03062,2117.2339,1774044871115
binance,gate,FUNUSDT,0.00138100,0.03062,2117.2339,1774044871418
binance,gate,FUNUSDT,0.00138100,0.03062,2117.2339,1774044871721
binance,gate,FUNUSDT,0.00138100,0.03062,2117.2339,1774044872025
binance,gate,FUNUSDT,0.00138100,0.03062,2117.2339,1774044872325
binance,gate,FUNUSDT,0.00138100,0.03062,2117.2339,1774044872625
binance,gate,FUNUSDT,0.00138100,0.03062,2117.2339,1774044872927
binance,gate,FUNUSDT,0.00138100,0.03062,2117.2339,1774044873228
binance,gate,FUNUSDT,0.00138100,0.03062,2117.2339,1774044873529
binance,gate,FUNUSDT,0.00138100,0.03062,2117.2339,1774044873830
binance,gate,FUNUSDT,0.00138100,0.03062,2117.2339,1774044874130
binance,gate,FUNUSDT,0.00138100,0.03062,2117.2339,1774044874438
binance,gate,FUNUSDT,0.00138100,0.03062,2117.2339,1774044874738
binance,gate,FUNUSDT,0.00138100,0.03062,2117.2339,1774044875038
binance,gate,FUNUSDT,0.00138100,0.03062,2117.2339,1774044875339
binance,gate,FUNUSDT,0.00138100,0.03062,2117.2339,1774044875639
binance,gate,FUNUSDT,0.00138100,0.03062,2117.2339,1774044875940
binance,gate,FUNUSDT,0.00138100,0.03062,2117.2339,1774044876240
binance,gate,FUNUSDT,0.00138100,0.03062,2117.2339,1774044876540
binance,gate,FUNUSDT,0.00138100,0.03062,2117.2339,1774044876840
binance,gate,FUNUSDT,0.00138100,0.03062,2117.2339,1774044877148
binance,gate,FUNUSDT,0.00138100,0.03062,2117.2339,1774044877449
binance,gate,FUNUSDT,0.00138100,0.03062,2117.2339,1774044877749
binance,gate,FUNUSDT,0.00138100,0.03062,2117.2339,1774044878049
binance,gate,FUNUSDT,0.00138100,0.03062,2117.2339,1774044878350
binance,gate,FUNUSDT,0.00138100,0.03062,2117.2339,1774044878650
binance,gate,FUNUSDT,0.00138100,0.03062,2117.2339,1774044878950
binance,gate,FUNUSDT,0.00138100,0.03062,2117.2339,1774044879251
binance,gate,FUNUSDT,0.00138100,0.03063,2117.958,1774044879551
binance,gate,FUNUSDT,0.00138100,0.03063,2117.958,1774044879852
binance,gate,FUNUSDT,0.00138100,0.03063,2117.958,1774044880152
binance,gate,FUNUSDT,0.00138100,0.03063,2117.958,1774044880452
binance,gate,FUNUSDT,0.00138100,0.03063,2117.958,1774044880752
binance,gate,FUNUSDT,0.00138100,0.03063,2117.958,1774044881053
binance,gate,FUNUSDT,0.00138100,0.03063,2117.958,1774044881353
binance,gate,FUNUSDT,0.00138100,0.03063,2117.958,1774044881653
binance,gate,FUNUSDT,0.00138100,0.03063,2117.958,1774044881953
binance,gate,FUNUSDT,0.00138100,0.03063,2117.958,1774044882255
binance,gate,FUNUSDT,0.00138100,0.03063,2117.958,1774044882567
binance,gate,FUNUSDT,0.00138100,0.03063,2117.958,1774044882867
binance,gate,FUNUSDT,0.00138100,0.03063,2117.958,1774044883167
binance,gate,FUNUSDT,0.00138100,0.03063,2117.958,1774044883467
binance,gate,FUNUSDT,0.00138100,0.03063,2117.958,1774044883768
binance,gate,FUNUSDT,0.00138100,0.03063,2117.958,1774044884068
binance,gate,FUNUSDT,0.00138100,0.03063,2117.958,1774044884368
binance,gate,FUNUSDT,0.00138100,0.03063,2117.958,1774044884668
binance,gate,FUNUSDT,0.00138100,0.03063,2117.958,1774044884969
binance,gate,FUNUSDT,0.00138100,0.03063,2117.958,1774044885269
binance,gate,FUNUSDT,0.00138100,0.03065,2119.4062,1774044885569
binance,gate,FUNUSDT,0.00138100,0.03065,2119.4062,1774044885869
binance,gate,FUNUSDT,0.00138100,0.03065,2119.4062,1774044886169
binance,gate,FUNUSDT,0.00138100,0.03065,2119.4062,1774044886489
binance,gate,FUNUSDT,0.00138100,0.03065,2119.4062,1774044886802
binance,gate,FUNUSDT,0.00138100,0.03065,2119.4062,1774044887116
binance,gate,FUNUSDT,0.00138100,0.03065,2119.4062,1774044887424
binance,gate,FUNUSDT,0.00138100,0.03066,2120.1303,1774044887734
binance,gate,FUNUSDT,0.00138100,0.03066,2120.1303,1774044888042
binance,gate,FUNUSDT,0.00138100,0.03066,2120.1303,1774044888349
binance,gate,FUNUSDT,0.00138100,0.03066,2120.1303,1774044888663
binance,gate,FUNUSDT,0.00138100,0.03066,2120.1303,1774044888969
binance,gate,FUNUSDT,0.00138100,0.03066,2120.1303,1774044889276
binance,gate,FUNUSDT,0.00138100,0.03066,2120.1303,1774044889581
binance,gate,FUNUSDT,0.00138100,0.03066,2120.1303,1774044889886
binance,gate,FUNUSDT,0.00138100,0.03066,2120.1303,1774044890186
binance,gate,FUNUSDT,0.00138100,0.03066,2120.1303,1774044890486
binance,gate,FUNUSDT,0.00138100,0.03066,2120.1303,1774044890787
binance,gate,FUNUSDT,0.00138100,0.03066,2120.1303,1774044891087
binance,gate,FUNUSDT,0.00138100,0.03066,2120.1303,1774044891387
binance,gate,FUNUSDT,0.00138100,0.03066,2120.1303,1774044891687
binance,gate,FUNUSDT,0.00138100,0.03066,2120.1303,1774044891988
binance,gate,FUNUSDT,0.00138100,0.03066,2120.1303,1774044892289
binance,gate,FUNUSDT,0.00138100,0.03066,2120.1303,1774044892590
binance,gate,FUNUSDT,0.00138100,0.03066,2120.1303,1774044892890
binance,gate,FUNUSDT,0.00138100,0.03066,2120.1303,1774044893190
binance,gate,FUNUSDT,0.00138100,0.03066,2120.1303,1774044893490
binance,gate,FUNUSDT,0.00138100,0.03066,2120.1303,1774044893791
binance,gate,FUNUSDT,0.00138100,0.03066,2120.1303,1774044894106
binance,gate,FUNUSDT,0.00138100,0.03066,2120.1303,1774044894419
binance,gate,FUNUSDT,0.00138100,0.03066,2120.1303,1774044894722
binance,gate,FUNUSDT,0.00138100,0.03066,2120.1303,1774044895026
binance,gate,FUNUSDT,0.00138100,0.03066,2120.1303,1774044895333
binance,gate,FUNUSDT,0.00138100,0.03066,2120.1303,1774044895633
binance,gate,FUNUSDT,0.00138100,0.03066,2120.1303,1774044895933
binance,gate,FUNUSDT,0.00138100,0.03066,2120.1303,1774044896234
binance,gate,FUNUSDT,0.00138100,0.03066,2120.1303,1774044896535
binance,gate,FUNUSDT,0.00138100,0.03066,2120.1303,1774044896835
binance,gate,FUNUSDT,0.00138100,0.03066,2120.1303,1774044897136
binance,gate,FUNUSDT,0.00138100,0.03066,2120.1303,1774044897450
binance,gate,FUNUSDT,0.00138100,0.03066,2120.1303,1774044897760
binance,gate,FUNUSDT,0.00138100,0.03066,2120.1303,1774044898076
binance,gate,FUNUSDT,0.00138100,0.03066,2120.1303,1774044898389
binance,gate,FUNUSDT,0.00138100,0.03066,2120.1303,1774044898697
binance,gate,FUNUSDT,0.00138100,0.03066,2120.1303,1774044899025
binance,gate,FUNUSDT,0.00138100,0.03066,2120.1303,1774044899334
binance,gate,FUNUSDT,0.00138100,0.03066,2120.1303,1774044899642
binance,gate,FUNUSDT,0.00138100,0.03066,2120.1303,1774044899951
binance,gate,FUNUSDT,0.00138100,0.03066,2120.1303,1774044900262
binance,gate,FUNUSDT,0.00138100,0.03066,2120.1303,1774044900575
binance,gate,FUNUSDT,0.00138100,0.03066,2120.1303,1774044900880
binance,gate,FUNUSDT,0.00138100,0.03066,2120.1303,1774044901198
binance,gate,FUNUSDT,0.00138100,0.03066,2120.1303,1774044901508
binance,gate,FUNUSDT,0.00138100,0.03066,2120.1303,1774044901824
binance,gate,FUNUSDT,0.00138100,0.03066,2120.1303,1774044902132
binance,gate,FUNUSDT,0.00138100,0.03066,2120.1303,1774044902445
binance,gate,FUNUSDT,0.00138100,0.03066,2120.1303,1774044902751
binance,gate,FUNUSDT,0.00138100,0.03066,2120.1303,1774044903063
binance,gate,FUNUSDT,0.00138100,0.03066,2120.1303,1774044903373
binance,gate,FUNUSDT,0.00138100,0.03066,2120.1303,1774044903676
binance,gate,FUNUSDT,0.00138100,0.03066,2120.1303,1774044903982
binance,gate,FUNUSDT,0.00138100,0.03066,2120.1303,1774044904286
binance,gate,FUNUSDT,0.00138100,0.03066,2120.1303,1774044904586
binance,gate,FUNUSDT,0.00138100,0.03066,2120.1303,1774044904886
binance,gate,FUNUSDT,0.00138100,0.03066,2120.1303,1774044905186
binance,gate,FUNUSDT,0.00138100,0.03066,2120.1303,1774044905486
binance,gate,FUNUSDT,0.00138100,0.03066,2120.1303,1774044905786
binance,gate,FUNUSDT,0.00138100,0.03066,2120.1303,1774044906087
binance,gate,FUNUSDT,0.00138100,0.03066,2120.1303,1774044906388
binance,gate,FUNUSDT,0.00138100,0.03066,2120.1303,1774044906688
binance,gate,FUNUSDT,0.00138100,0.03066,2120.1303,1774044906988
binance,gate,FUNUSDT,0.00138100,0.03066,2120.1303,1774044907288
binance,gate,FUNUSDT,0.00138100,0.03066,2120.1303,1774044907589
binance,gate,FUNUSDT,0.00138100,0.03066,2120.1303,1774044907904
binance,gate,FUNUSDT,0.00138100,0.03065,2119.4062,1774044908213
binance,gate,FUNUSDT,0.00138100,0.03065,2119.4062,1774044908525
binance,gate,FUNUSDT,0.00138100,0.03065,2119.4062,1774044908833
binance,gate,FUNUSDT,0.00138100,0.03065,2119.4062,1774044909144
binance,gate,FUNUSDT,0.00138100,0.03065,2119.4062,1774044909453
binance,gate,FUNUSDT,0.00138100,0.03065,2119.4062,1774044909759
binance,gate,FUNUSDT,0.00138100,0.03065,2119.4062,1774044910060
binance,gate,FUNUSDT,0.00138100,0.03065,2119.4062,1774044910362
binance,gate,FUNUSDT,0.00138100,0.03065,2119.4062,1774044910663
binance,gate,FUNUSDT,0.00138100,0.03065,2119.4062,1774044910963
binance,gate,FUNUSDT,0.00138100,0.03065,2119.4062,1774044911263
binance,gate,FUNUSDT,0.00138100,0.03065,2119.4062,1774044911563
binance,gate,FUNUSDT,0.00138100,0.03065,2119.4062,1774044911863
binance,gate,FUNUSDT,0.00138100,0.03065,2119.4062,1774044912164
binance,gate,FUNUSDT,0.00138100,0.03065,2119.4062,1774044912464
binance,gate,FUNUSDT,0.00138100,0.03065,2119.4062,1774044912764
binance,gate,FUNUSDT,0.00138100,0.03065,2119.4062,1774044913065
binance,gate,FUNUSDT,0.00138100,0.03065,2119.4062,1774044913365
binance,gate,FUNUSDT,0.00138100,0.03065,2119.4062,1774044913672
binance,gate,FUNUSDT,0.00138100,0.03065,2119.4062,1774044913973
binance,gate,FUNUSDT,0.00138100,0.03065,2119.4062,1774044914273
binance,gate,FUNUSDT,0.00138100,0.03065,2119.4062,1774044914573
binance,gate,FUNUSDT,0.00138100,0.03065,2119.4062,1774044914874
binance,gate,FUNUSDT,0.00138100,0.03065,2119.4062,1774044915174
binance,gate,FUNUSDT,0.00138100,0.03065,2119.4062,1774044915474
binance,gate,FUNUSDT,0.00138100,0.03065,2119.4062,1774044915775
binance,gate,FUNUSDT,0.00138100,0.03065,2119.4062,1774044916075
binance,gate,FUNUSDT,0.00138100,0.03065,2119.4062,1774044916376
binance,gate,FUNUSDT,0.00138100,0.03065,2119.4062,1774044916676
binance,gate,FUNUSDT,0.00138100,0.03065,2119.4062,1774044916976
binance,gate,FUNUSDT,0.00138100,0.03065,2119.4062,1774044917276
binance,gate,FUNUSDT,0.00138100,0.03065,2119.4062,1774044917577
binance,gate,FUNUSDT,0.00138100,0.03065,2119.4062,1774044917877
binance,gate,FUNUSDT,0.00138100,0.03065,2119.4062,1774044918178
binance,gate,FUNUSDT,0.00138100,0.03065,2119.4062,1774044918478
binance,gate,FUNUSDT,0.00138100,0.03065,2119.4062,1774044918793
binance,gate,FUNUSDT,0.00138100,0.03065,2119.4062,1774044919111
binance,gate,FUNUSDT,0.00138100,0.03065,2119.4062,1774044919421
binance,gate,FUNUSDT,0.00138100,0.03065,2119.4062,1774044919736
binance,gate,FUNUSDT,0.00138100,0.03065,2119.4062,1774044920049
binance,gate,FUNUSDT,0.00138100,0.03065,2119.4062,1774044920362
binance,gate,FUNUSDT,0.00138100,0.03065,2119.4062,1774044920673
binance,gate,FUNUSDT,0.00138100,0.03065,2119.4062,1774044920979
binance,gate,FUNUSDT,0.00138100,0.03065,2119.4062,1774044921284
binance,gate,FUNUSDT,0.00138100,0.03065,2119.4062,1774044921591
binance,gate,FUNUSDT,0.00138100,0.03065,2119.4062,1774044921898
binance,gate,FUNUSDT,0.00138100,0.03065,2119.4062,1774044922202
binance,gate,FUNUSDT,0.00138100,0.03065,2119.4062,1774044922509
binance,gate,FUNUSDT,0.00138100,0.03065,2119.4062,1774044922814
binance,gate,FUNUSDT,0.00138100,0.03065,2119.4062,1774044923124
binance,gate,FUNUSDT,0.00138100,0.03065,2119.4062,1774044923427
binance,gate,FUNUSDT,0.00138100,0.03065,2119.4062,1774044923729
binance,gate,FUNUSDT,0.00138100,0.03065,2119.4062,1774044924030
binance,gate,FUNUSDT,0.00138100,0.03065,2119.4062,1774044924339
binance,gate,FUNUSDT,0.00138100,0.03065,2119.4062,1774044924640
binance,gate,FUNUSDT,0.00138100,0.03065,2119.4062,1774044924940
binance,gate,FUNUSDT,0.00138100,0.03065,2119.4062,1774044925240
binance,gate,FUNUSDT,0.00138100,0.03065,2119.4062,1774044925540
binance,gate,FUNUSDT,0.00138100,0.03065,2119.4062,1774044925840
binance,gate,FUNUSDT,0.00138100,0.03065,2119.4062,1774044926140
binance,gate,FUNUSDT,0.00138100,0.03065,2119.4062,1774044926441
binance,gate,FUNUSDT,0.00138100,0.03065,2119.4062,1774044926741
binance,gate,FUNUSDT,0.00138100,0.03065,2119.4062,1774044927042
binance,gate,FUNUSDT,0.00138100,0.03065,2119.4062,1774044927343
binance,gate,FUNUSDT,0.00138100,0.03065,2119.4062,1774044927643
binance,gate,FUNUSDT,0.00138100,0.03065,2119.4062,1774044927944
binance,gate,FUNUSDT,0.00138100,0.03065,2119.4062,1774044928244
binance,gate,FUNUSDT,0.00138100,0.03065,2119.4062,1774044928544
binance,gate,FUNUSDT,0.00138100,0.03065,2119.4062,1774044928845
binance,gate,FUNUSDT,0.00138100,0.03065,2119.4062,1774044929146
binance,gate,FUNUSDT,0.00138100,0.03065,2119.4062,1774044929446
binance,gate,FUNUSDT,0.00138100,0.03065,2119.4062,1774044929746
binance,gate,FUNUSDT,0.00138100,0.03065,2119.4062,1774044930047
binance,gate,FUNUSDT,0.00138100,0.03065,2119.4062,1774044930347
binance,gate,FUNUSDT,0.00138100,0.03065,2119.4062,1774044930648
binance,gate,FUNUSDT,0.00138100,0.03065,2119.4062,1774044930948
binance,gate,FUNUSDT,0.00138100,0.03065,2119.4062,1774044931250
binance,gate,FUNUSDT,0.00138100,0.03065,2119.4062,1774044931550
binance,gate,FUNUSDT,0.00138100,0.03065,2119.4062,1774044931850
binance,gate,FUNUSDT,0.00138100,0.03065,2119.4062,1774044932151
binance,gate,FUNUSDT,0.00138100,0.03065,2119.4062,1774044932454
binance,gate,FUNUSDT,0.00138100,0.03065,2119.4062,1774044932754
binance,gate,FUNUSDT,0.00138100,0.03065,2119.4062,1774044933056
binance,gate,FUNUSDT,0.00138100,0.03065,2119.4062,1774044933356
binance,gate,FUNUSDT,0.00138100,0.03065,2119.4062,1774044933665
binance,gate,FUNUSDT,0.00138100,0.03065,2119.4062,1774044933965
binance,gate,FUNUSDT,0.00138100,0.03065,2119.4062,1774044934265
binance,gate,FUNUSDT,0.00138100,0.03065,2119.4062,1774044934565
binance,gate,FUNUSDT,0.00138100,0.03065,2119.4062,1774044934865
binance,gate,FUNUSDT,0.00138100,0.03065,2119.4062,1774044935166
binance,gate,FUNUSDT,0.00138100,0.03065,2119.4062,1774044935466
binance,gate,FUNUSDT,0.00138100,0.03065,2119.4062,1774044935766
binance,gate,FUNUSDT,0.00138100,0.03065,2119.4062,1774044936066
binance,gate,FUNUSDT,0.00138100,0.03065,2119.4062,1774044936375
binance,gate,FUNUSDT,0.00138100,0.03065,2119.4062,1774044936675
binance,gate,FUNUSDT,0.00138100,0.03065,2119.4062,1774044936975
binance,gate,FUNUSDT,0.00138100,0.03065,2119.4062,1774044937275
binance,gate,FUNUSDT,0.00138100,0.03065,2119.4062,1774044937576
binance,gate,FUNUSDT,0.00138100,0.03065,2119.4062,1774044937876
binance,gate,FUNUSDT,0.00138100,0.03065,2119.4062,1774044938181
binance,gate,FUNUSDT,0.00138100,0.03065,2119.4062,1774044938481
binance,gate,FUNUSDT,0.00138100,0.03065,2119.4062,1774044938781
binance,gate,FUNUSDT,0.00138100,0.03065,2119.4062,1774044939082
binance,gate,FUNUSDT,0.00138100,0.03065,2119.4062,1774044939382
binance,gate,FUNUSDT,0.00138100,0.03065,2119.4062,1774044939682
binance,gate,FUNUSDT,0.00138100,0.03065,2119.4062,1774044939982
binance,gate,FUNUSDT,0.00138100,0.03065,2119.4062,1774044940283
binance,gate,FUNUSDT,0.00138100,0.03065,2119.4062,1774044940583
binance,gate,FUNUSDT,0.00138100,0.03065,2119.4062,1774044940883
binance,gate,FUNUSDT,0.00138100,0.03065,2119.4062,1774044941183
binance,gate,FUNUSDT,0.00138100,0.03065,2119.4062,1774044941486
binance,gate,FUNUSDT,0.00138100,0.03065,2119.4062,1774044941786
binance,gate,FUNUSDT,0.00138100,0.03065,2119.4062,1774044942086
binance,gate,FUNUSDT,0.00138100,0.03065,2119.4062,1774044942386
binance,gate,FUNUSDT,0.00138100,0.03065,2119.4062,1774044942686
binance,gate,FUNUSDT,0.00138100,0.03065,2119.4062,1774044942986
binance,gate,FUNUSDT,0.00138100,0.03065,2119.4062,1774044943286
binance,gate,FUNUSDT,0.00138100,0.03065,2119.4062,1774044943587
binance,gate,FUNUSDT,0.00138100,0.03065,2119.4062,1774044943887
binance,gate,FUNUSDT,0.00138100,0.03065,2119.4062,1774044944187
binance,gate,FUNUSDT,0.00138100,0.03065,2119.4062,1774044944487
binance,gate,FUNUSDT,0.00138100,0.03065,2119.4062,1774044944788
binance,gate,FUNUSDT,0.00138100,0.03065,2119.4062,1774044945088
binance,gate,FUNUSDT,0.00138100,0.03065,2119.4062,1774044945388
binance,gate,FUNUSDT,0.00138100,0.03065,2119.4062,1774044945690
binance,gate,FUNUSDT,0.00138100,0.03065,2119.4062,1774044945990
binance,gate,FUNUSDT,0.00138100,0.03065,2119.4062,1774044946291
binance,gate,FUNUSDT,0.00138100,0.03065,2119.4062,1774044946592
binance,gate,FUNUSDT,0.00138100,0.03065,2119.4062,1774044946893
binance,gate,FUNUSDT,0.00138100,0.03065,2119.4062,1774044947193
binance,gate,FUNUSDT,0.00138100,0.03065,2119.4062,1774044947493
binance,gate,FUNUSDT,0.00138100,0.03065,2119.4062,1774044947793
binance,gate,FUNUSDT,0.00138100,0.03065,2119.4062,1774044948094
binance,gate,FUNUSDT,0.00138100,0.03065,2119.4062,1774044948395
binance,gate,FUNUSDT,0.00138100,0.03065,2119.4062,1774044948700
binance,gate,FUNUSDT,0.00138100,0.03065,2119.4062,1774044949003
binance,gate,FUNUSDT,0.00138100,0.03065,2119.4062,1774044949308
binance,gate,FUNUSDT,0.00138100,0.03065,2119.4062,1774044949608
binance,gate,FUNUSDT,0.00138100,0.03065,2119.4062,1774044949908
binance,gate,FUNUSDT,0.00138100,0.03065,2119.4062,1774044950211
binance,gate,FUNUSDT,0.00138100,0.03065,2119.4062,1774044950517
binance,gate,FUNUSDT,0.00138100,0.03065,2119.4062,1774044950819
binance,gate,FUNUSDT,0.00138100,0.03065,2119.4062,1774044951123
binance,gate,FUNUSDT,0.00138100,0.03065,2119.4062,1774044951425
binance,gate,FUNUSDT,0.00138100,0.03065,2119.4062,1774044951726
binance,gate,FUNUSDT,0.00138100,0.03065,2119.4062,1774044952026
binance,gate,FUNUSDT,0.00138100,0.03065,2119.4062,1774044952328
binance,gate,FUNUSDT,0.00138100,0.03065,2119.4062,1774044952628
binance,gate,FUNUSDT,0.00138100,0.03065,2119.4062,1774044952929
binance,gate,FUNUSDT,0.00138100,0.03065,2119.4062,1774044953238
binance,gate,FUNUSDT,0.00138100,0.03065,2119.4062,1774044953538
binance,gate,FUNUSDT,0.00138100,0.03065,2119.4062,1774044953838
binance,gate,FUNUSDT,0.00138100,0.03065,2119.4062,1774044954138
binance,gate,FUNUSDT,0.00138100,0.03065,2119.4062,1774044954440
binance,gate,FUNUSDT,0.00138100,0.03065,2119.4062,1774044954740
binance,gate,FUNUSDT,0.00138100,0.03065,2119.4062,1774044955041
binance,gate,FUNUSDT,0.00138100,0.03065,2119.4062,1774044955342
binance,gate,FUNUSDT,0.00138100,0.03065,2119.4062,1774044955642
binance,gate,FUNUSDT,0.00138100,0.03065,2119.4062,1774044955942
binance,gate,FUNUSDT,0.00138100,0.03065,2119.4062,1774044956242
binance,gate,FUNUSDT,0.00138100,0.03065,2119.4062,1774044956542
binance,gate,FUNUSDT,0.00138100,0.03065,2119.4062,1774044956843
binance,gate,FUNUSDT,0.00138100,0.03065,2119.4062,1774044957143
binance,gate,FUNUSDT,0.00138100,0.03065,2119.4062,1774044957443
binance,gate,FUNUSDT,0.00138100,0.03065,2119.4062,1774044957743
binance,gate,FUNUSDT,0.00138100,0.03065,2119.4062,1774044958043
binance,gate,FUNUSDT,0.00138100,0.03065,2119.4062,1774044958344
binance,gate,FUNUSDT,0.00138100,0.03065,2119.4062,1774044958645
binance,gate,FUNUSDT,0.00138100,0.03065,2119.4062,1774044958945
binance,gate,FUNUSDT,0.00138100,0.03065,2119.4062,1774044959245
binance,gate,FUNUSDT,0.00138100,0.03065,2119.4062,1774044959546
binance,gate,FUNUSDT,0.00138100,0.03065,2119.4062,1774044959846
binance,gate,FUNUSDT,0.00138100,0.03065,2119.4062,1774044960146
binance,gate,FUNUSDT,0.00138100,0.03065,2119.4062,1774044960454
binance,gate,FUNUSDT,0.00138100,0.03065,2119.4062,1774044960764
binance,gate,FUNUSDT,0.00138100,0.03065,2119.4062,1774044961069
binance,gate,FUNUSDT,0.00138100,0.03065,2119.4062,1774044961371
binance,gate,FUNUSDT,0.00138100,0.03065,2119.4062,1774044961672
binance,gate,FUNUSDT,0.00138100,0.03065,2119.4062,1774044961973
binance,gate,FUNUSDT,0.00138100,0.03065,2119.4062,1774044962273
binance,gate,FUNUSDT,0.00138100,0.03065,2119.4062,1774044962573
binance,gate,FUNUSDT,0.00138100,0.03065,2119.4062,1774044962873
binance,gate,FUNUSDT,0.00138100,0.03065,2119.4062,1774044963177
binance,gate,FUNUSDT,0.00138100,0.03065,2119.4062,1774044963477
binance,gate,FUNUSDT,0.00138100,0.03065,2119.4062,1774044963777
binance,gate,FUNUSDT,0.00138100,0.03065,2119.4062,1774044964077
binance,gate,FUNUSDT,0.00138100,0.03065,2119.4062,1774044964377
binance,gate,FUNUSDT,0.00138100,0.03065,2119.4062,1774044964678
binance,gate,FUNUSDT,0.00138100,0.03065,2119.4062,1774044964978
binance,gate,FUNUSDT,0.00138100,0.03065,2119.4062,1774044965279
binance,gate,FUNUSDT,0.00138100,0.03065,2119.4062,1774044965580
binance,gate,FUNUSDT,0.00138100,0.03065,2119.4062,1774044965880
binance,gate,FUNUSDT,0.00138100,0.03065,2119.4062,1774044966180
binance,gate,FUNUSDT,0.00138100,0.03065,2119.4062,1774044966480
binance,gate,FUNUSDT,0.00138100,0.03065,2119.4062,1774044966780
binance,gate,FUNUSDT,0.00138100,0.03065,2119.4062,1774044967080
binance,gate,FUNUSDT,0.00138100,0.03065,2119.4062,1774044967380
binance,gate,FUNUSDT,0.00138100,0.03065,2119.4062,1774044967681
binance,gate,FUNUSDT,0.00138100,0.03065,2119.4062,1774044967981
binance,gate,FUNUSDT,0.00138100,0.03065,2119.4062,1774044968281
binance,gate,FUNUSDT,0.00138100,0.03065,2119.4062,1774044968581
binance,gate,FUNUSDT,0.00138100,0.03065,2119.4062,1774044968882
binance,gate,FUNUSDT,0.00138100,0.03065,2119.4062,1774044969182
binance,gate,FUNUSDT,0.00138100,0.03065,2119.4062,1774044969493
binance,gate,FUNUSDT,0.00138100,0.03065,2119.4062,1774044969800
binance,gate,FUNUSDT,0.00138100,0.03065,2119.4062,1774044970107
binance,gate,FUNUSDT,0.00138100,0.03065,2119.4062,1774044970413
binance,gate,FUNUSDT,0.00138100,0.03065,2119.4062,1774044970717
binance,gate,FUNUSDT,0.00138100,0.03065,2119.4062,1774044971022
binance,gate,FUNUSDT,0.00138100,0.03065,2119.4062,1774044971324
binance,gate,FUNUSDT,0.00138100,0.03065,2119.4062,1774044971625
binance,gate,FUNUSDT,0.00138100,0.03065,2119.4062,1774044971925
binance,gate,FUNUSDT,0.00138100,0.03065,2119.4062,1774044972227
binance,gate,FUNUSDT,0.00138100,0.03065,2119.4062,1774044972528
binance,gate,FUNUSDT,0.00138100,0.03065,2119.4062,1774044972828
binance,gate,FUNUSDT,0.00138100,0.03065,2119.4062,1774044973128
binance,gate,FUNUSDT,0.00138100,0.03065,2119.4062,1774044973428
binance,gate,FUNUSDT,0.00138100,0.03065,2119.4062,1774044973728
binance,gate,FUNUSDT,0.00138100,0.03065,2119.4062,1774044974038
binance,gate,FUNUSDT,0.00138100,0.03065,2119.4062,1774044974339
binance,gate,FUNUSDT,0.00138100,0.03065,2119.4062,1774044974639
binance,gate,FUNUSDT,0.00138100,0.03065,2119.4062,1774044974940
binance,gate,FUNUSDT,0.00138100,0.03065,2119.4062,1774044975240
binance,gate,FUNUSDT,0.00138100,0.03065,2119.4062,1774044975540
binance,gate,FUNUSDT,0.00138100,0.03065,2119.4062,1774044975840
binance,gate,FUNUSDT,0.00138100,0.03065,2119.4062,1774044976141
binance,gate,FUNUSDT,0.00138100,0.03065,2119.4062,1774044976441
binance,gate,FUNUSDT,0.00138100,0.03065,2119.4062,1774044976742
binance,gate,FUNUSDT,0.00138100,0.03065,2119.4062,1774044977042
binance,gate,FUNUSDT,0.00138100,0.03065,2119.4062,1774044977342
binance,gate,FUNUSDT,0.00138100,0.03065,2119.4062,1774044977642
binance,gate,FUNUSDT,0.00138100,0.03065,2119.4062,1774044977943
binance,gate,FUNUSDT,0.00138100,0.03065,2119.4062,1774044978243
binance,gate,FUNUSDT,0.00138100,0.03065,2119.4062,1774044978544
binance,gate,FUNUSDT,0.00138100,0.03065,2119.4062,1774044978844
binance,gate,FUNUSDT,0.00138100,0.03065,2119.4062,1774044979153
binance,gate,FUNUSDT,0.00138100,0.03065,2119.4062,1774044979465
binance,gate,FUNUSDT,0.00138100,0.03065,2119.4062,1774044979766
binance,gate,FUNUSDT,0.00138100,0.03065,2119.4062,1774044980066
binance,gate,FUNUSDT,0.00138100,0.03065,2119.4062,1774044980366
binance,gate,FUNUSDT,0.00138100,0.03065,2119.4062,1774044980666
binance,gate,FUNUSDT,0.00138100,0.03065,2119.4062,1774044980966
binance,gate,FUNUSDT,0.00138100,0.03065,2119.4062,1774044981266
binance,gate,FUNUSDT,0.00138100,0.03066,2120.1303,1774044981566
binance,gate,FUNUSDT,0.00138100,0.03066,2120.1303,1774044981866
binance,gate,FUNUSDT,0.00138100,0.03066,2120.1303,1774044982167
binance,gate,FUNUSDT,0.00138100,0.03065,2119.4062,1774044982467
binance,gate,FUNUSDT,0.00138100,0.03065,2119.4062,1774044982768
binance,gate,FUNUSDT,0.00138100,0.03065,2119.4062,1774044983069
binance,gate,FUNUSDT,0.00138100,0.03065,2119.4062,1774044983369
binance,gate,FUNUSDT,0.00138100,0.03065,2119.4062,1774044983669
binance,gate,FUNUSDT,0.00138100,0.03065,2119.4062,1774044983970
binance,gate,FUNUSDT,0.00138100,0.03065,2119.4062,1774044984270
binance,gate,FUNUSDT,0.00138100,0.03065,2119.4062,1774044984570
binance,gate,FUNUSDT,0.00138100,0.03065,2119.4062,1774044984870
binance,gate,FUNUSDT,0.00138100,0.03065,2119.4062,1774044985170
binance,gate,FUNUSDT,0.00138100,0.03065,2119.4062,1774044985470
binance,gate,FUNUSDT,0.00138100,0.03065,2119.4062,1774044985770
binance,gate,FUNUSDT,0.00138100,0.03065,2119.4062,1774044986072
binance,gate,FUNUSDT,0.00138100,0.03065,2119.4062,1774044986373
binance,gate,FUNUSDT,0.00138100,0.03065,2119.4062,1774044986674
binance,gate,FUNUSDT,0.00138100,0.03065,2119.4062,1774044986974
binance,gate,FUNUSDT,0.00138100,0.03065,2119.4062,1774044987274
binance,gate,FUNUSDT,0.00138100,0.03065,2119.4062,1774044987575
binance,gate,FUNUSDT,0.00138100,0.03065,2119.4062,1774044987875
binance,gate,FUNUSDT,0.00138100,0.03065,2119.4062,1774044988175
binance,gate,FUNUSDT,0.00138100,0.03065,2119.4062,1774044988475
binance,gate,FUNUSDT,0.00138100,0.03065,2119.4062,1774044988775
binance,gate,FUNUSDT,0.00138100,0.03065,2119.4062,1774044989076
binance,gate,FUNUSDT,0.00138100,0.03065,2119.4062,1774044989376
binance,gate,FUNUSDT,0.00138100,0.03065,2119.4062,1774044989676
binance,gate,FUNUSDT,0.00138100,0.03065,2119.4062,1774044989976
binance,gate,FUNUSDT,0.00138100,0.03065,2119.4062,1774044990277
binance,gate,FUNUSDT,0.00138100,0.03065,2119.4062,1774044990577
binance,gate,FUNUSDT,0.00138100,0.03065,2119.4062,1774044990877
binance,gate,FUNUSDT,0.00138100,0.03065,2119.4062,1774044991177
binance,gate,FUNUSDT,0.00138100,0.03065,2119.4062,1774044991477
binance,gate,FUNUSDT,0.00138100,0.03065,2119.4062,1774044991777
binance,gate,FUNUSDT,0.00138100,0.03065,2119.4062,1774044992078
binance,gate,FUNUSDT,0.00138100,0.03065,2119.4062,1774044992378
binance,gate,FUNUSDT,0.00138100,0.03065,2119.4062,1774044992678
binance,gate,FUNUSDT,0.00138100,0.03065,2119.4062,1774044992980
binance,gate,FUNUSDT,0.00138100,0.03065,2119.4062,1774044993280
binance,gate,FUNUSDT,0.00138100,0.03065,2119.4062,1774044993580
binance,gate,FUNUSDT,0.00138100,0.03065,2119.4062,1774044993880
binance,gate,FUNUSDT,0.00138100,0.03065,2119.4062,1774044994180
binance,gate,FUNUSDT,0.00138100,0.03065,2119.4062,1774044994481
binance,gate,FUNUSDT,0.00138100,0.03065,2119.4062,1774044994781
binance,gate,FUNUSDT,0.00138100,0.03065,2119.4062,1774044995081
binance,gate,FUNUSDT,0.00138100,0.03065,2119.4062,1774044995381
binance,gate,FUNUSDT,0.00138100,0.03065,2119.4062,1774044995691
binance,gate,FUNUSDT,0.00138100,0.03065,2119.4062,1774044995992
binance,gate,FUNUSDT,0.00138100,0.03065,2119.4062,1774044996293
binance,gate,FUNUSDT,0.00138100,0.03065,2119.4062,1774044996606
binance,gate,FUNUSDT,0.00138100,0.03065,2119.4062,1774044996912
binance,gate,FUNUSDT,0.00138100,0.03065,2119.4062,1774044997225
binance,gate,FUNUSDT,0.00138100,0.03065,2119.4062,1774044997532
binance,gate,FUNUSDT,0.00138100,0.03065,2119.4062,1774044997843
binance,gate,FUNUSDT,0.00138100,0.03065,2119.4062,1774044998145
binance,gate,FUNUSDT,0.00138100,0.03065,2119.4062,1774044998445
binance,gate,FUNUSDT,0.00138100,0.03065,2119.4062,1774044998745
binance,gate,FUNUSDT,0.00138100,0.03065,2119.4062,1774044999046
binance,gate,FUNUSDT,0.00138100,0.03065,2119.4062,1774044999346
binance,gate,FUNUSDT,0.00138100,0.03065,2119.4062,1774044999647
binance,gate,FUNUSDT,0.00138100,0.03065,2119.4062,1774044999947
binance,gate,FUNUSDT,0.00138100,0.03065,2119.4062,1774045000252
binance,gate,FUNUSDT,0.00138100,0.03065,2119.4062,1774045000553
binance,gate,FUNUSDT,0.00138100,0.03065,2119.4062,1774045000853
binance,gate,FUNUSDT,0.00138100,0.03065,2119.4062,1774045001154
binance,gate,FUNUSDT,0.00138100,0.03065,2119.4062,1774045001454
binance,gate,FUNUSDT,0.00138100,0.03065,2119.4062,1774045001754
binance,gate,FUNUSDT,0.00138100,0.03065,2119.4062,1774045002055
binance,gate,FUNUSDT,0.00138100,0.03065,2119.4062,1774045002365
binance,gate,FUNUSDT,0.00138100,0.03065,2119.4062,1774045002666
binance,gate,FUNUSDT,0.00138100,0.03065,2119.4062,1774045002966
binance,gate,FUNUSDT,0.00138100,0.03065,2119.4062,1774045003266
binance,gate,FUNUSDT,0.00138100,0.03065,2119.4062,1774045003567
binance,gate,FUNUSDT,0.00138100,0.03065,2119.4062,1774045003867
binance,gate,FUNUSDT,0.00138100,0.03065,2119.4062,1774045004167
binance,gate,FUNUSDT,0.00138100,0.03065,2119.4062,1774045004467
binance,gate,FUNUSDT,0.00138100,0.03065,2119.4062,1774045004767
binance,gate,FUNUSDT,0.00138100,0.03065,2119.4062,1774045005067
binance,gate,FUNUSDT,0.00138100,0.03065,2119.4062,1774045005367
binance,gate,FUNUSDT,0.00138100,0.03065,2119.4062,1774045005668
binance,gate,FUNUSDT,0.00138100,0.03065,2119.4062,1774045005969
binance,gate,FUNUSDT,0.00138100,0.03065,2119.4062,1774045006269
binance,gate,FUNUSDT,0.00138100,0.03065,2119.4062,1774045006569
binance,gate,FUNUSDT,0.00138100,0.03065,2119.4062,1774045006869
binance,gate,FUNUSDT,0.00138100,0.03065,2119.4062,1774045007169
binance,gate,FUNUSDT,0.00138100,0.03065,2119.4062,1774045007469
binance,gate,FUNUSDT,0.00138100,0.03065,2119.4062,1774045007770
binance,gate,FUNUSDT,0.00138100,0.03065,2119.4062,1774045008070
binance,gate,FUNUSDT,0.00138100,0.03065,2119.4062,1774045008370
binance,gate,FUNUSDT,0.00138100,0.03065,2119.4062,1774045008671
binance,gate,FUNUSDT,0.00138100,0.03068,2121.5786,1774045008972
binance,gate,FUNUSDT,0.00138100,0.03068,2121.5786,1774045009272
binance,gate,FUNUSDT,0.00138100,0.03068,2121.5786,1774045009573
binance,gate,FUNUSDT,0.00138100,0.03068,2121.5786,1774045009873
binance,gate,FUNUSDT,0.00138100,0.03068,2121.5786,1774045010173
binance,gate,FUNUSDT,0.00138100,0.03068,2121.5786,1774045010473
binance,gate,FUNUSDT,0.00138100,0.03068,2121.5786,1774045010774
binance,gate,FUNUSDT,0.00138100,0.03068,2121.5786,1774045011075
binance,gate,FUNUSDT,0.00138100,0.03068,2121.5786,1774045011376
binance,gate,FUNUSDT,0.00138100,0.03068,2121.5786,1774045011676
binance,gate,FUNUSDT,0.00138100,0.03068,2121.5786,1774045011976
binance,gate,FUNUSDT,0.00138100,0.03068,2121.5786,1774045012277
binance,gate,FUNUSDT,0.00138100,0.03068,2121.5786,1774045012577
binance,gate,FUNUSDT,0.00138100,0.03068,2121.5786,1774045012877
binance,gate,FUNUSDT,0.00138100,0.03068,2121.5786,1774045013177
binance,gate,FUNUSDT,0.00138100,0.03068,2121.5786,1774045013478
binance,gate,FUNUSDT,0.00138100,0.03068,2121.5786,1774045013778
binance,gate,FUNUSDT,0.00138100,0.03068,2121.5786,1774045014078
binance,gate,FUNUSDT,0.00138100,0.03068,2121.5786,1774045014378
binance,gate,FUNUSDT,0.00138100,0.03068,2121.5786,1774045014678
binance,gate,FUNUSDT,0.00138100,0.03068,2121.5786,1774045014978
binance,gate,FUNUSDT,0.00138100,0.03068,2121.5786,1774045015279
binance,gate,FUNUSDT,0.00138100,0.03068,2121.5786,1774045015580
binance,gate,FUNUSDT,0.00138100,0.03068,2121.5786,1774045015880
binance,gate,FUNUSDT,0.00138100,0.03068,2121.5786,1774045016180
binance,gate,FUNUSDT,0.00138100,0.03068,2121.5786,1774045016480
binance,gate,FUNUSDT,0.00138100,0.03068,2121.5786,1774045016780
binance,gate,FUNUSDT,0.00138100,0.03068,2121.5786,1774045017080
binance,gate,FUNUSDT,0.00138100,0.03068,2121.5786,1774045017380
binance,gate,FUNUSDT,0.00138100,0.03068,2121.5786,1774045017681
binance,gate,FUNUSDT,0.00138100,0.03068,2121.5786,1774045017981
binance,gate,FUNUSDT,0.00138100,0.03068,2121.5786,1774045018281
binance,gate,FUNUSDT,0.00138100,0.03068,2121.5786,1774045018590
binance,gate,FUNUSDT,0.00138100,0.03068,2121.5786,1774045018904
binance,gate,FUNUSDT,0.00138100,0.03068,2121.5786,1774045019217
binance,gate,FUNUSDT,0.00138100,0.03068,2121.5786,1774045019533
binance,gate,FUNUSDT,0.00138100,0.03068,2121.5786,1774045019845
binance,gate,FUNUSDT,0.00138100,0.03068,2121.5786,1774045020154
binance,gate,FUNUSDT,0.00138100,0.03068,2121.5786,1774045020467
binance,gate,FUNUSDT,0.00138100,0.03068,2121.5786,1774045020777
binance,gate,FUNUSDT,0.00138100,0.03068,2121.5786,1774045021081
binance,gate,FUNUSDT,0.00138100,0.03068,2121.5786,1774045021392
binance,gate,FUNUSDT,0.00138100,0.03068,2121.5786,1774045021703
binance,gate,FUNUSDT,0.00138100,0.03068,2121.5786,1774045022028
binance,gate,FUNUSDT,0.00138100,0.03068,2121.5786,1774045022335
binance,gate,FUNUSDT,0.00138100,0.03068,2121.5786,1774045022646
binance,gate,FUNUSDT,0.00138100,0.03068,2121.5786,1774045022952
binance,gate,FUNUSDT,0.00138100,0.03068,2121.5786,1774045023261
binance,gate,FUNUSDT,0.00138100,0.03068,2121.5786,1774045023574
binance,gate,FUNUSDT,0.00138100,0.03068,2121.5786,1774045023879
binance,gate,FUNUSDT,0.00138100,0.03068,2121.5786,1774045024185
binance,gate,FUNUSDT,0.00138100,0.03068,2121.5786,1774045024512
binance,gate,FUNUSDT,0.00138100,0.03068,2121.5786,1774045024813
binance,gate,FUNUSDT,0.00138100,0.03068,2121.5786,1774045025119
binance,gate,FUNUSDT,0.00138100,0.03068,2121.5786,1774045025425
binance,gate,FUNUSDT,0.00138100,0.03068,2121.5786,1774045025726
binance,gate,FUNUSDT,0.00138100,0.03068,2121.5786,1774045026029
binance,gate,FUNUSDT,0.00138100,0.03068,2121.5786,1774045026331
binance,gate,FUNUSDT,0.00138100,0.03068,2121.5786,1774045026631
binance,gate,FUNUSDT,0.00138100,0.03068,2121.5786,1774045026932
binance,gate,FUNUSDT,0.00138100,0.03068,2121.5786,1774045027232
binance,gate,FUNUSDT,0.00138100,0.03068,2121.5786,1774045027533
binance,gate,FUNUSDT,0.00138100,0.03068,2121.5786,1774045027833
binance,gate,FUNUSDT,0.00138100,0.03068,2121.5786,1774045028133
binance,gate,FUNUSDT,0.00138100,0.03068,2121.5786,1774045028434
binance,gate,FUNUSDT,0.00138100,0.03068,2121.5786,1774045028746
binance,gate,FUNUSDT,0.00138100,0.03068,2121.5786,1774045029047
binance,gate,FUNUSDT,0.00138100,0.03068,2121.5786,1774045029348
binance,gate,FUNUSDT,0.00138100,0.03068,2121.5786,1774045029648
binance,gate,FUNUSDT,0.00138100,0.03068,2121.5786,1774045029948
binance,gate,FUNUSDT,0.00138000,0.03068,2123.1884,1774045030254
binance,gate,FUNUSDT,0.00138000,0.03068,2123.1884,1774045030554
binance,gate,FUNUSDT,0.00138000,0.03068,2123.1884,1774045030854
binance,gate,FUNUSDT,0.00138000,0.03068,2123.1884,1774045031155
binance,gate,FUNUSDT,0.00138000,0.03068,2123.1884,1774045031455
binance,gate,FUNUSDT,0.00138000,0.03068,2123.1884,1774045031755
binance,gate,FUNUSDT,0.00138000,0.03068,2123.1884,1774045032056
binance,gate,FUNUSDT,0.00138000,0.03068,2123.1884,1774045032356
binance,gate,FUNUSDT,0.00138000,0.03068,2123.1884,1774045032657
binance,gate,FUNUSDT,0.00138000,0.03068,2123.1884,1774045032957
binance,gate,FUNUSDT,0.00138000,0.03068,2123.1884,1774045033279
binance,gate,FUNUSDT,0.00138000,0.03068,2123.1884,1774045033591
binance,gate,FUNUSDT,0.00138000,0.03068,2123.1884,1774045033897
binance,gate,FUNUSDT,0.00138000,0.03068,2123.1884,1774045034208
binance,gate,FUNUSDT,0.00138000,0.03068,2123.1884,1774045034520
binance,gate,FUNUSDT,0.00138000,0.03068,2123.1884,1774045034826
binance,gate,FUNUSDT,0.00138000,0.03068,2123.1884,1774045035127
binance,gate,FUNUSDT,0.00138000,0.03068,2123.1884,1774045035432
binance,gate,FUNUSDT,0.00138000,0.03068,2123.1884,1774045035734
binance,gate,FUNUSDT,0.00138000,0.03068,2123.1884,1774045036035
binance,gate,FUNUSDT,0.00138000,0.03068,2123.1884,1774045036336
binance,gate,FUNUSDT,0.00138000,0.03068,2123.1884,1774045036637
binance,gate,FUNUSDT,0.00138000,0.03068,2123.1884,1774045036937
binance,gate,FUNUSDT,0.00138000,0.03068,2123.1884,1774045037237
binance,gate,FUNUSDT,0.00138000,0.03068,2123.1884,1774045037538
binance,gate,FUNUSDT,0.00138000,0.03068,2123.1884,1774045037842
binance,gate,FUNUSDT,0.00138000,0.03068,2123.1884,1774045038142
binance,gate,FUNUSDT,0.00138000,0.03068,2123.1884,1774045038442
binance,gate,FUNUSDT,0.00138000,0.03068,2123.1884,1774045038743
binance,gate,FUNUSDT,0.00138000,0.03068,2123.1884,1774045039043
binance,gate,FUNUSDT,0.00138000,0.03068,2123.1884,1774045039343
binance,gate,FUNUSDT,0.00137900,0.03068,2124.8006,1774045039643
binance,gate,FUNUSDT,0.00137900,0.03068,2124.8006,1774045039943
binance,gate,FUNUSDT,0.00137900,0.03068,2124.8006,1774045040244
binance,gate,FUNUSDT,0.00137900,0.03068,2124.8006,1774045040544
binance,gate,FUNUSDT,0.00137900,0.03068,2124.8006,1774045040844
binance,gate,FUNUSDT,0.00137900,0.03068,2124.8006,1774045041145
binance,gate,FUNUSDT,0.00137900,0.03068,2124.8006,1774045041445
binance,gate,FUNUSDT,0.00137900,0.03068,2124.8006,1774045041745
binance,gate,FUNUSDT,0.00137900,0.03068,2124.8006,1774045042060
binance,gate,FUNUSDT,0.00137900,0.03068,2124.8006,1774045042372
binance,gate,FUNUSDT,0.00137900,0.03068,2124.8006,1774045042679
binance,gate,FUNUSDT,0.00137900,0.03068,2124.8006,1774045042979
binance,gate,FUNUSDT,0.00137900,0.03068,2124.8006,1774045043280
binance,gate,FUNUSDT,0.00137900,0.03068,2124.8006,1774045043580
binance,gate,FUNUSDT,0.00137900,0.03068,2124.8006,1774045043880
binance,gate,FUNUSDT,0.00137900,0.03068,2124.8006,1774045044181
binance,gate,FUNUSDT,0.00137900,0.03068,2124.8006,1774045044481
binance,gate,FUNUSDT,0.00137900,0.03068,2124.8006,1774045044781
binance,gate,FUNUSDT,0.00137900,0.03068,2124.8006,1774045045081
binance,gate,FUNUSDT,0.00137900,0.03068,2124.8006,1774045045382
binance,gate,FUNUSDT,0.00137900,0.03068,2124.8006,1774045045683
binance,gate,FUNUSDT,0.00137900,0.03069,2125.5257,1774045045983
binance,gate,FUNUSDT,0.00137900,0.03069,2125.5257,1774045046283
binance,gate,FUNUSDT,0.00137900,0.03069,2125.5257,1774045046583
binance,gate,FUNUSDT,0.00137900,0.03069,2125.5257,1774045046883
binance,gate,FUNUSDT,0.00137900,0.03069,2125.5257,1774045047183
binance,gate,FUNUSDT,0.00137900,0.03069,2125.5257,1774045047483
binance,gate,FUNUSDT,0.00137900,0.03069,2125.5257,1774045047784
binance,gate,FUNUSDT,0.00137900,0.03069,2125.5257,1774045048084
binance,gate,FUNUSDT,0.00137900,0.03069,2125.5257,1774045048384
binance,gate,FUNUSDT,0.00137900,0.03069,2125.5257,1774045048684
binance,gate,FUNUSDT,0.00137900,0.03069,2125.5257,1774045048985
binance,gate,FUNUSDT,0.00137900,0.03069,2125.5257,1774045049290
binance,gate,FUNUSDT,0.00137900,0.03069,2125.5257,1774045049605
binance,gate,FUNUSDT,0.00137900,0.03069,2125.5257,1774045049913
binance,gate,FUNUSDT,0.00137900,0.03069,2125.5257,1774045050217
binance,gate,FUNUSDT,0.00137900,0.03069,2125.5257,1774045050524
binance,gate,FUNUSDT,0.00137900,0.03069,2125.5257,1774045050830
binance,gate,FUNUSDT,0.00137900,0.03069,2125.5257,1774045051131
binance,gate,FUNUSDT,0.00137900,0.03069,2125.5257,1774045051431
binance,gate,FUNUSDT,0.00137900,0.03069,2125.5257,1774045051731
binance,gate,FUNUSDT,0.00137900,0.03069,2125.5257,1774045052034
binance,gate,FUNUSDT,0.00137900,0.03069,2125.5257,1774045052334
binance,gate,FUNUSDT,0.00137900,0.03069,2125.5257,1774045052634
binance,gate,FUNUSDT,0.00137900,0.03069,2125.5257,1774045052934
binance,gate,FUNUSDT,0.00137900,0.03069,2125.5257,1774045053236
binance,gate,FUNUSDT,0.00137900,0.03069,2125.5257,1774045053537
binance,gate,FUNUSDT,0.00137900,0.03069,2125.5257,1774045053837
binance,gate,FUNUSDT,0.00137900,0.03069,2125.5257,1774045054137
binance,gate,FUNUSDT,0.00137900,0.03069,2125.5257,1774045054437
binance,gate,FUNUSDT,0.00137900,0.03069,2125.5257,1774045054738
binance,gate,FUNUSDT,0.00137900,0.03069,2125.5257,1774045055038
binance,gate,FUNUSDT,0.00137900,0.03069,2125.5257,1774045055339
binance,gate,FUNUSDT,0.00137900,0.03069,2125.5257,1774045055639
binance,gate,FUNUSDT,0.00137900,0.03069,2125.5257,1774045055940
binance,gate,FUNUSDT,0.00137900,0.03069,2125.5257,1774045056241
binance,gate,FUNUSDT,0.00137900,0.03069,2125.5257,1774045056553
binance,gate,FUNUSDT,0.00137900,0.03069,2125.5257,1774045056854
binance,gate,FUNUSDT,0.00137900,0.03069,2125.5257,1774045057155
binance,gate,FUNUSDT,0.00137900,0.03069,2125.5257,1774045057455
binance,gate,FUNUSDT,0.00137900,0.03069,2125.5257,1774045057755
binance,gate,FUNUSDT,0.00137900,0.03069,2125.5257,1774045058055
binance,gate,FUNUSDT,0.00137900,0.03069,2125.5257,1774045058356
binance,gate,FUNUSDT,0.00137900,0.03069,2125.5257,1774045058656
binance,gate,FUNUSDT,0.00137900,0.03069,2125.5257,1774045058956
binance,gate,FUNUSDT,0.00137900,0.03069,2125.5257,1774045059256
binance,gate,FUNUSDT,0.00137900,0.03069,2125.5257,1774045059556
binance,gate,FUNUSDT,0.00137900,0.03069,2125.5257,1774045059856
binance,gate,FUNUSDT,0.00137900,0.03069,2125.5257,1774045060157
binance,gate,FUNUSDT,0.00137900,0.03069,2125.5257,1774045060466
binance,gate,FUNUSDT,0.00137900,0.03069,2125.5257,1774045060766
binance,gate,FUNUSDT,0.00137900,0.03069,2125.5257,1774045061067
binance,gate,FUNUSDT,0.00137900,0.03069,2125.5257,1774045061367
binance,gate,FUNUSDT,0.00137900,0.03069,2125.5257,1774045061667
binance,gate,FUNUSDT,0.00137900,0.03069,2125.5257,1774045061975
binance,gate,FUNUSDT,0.00137900,0.03069,2125.5257,1774045062282
binance,gate,FUNUSDT,0.00137900,0.03069,2125.5257,1774045062588
binance,gate,FUNUSDT,0.00137900,0.03069,2125.5257,1774045062888
binance,gate,FUNUSDT,0.00137900,0.03069,2125.5257,1774045063188
binance,gate,FUNUSDT,0.00137900,0.03069,2125.5257,1774045063489
binance,gate,FUNUSDT,0.00137900,0.03069,2125.5257,1774045063789
binance,gate,FUNUSDT,0.00137900,0.03069,2125.5257,1774045064089
binance,gate,FUNUSDT,0.00137900,0.03069,2125.5257,1774045064390
binance,gate,FUNUSDT,0.00137900,0.03069,2125.5257,1774045064690
binance,gate,FUNUSDT,0.00137900,0.03069,2125.5257,1774045064991
binance,gate,FUNUSDT,0.00137900,0.03069,2125.5257,1774045065298
binance,gate,FUNUSDT,0.00137900,0.03069,2125.5257,1774045065601
binance,gate,FUNUSDT,0.00137900,0.03069,2125.5257,1774045065907
binance,gate,FUNUSDT,0.00137900,0.03069,2125.5257,1774045066214
binance,gate,FUNUSDT,0.00137900,0.03069,2125.5257,1774045066519
binance,gate,FUNUSDT,0.00137900,0.03069,2125.5257,1774045066824
binance,gate,FUNUSDT,0.00137900,0.03069,2125.5257,1774045067127
binance,gate,FUNUSDT,0.00137900,0.03069,2125.5257,1774045067428
binance,gate,FUNUSDT,0.00137900,0.03069,2125.5257,1774045067731
binance,gate,FUNUSDT,0.00137900,0.03069,2125.5257,1774045068031
binance,gate,FUNUSDT,0.00137900,0.03069,2125.5257,1774045068333
binance,gate,FUNUSDT,0.00137900,0.03069,2125.5257,1774045068634
binance,gate,FUNUSDT,0.00137900,0.03069,2125.5257,1774045068938
binance,gate,FUNUSDT,0.00137900,0.03069,2125.5257,1774045069238
binance,gate,FUNUSDT,0.00137900,0.03069,2125.5257,1774045069538
binance,gate,FUNUSDT,0.00137900,0.03069,2125.5257,1774045069856
binance,gate,FUNUSDT,0.00137900,0.03069,2125.5257,1774045070160
binance,gate,FUNUSDT,0.00137900,0.03069,2125.5257,1774045070460
binance,gate,FUNUSDT,0.00137900,0.03069,2125.5257,1774045070760
binance,gate,FUNUSDT,0.00137900,0.03069,2125.5257,1774045071060
binance,gate,FUNUSDT,0.00137900,0.03069,2125.5257,1774045071360
binance,gate,FUNUSDT,0.00137900,0.03069,2125.5257,1774045071660
binance,gate,FUNUSDT,0.00137900,0.03069,2125.5257,1774045071961
binance,gate,FUNUSDT,0.00137900,0.03069,2125.5257,1774045072261
binance,gate,FUNUSDT,0.00137900,0.03069,2125.5257,1774045072561
binance,gate,FUNUSDT,0.00137900,0.03069,2125.5257,1774045072861
binance,gate,FUNUSDT,0.00137900,0.03069,2125.5257,1774045073161
binance,gate,FUNUSDT,0.00137900,0.03069,2125.5257,1774045073470
binance,gate,FUNUSDT,0.00137900,0.03069,2125.5257,1774045073773
binance,gate,FUNUSDT,0.00137900,0.03069,2125.5257,1774045074073
binance,gate,FUNUSDT,0.00137900,0.03069,2125.5257,1774045074374
binance,gate,FUNUSDT,0.00137900,0.03069,2125.5257,1774045074675
binance,gate,FUNUSDT,0.00137900,0.03069,2125.5257,1774045074976
binance,gate,FUNUSDT,0.00137900,0.03069,2125.5257,1774045075276
binance,gate,FUNUSDT,0.00137900,0.03069,2125.5257,1774045075576
binance,gate,FUNUSDT,0.00137900,0.03069,2125.5257,1774045075876
binance,gate,FUNUSDT,0.00137900,0.03069,2125.5257,1774045076177
binance,gate,FUNUSDT,0.00137900,0.03069,2125.5257,1774045076477
binance,gate,FUNUSDT,0.00137900,0.03069,2125.5257,1774045076777
binance,gate,FUNUSDT,0.00137900,0.03069,2125.5257,1774045077077
binance,gate,FUNUSDT,0.00137900,0.03069,2125.5257,1774045077378
binance,gate,FUNUSDT,0.00137900,0.03069,2125.5257,1774045077678
binance,gate,FUNUSDT,0.00137900,0.03069,2125.5257,1774045077978
binance,gate,FUNUSDT,0.00137900,0.03069,2125.5257,1774045078278
binance,gate,FUNUSDT,0.00137900,0.03069,2125.5257,1774045078578
binance,gate,FUNUSDT,0.00137900,0.03069,2125.5257,1774045078879
binance,gate,FUNUSDT,0.00138000,0.03069,2123.913,1774045079179
binance,gate,FUNUSDT,0.00138000,0.03069,2123.913,1774045079480
binance,gate,FUNUSDT,0.00138000,0.03069,2123.913,1774045079780
binance,gate,FUNUSDT,0.00138000,0.03069,2123.913,1774045080080
binance,gate,FUNUSDT,0.00138000,0.03069,2123.913,1774045080381
binance,gate,FUNUSDT,0.00138000,0.03069,2123.913,1774045080688
binance,gate,FUNUSDT,0.00138000,0.03069,2123.913,1774045080988
binance,gate,FUNUSDT,0.00138000,0.03069,2123.913,1774045081288
binance,gate,FUNUSDT,0.00138000,0.03069,2123.913,1774045081602
binance,gate,FUNUSDT,0.00138000,0.03069,2123.913,1774045081914
binance,gate,FUNUSDT,0.00138000,0.03069,2123.913,1774045082228
binance,gate,FUNUSDT,0.00138000,0.03069,2123.913,1774045082542
binance,gate,FUNUSDT,0.00138000,0.03069,2123.913,1774045082854
binance,gate,FUNUSDT,0.00138000,0.03069,2123.913,1774045083169
binance,gate,FUNUSDT,0.00138000,0.03069,2123.913,1774045083476
binance,gate,FUNUSDT,0.00138000,0.03069,2123.913,1774045083781
binance,gate,FUNUSDT,0.00138000,0.03069,2123.913,1774045084081
binance,gate,FUNUSDT,0.00138000,0.03069,2123.913,1774045084381
binance,gate,FUNUSDT,0.00138000,0.03069,2123.913,1774045084681
binance,gate,FUNUSDT,0.00138000,0.03069,2123.913,1774045084983
binance,gate,FUNUSDT,0.00138000,0.03069,2123.913,1774045085283
binance,gate,FUNUSDT,0.00138000,0.03069,2123.913,1774045085592
binance,gate,FUNUSDT,0.00138000,0.03069,2123.913,1774045085892
binance,gate,FUNUSDT,0.00138000,0.03069,2123.913,1774045086194
binance,gate,FUNUSDT,0.00138000,0.03069,2123.913,1774045086495
binance,gate,FUNUSDT,0.00138000,0.03069,2123.913,1774045086799
binance,gate,FUNUSDT,0.00138000,0.03069,2123.913,1774045087107
binance,gate,FUNUSDT,0.00138000,0.03069,2123.913,1774045087409
binance,gate,FUNUSDT,0.00138000,0.03069,2123.913,1774045087711
binance,gate,FUNUSDT,0.00138000,0.03069,2123.913,1774045088013
binance,gate,FUNUSDT,0.00138000,0.03069,2123.913,1774045088317
binance,gate,FUNUSDT,0.00138000,0.03069,2123.913,1774045088618
binance,gate,FUNUSDT,0.00138000,0.03069,2123.913,1774045088920
binance,gate,FUNUSDT,0.00138000,0.03069,2123.913,1774045089226
binance,gate,FUNUSDT,0.00138000,0.03069,2123.913,1774045089526
binance,gate,FUNUSDT,0.00138000,0.03069,2123.913,1774045089828
binance,gate,FUNUSDT,0.00138000,0.03069,2123.913,1774045090132
binance,gate,FUNUSDT,0.00138000,0.03069,2123.913,1774045090432
binance,gate,FUNUSDT,0.00138000,0.03069,2123.913,1774045090732
binance,gate,FUNUSDT,0.00138000,0.03069,2123.913,1774045091032
binance,gate,FUNUSDT,0.00138000,0.03069,2123.913,1774045091334
binance,gate,FUNUSDT,0.00138000,0.03069,2123.913,1774045091634
binance,gate,FUNUSDT,0.00138000,0.03069,2123.913,1774045091935
binance,gate,FUNUSDT,0.00138000,0.03069,2123.913,1774045092235
binance,gate,FUNUSDT,0.00138000,0.03069,2123.913,1774045092535
binance,gate,FUNUSDT,0.00138000,0.03069,2123.913,1774045092835
binance,gate,FUNUSDT,0.00138000,0.03069,2123.913,1774045093135
binance,gate,FUNUSDT,0.00138000,0.03069,2123.913,1774045093436
binance,gate,FUNUSDT,0.00138000,0.03069,2123.913,1774045093736
binance,gate,FUNUSDT,0.00138000,0.03069,2123.913,1774045094036
binance,gate,FUNUSDT,0.00138000,0.03069,2123.913,1774045094336
binance,gate,FUNUSDT,0.00138000,0.03069,2123.913,1774045094636
binance,gate,FUNUSDT,0.00138000,0.03069,2123.913,1774045094936
binance,gate,FUNUSDT,0.00138000,0.03069,2123.913,1774045095242
binance,gate,FUNUSDT,0.00138000,0.03069,2123.913,1774045095553
binance,gate,FUNUSDT,0.00138000,0.03069,2123.913,1774045095855
binance,gate,FUNUSDT,0.00138000,0.03069,2123.913,1774045096155
binance,gate,FUNUSDT,0.00138000,0.03069,2123.913,1774045096455
binance,gate,FUNUSDT,0.00138000,0.03069,2123.913,1774045096755
binance,gate,FUNUSDT,0.00138000,0.03069,2123.913,1774045097059
binance,gate,FUNUSDT,0.00138000,0.03069,2123.913,1774045097377
binance,gate,FUNUSDT,0.00138000,0.03069,2123.913,1774045097680
binance,gate,FUNUSDT,0.00138000,0.03069,2123.913,1774045097980
binance,gate,FUNUSDT,0.00138000,0.03069,2123.913,1774045098280
binance,gate,FUNUSDT,0.00138000,0.03069,2123.913,1774045098580
binance,gate,FUNUSDT,0.00138000,0.03069,2123.913,1774045098880
binance,gate,FUNUSDT,0.00138000,0.03069,2123.913,1774045099180
