spot_exch,fut_exch,symbol,ask_spot,bid_futures,spread_pct,ts
gate,bybit,VANRYUSDT,0.005742,0.006144,7.001,1774044602000
gate,bybit,VANRYUSDT,0.005742,0.006144,7.001,1774044603073
gate,bybit,VANRYUSDT,0.005742,0.006144,7.001,1774044603386
gate,bybit,VANRYUSDT,0.005742,0.006144,7.001,1774044603693
gate,bybit,VANRYUSDT,0.005742,0.006144,7.001,1774044604015
gate,bybit,VANRYUSDT,0.005742,0.006144,7.001,1774044604325
gate,bybit,VANRYUSDT,0.005742,0.006144,7.001,1774044604634
gate,bybit,VANRYUSDT,0.005742,0.006144,7.001,1774044604939
gate,bybit,VANRYUSDT,0.005742,0.006144,7.001,1774044605253
gate,bybit,VANRYUSDT,0.005742,0.006144,7.001,1774044605559
gate,bybit,VANRYUSDT,0.005742,0.006144,7.001,1774044605859
gate,bybit,VANRYUSDT,0.005742,0.006144,7.001,1774044606159
gate,bybit,VANRYUSDT,0.005742,0.006144,7.001,1774044606459
gate,bybit,VANRYUSDT,0.005742,0.006144,7.001,1774044606759
gate,bybit,VANRYUSDT,0.005742,0.006144,7.001,1774044607060
gate,bybit,VANRYUSDT,0.005742,0.006144,7.001,1774044607360
gate,bybit,VANRYUSDT,0.005742,0.006144,7.001,1774044607660
gate,bybit,VANRYUSDT,0.005743,0.006144,6.9824,1774044607960
gate,bybit,VANRYUSDT,0.005742,0.006144,7.001,1774044608261
gate,bybit,VANRYUSDT,0.005742,0.006144,7.001,1774044608568
gate,bybit,VANRYUSDT,0.005742,0.006144,7.001,1774044608868
gate,bybit,VANRYUSDT,0.005742,0.006144,7.001,1774044609170
gate,bybit,VANRYUSDT,0.005742,0.006144,7.001,1774044609474
gate,bybit,VANRYUSDT,0.005743,0.006144,6.9824,1774044609778
gate,bybit,VANRYUSDT,0.005742,0.006144,7.001,1774044610078
gate,bybit,VANRYUSDT,0.005742,0.006144,7.001,1774044610378
gate,bybit,VANRYUSDT,0.005742,0.006144,7.001,1774044610679
gate,bybit,VANRYUSDT,0.005742,0.006144,7.001,1774044610979
gate,bybit,VANRYUSDT,0.005742,0.006144,7.001,1774044611279
gate,bybit,VANRYUSDT,0.005742,0.006144,7.001,1774044611579
gate,bybit,VANRYUSDT,0.005742,0.006144,7.001,1774044611880
gate,bybit,VANRYUSDT,0.005742,0.006144,7.001,1774044612180
gate,bybit,VANRYUSDT,0.005742,0.006144,7.001,1774044612480
gate,bybit,VANRYUSDT,0.005742,0.006144,7.001,1774044612780
gate,bybit,VANRYUSDT,0.005742,0.006144,7.001,1774044613080
gate,bybit,VANRYUSDT,0.005742,0.006144,7.001,1774044613380
gate,bybit,VANRYUSDT,0.005742,0.006144,7.001,1774044613680
gate,bybit,VANRYUSDT,0.005742,0.006144,7.001,1774044613981
gate,bybit,VANRYUSDT,0.005741,0.006144,7.0197,1774044614282
gate,bybit,VANRYUSDT,0.005741,0.006144,7.0197,1774044614582
gate,bybit,VANRYUSDT,0.005741,0.006144,7.0197,1774044614882
gate,bybit,VANRYUSDT,0.005741,0.006144,7.0197,1774044615182
gate,bybit,VANRYUSDT,0.005741,0.006144,7.0197,1774044615482
gate,bybit,VANRYUSDT,0.005741,0.006144,7.0197,1774044615782
gate,bybit,VANRYUSDT,0.005741,0.006144,7.0197,1774044616082
gate,bybit,VANRYUSDT,0.005741,0.006144,7.0197,1774044616382
gate,bybit,VANRYUSDT,0.005742,0.006144,7.001,1774044616682
gate,bybit,VANRYUSDT,0.005741,0.006144,7.0197,1774044616983
gate,bybit,VANRYUSDT,0.005741,0.006144,7.0197,1774044617294
gate,bybit,VANRYUSDT,0.005743,0.006144,6.9824,1774044617609
gate,bybit,VANRYUSDT,0.005742,0.006144,7.001,1774044617923
gate,bybit,VANRYUSDT,0.005742,0.006144,7.001,1774044618235
gate,bybit,VANRYUSDT,0.005742,0.006144,7.001,1774044618550
gate,bybit,VANRYUSDT,0.005742,0.006144,7.001,1774044618858
gate,bybit,VANRYUSDT,0.005743,0.006145,6.9998,1774044619164
gate,bybit,VANRYUSDT,0.005743,0.006145,6.9998,1774044619467
gate,bybit,VANRYUSDT,0.005743,0.006145,6.9998,1774044619768
gate,bybit,VANRYUSDT,0.005743,0.006145,6.9998,1774044620069
gate,bybit,VANRYUSDT,0.005743,0.006145,6.9998,1774044620369
gate,bybit,VANRYUSDT,0.005743,0.006145,6.9998,1774044620669
gate,bybit,VANRYUSDT,0.005743,0.006145,6.9998,1774044620969
gate,bybit,VANRYUSDT,0.005743,0.006145,6.9998,1774044621270
gate,bybit,VANRYUSDT,0.005743,0.006145,6.9998,1774044621570
gate,bybit,VANRYUSDT,0.005743,0.006145,6.9998,1774044621870
gate,bybit,VANRYUSDT,0.005743,0.006145,6.9998,1774044622171
gate,bybit,VANRYUSDT,0.005743,0.006145,6.9998,1774044622480
gate,bybit,VANRYUSDT,0.005743,0.006145,6.9998,1774044622787
gate,bybit,VANRYUSDT,0.005743,0.006145,6.9998,1774044623087
gate,bybit,VANRYUSDT,0.005743,0.006145,6.9998,1774044623387
gate,bybit,VANRYUSDT,0.005743,0.006145,6.9998,1774044623688
gate,bybit,VANRYUSDT,0.005743,0.006145,6.9998,1774044623988
gate,bybit,VANRYUSDT,0.005743,0.006145,6.9998,1774044624288
gate,bybit,VANRYUSDT,0.005743,0.006145,6.9998,1774044624588
gate,bybit,VANRYUSDT,0.005743,0.006145,6.9998,1774044624889
gate,bybit,VANRYUSDT,0.005743,0.006145,6.9998,1774044625190
gate,bybit,VANRYUSDT,0.005743,0.006145,6.9998,1774044625490
gate,bybit,VANRYUSDT,0.005743,0.006145,6.9998,1774044625790
gate,bybit,VANRYUSDT,0.005743,0.006145,6.9998,1774044626090
gate,bybit,VANRYUSDT,0.005743,0.006145,6.9998,1774044626391
gate,bybit,VANRYUSDT,0.005743,0.006145,6.9998,1774044626691
gate,bybit,VANRYUSDT,0.005743,0.006145,6.9998,1774044626991
gate,bybit,VANRYUSDT,0.005743,0.006145,6.9998,1774044627291
gate,bybit,VANRYUSDT,0.005743,0.006145,6.9998,1774044627591
gate,bybit,VANRYUSDT,0.005743,0.006145,6.9998,1774044627892
gate,bybit,VANRYUSDT,0.005743,0.006145,6.9998,1774044628192
gate,bybit,VANRYUSDT,0.005743,0.006145,6.9998,1774044628492
gate,bybit,VANRYUSDT,0.005743,0.006145,6.9998,1774044628792
gate,bybit,VANRYUSDT,0.005743,0.006145,6.9998,1774044629093
gate,bybit,VANRYUSDT,0.005743,0.006145,6.9998,1774044629393
gate,bybit,VANRYUSDT,0.005743,0.006145,6.9998,1774044629694
gate,bybit,VANRYUSDT,0.005743,0.006145,6.9998,1774044629994
gate,bybit,VANRYUSDT,0.005743,0.006145,6.9998,1774044630295
gate,bybit,VANRYUSDT,0.005743,0.006145,6.9998,1774044630600
gate,bybit,VANRYUSDT,0.005743,0.006145,6.9998,1774044630906
gate,bybit,VANRYUSDT,0.005743,0.006145,6.9998,1774044631206
gate,bybit,VANRYUSDT,0.005743,0.006145,6.9998,1774044631510
gate,bybit,VANRYUSDT,0.005743,0.006145,6.9998,1774044631810
gate,bybit,VANRYUSDT,0.005743,0.006145,6.9998,1774044632111
gate,bybit,VANRYUSDT,0.005743,0.006145,6.9998,1774044632414
gate,bybit,VANRYUSDT,0.005743,0.006145,6.9998,1774044632715
gate,bybit,VANRYUSDT,0.005743,0.006145,6.9998,1774044633016
gate,bybit,VANRYUSDT,0.005743,0.006145,6.9998,1774044633322
gate,bybit,VANRYUSDT,0.005743,0.006145,6.9998,1774044633624
gate,bybit,VANRYUSDT,0.005743,0.006145,6.9998,1774044633927
gate,bybit,VANRYUSDT,0.005743,0.006145,6.9998,1774044634229
gate,bybit,VANRYUSDT,0.005743,0.006145,6.9998,1774044634534
gate,bybit,VANRYUSDT,0.005743,0.006145,6.9998,1774044634843
gate,bybit,VANRYUSDT,0.005743,0.006145,6.9998,1774044635153
gate,bybit,VANRYUSDT,0.005743,0.006145,6.9998,1774044635468
gate,bybit,VANRYUSDT,0.005743,0.006145,6.9998,1774044635782
gate,bybit,VANRYUSDT,0.005743,0.006145,6.9998,1774044636088
gate,bybit,VANRYUSDT,0.005743,0.006145,6.9998,1774044636391
gate,bybit,VANRYUSDT,0.005743,0.006145,6.9998,1774044636692
gate,bybit,VANRYUSDT,0.005743,0.006145,6.9998,1774044636993
gate,bybit,VANRYUSDT,0.005743,0.006145,6.9998,1774044637293
gate,bybit,VANRYUSDT,0.005743,0.006145,6.9998,1774044637595
gate,bybit,VANRYUSDT,0.005743,0.006145,6.9998,1774044637906
gate,bybit,VANRYUSDT,0.005743,0.006145,6.9998,1774044638211
gate,bybit,VANRYUSDT,0.005743,0.006145,6.9998,1774044638514
gate,bybit,VANRYUSDT,0.005743,0.006146,7.0172,1774044638816
gate,bybit,VANRYUSDT,0.005743,0.006146,7.0172,1774044639117
gate,bybit,VANRYUSDT,0.005743,0.006147,7.0347,1774044639421
gate,bybit,VANRYUSDT,0.005743,0.006147,7.0347,1774044639725
gate,bybit,VANRYUSDT,0.005743,0.006148,7.0521,1774044640026
gate,bybit,VANRYUSDT,0.005743,0.006148,7.0521,1774044640327
gate,bybit,VANRYUSDT,0.005743,0.006149,7.0695,1774044640628
gate,bybit,VANRYUSDT,0.005743,0.006149,7.0695,1774044640928
gate,bybit,VANRYUSDT,0.005743,0.006149,7.0695,1774044641229
gate,bybit,VANRYUSDT,0.005743,0.006149,7.0695,1774044641531
gate,bybit,VANRYUSDT,0.005743,0.006149,7.0695,1774044641831
gate,bybit,VANRYUSDT,0.005743,0.006149,7.0695,1774044642131
gate,bybit,VANRYUSDT,0.005743,0.006149,7.0695,1774044642433
gate,bybit,VANRYUSDT,0.005743,0.006149,7.0695,1774044642741
gate,bybit,VANRYUSDT,0.005743,0.006149,7.0695,1774044643041
gate,bybit,VANRYUSDT,0.005743,0.006149,7.0695,1774044643341
gate,bybit,VANRYUSDT,0.005743,0.006149,7.0695,1774044643641
gate,bybit,VANRYUSDT,0.005743,0.006149,7.0695,1774044643942
gate,bybit,VANRYUSDT,0.005743,0.006149,7.0695,1774044644245
gate,bybit,VANRYUSDT,0.005746,0.006149,7.0136,1774044644545
gate,bybit,VANRYUSDT,0.005746,0.006149,7.0136,1774044644846
gate,bybit,VANRYUSDT,0.005746,0.006149,7.0136,1774044645147
gate,bybit,VANRYUSDT,0.005746,0.006149,7.0136,1774044645447
gate,bybit,VANRYUSDT,0.005746,0.006149,7.0136,1774044645747
gate,bybit,VANRYUSDT,0.005746,0.006149,7.0136,1774044646061
gate,bybit,VANRYUSDT,0.005746,0.006149,7.0136,1774044646361
gate,bybit,VANRYUSDT,0.005746,0.006149,7.0136,1774044646662
gate,bybit,VANRYUSDT,0.005746,0.006149,7.0136,1774044646962
gate,bybit,VANRYUSDT,0.005746,0.006149,7.0136,1774044647262
gate,bybit,VANRYUSDT,0.005746,0.006149,7.0136,1774044647562
gate,bybit,VANRYUSDT,0.005746,0.006149,7.0136,1774044647862
gate,bybit,VANRYUSDT,0.005746,0.006149,7.0136,1774044648162
gate,bybit,VANRYUSDT,0.005746,0.006149,7.0136,1774044648463
gate,bybit,VANRYUSDT,0.005747,0.006149,6.995,1774044648763
gate,bybit,VANRYUSDT,0.005748,0.006149,6.9763,1774044649064
gate,bybit,VANRYUSDT,0.005748,0.006149,6.9763,1774044649364
gate,bybit,VANRYUSDT,0.005748,0.006149,6.9763,1774044649664
gate,bybit,VANRYUSDT,0.005748,0.006149,6.9763,1774044649964
gate,bybit,VANRYUSDT,0.005749,0.006149,6.9577,1774044650264
gate,bybit,VANRYUSDT,0.00575,0.006149,6.9391,1774044650564
gate,bybit,VANRYUSDT,0.00575,0.006149,6.9391,1774044650865
gate,bybit,VANRYUSDT,0.005749,0.006149,6.9577,1774044651165
gate,bybit,VANRYUSDT,0.005749,0.006149,6.9577,1774044651465
gate,bybit,VANRYUSDT,0.00575,0.00615,6.9565,1774044651765
gate,bybit,VANRYUSDT,0.005749,0.00615,6.9751,1774044652073
gate,bybit,VANRYUSDT,0.005749,0.00615,6.9751,1774044652377
gate,bybit,VANRYUSDT,0.005751,0.00615,6.9379,1774044652677
gate,bybit,VANRYUSDT,0.005751,0.00615,6.9379,1774044652977
gate,bybit,VANRYUSDT,0.005751,0.00615,6.9379,1774044653278
gate,bybit,VANRYUSDT,0.005751,0.00615,6.9379,1774044653578
gate,bybit,VANRYUSDT,0.005751,0.00615,6.9379,1774044653878
gate,bybit,VANRYUSDT,0.00575,0.00615,6.9565,1774044654179
gate,bybit,VANRYUSDT,0.00575,0.00615,6.9565,1774044654479
gate,bybit,VANRYUSDT,0.005751,0.00615,6.9379,1774044654779
gate,bybit,VANRYUSDT,0.005751,0.00615,6.9379,1774044655079
gate,bybit,VANRYUSDT,0.00575,0.00615,6.9565,1774044655379
gate,bybit,VANRYUSDT,0.00575,0.00615,6.9565,1774044655679
gate,bybit,VANRYUSDT,0.00575,0.00615,6.9565,1774044655979
gate,bybit,VANRYUSDT,0.00575,0.00615,6.9565,1774044656280
gate,bybit,VANRYUSDT,0.00575,0.00615,6.9565,1774044656580
gate,bybit,VANRYUSDT,0.005751,0.00615,6.9379,1774044656881
gate,bybit,VANRYUSDT,0.00575,0.00615,6.9565,1774044657181
gate,bybit,VANRYUSDT,0.00575,0.00615,6.9565,1774044657481
gate,bybit,VANRYUSDT,0.005752,0.006153,6.9715,1774044657781
gate,bybit,VANRYUSDT,0.005752,0.006153,6.9715,1774044658081
gate,bybit,VANRYUSDT,0.005752,0.006153,6.9715,1774044658382
gate,bybit,VANRYUSDT,0.005752,0.006153,6.9715,1774044658682
gate,bybit,VANRYUSDT,0.005752,0.006153,6.9715,1774044658982
gate,bybit,VANRYUSDT,0.005752,0.006153,6.9715,1774044659282
gate,bybit,VANRYUSDT,0.005752,0.006153,6.9715,1774044659592
gate,bybit,VANRYUSDT,0.005753,0.006153,6.9529,1774044659892
gate,bybit,VANRYUSDT,0.005753,0.006153,6.9529,1774044660193
gate,bybit,VANRYUSDT,0.005753,0.006153,6.9529,1774044660493
gate,bybit,VANRYUSDT,0.005754,0.006153,6.9343,1774044660804
gate,bybit,VANRYUSDT,0.005754,0.006153,6.9343,1774044661116
gate,bybit,VANRYUSDT,0.005754,0.006153,6.9343,1774044661420
gate,bybit,VANRYUSDT,0.005755,0.006153,6.9157,1774044661731
gate,bybit,VANRYUSDT,0.005755,0.006153,6.9157,1774044662038
gate,bybit,VANRYUSDT,0.005755,0.006153,6.9157,1774044662341
gate,bybit,VANRYUSDT,0.005755,0.006153,6.9157,1774044662641
gate,bybit,VANRYUSDT,0.005755,0.006153,6.9157,1774044662942
gate,bybit,VANRYUSDT,0.005756,0.006153,6.8972,1774044663242
gate,bybit,VANRYUSDT,0.005756,0.006153,6.8972,1774044663542
gate,bybit,VANRYUSDT,0.005755,0.006153,6.9157,1774044663842
gate,bybit,VANRYUSDT,0.005755,0.006153,6.9157,1774044664149
gate,bybit,VANRYUSDT,0.005755,0.006153,6.9157,1774044664449
gate,bybit,VANRYUSDT,0.005756,0.006153,6.8972,1774044664750
gate,bybit,VANRYUSDT,0.005756,0.006153,6.8972,1774044665050
gate,bybit,VANRYUSDT,0.005755,0.006153,6.9157,1774044665351
gate,bybit,VANRYUSDT,0.005755,0.006153,6.9157,1774044665651
gate,bybit,VANRYUSDT,0.005755,0.006153,6.9157,1774044665951
gate,bybit,VANRYUSDT,0.005755,0.006153,6.9157,1774044666251
gate,bybit,VANRYUSDT,0.005755,0.006153,6.9157,1774044666561
gate,bybit,VANRYUSDT,0.005755,0.006152,6.8983,1774044666872
gate,bybit,VANRYUSDT,0.005753,0.006152,6.9355,1774044667191
gate,bybit,VANRYUSDT,0.005753,0.006152,6.9355,1774044667497
gate,bybit,VANRYUSDT,0.005754,0.006152,6.9169,1774044667803
gate,bybit,VANRYUSDT,0.005754,0.006152,6.9169,1774044668111
gate,bybit,VANRYUSDT,0.005753,0.006152,6.9355,1774044668419
gate,bybit,VANRYUSDT,0.005755,0.006152,6.8983,1774044668725
gate,bybit,VANRYUSDT,0.005754,0.006152,6.9169,1774044669026
gate,bybit,VANRYUSDT,0.005754,0.006152,6.9169,1774044669327
gate,bybit,VANRYUSDT,0.005754,0.006152,6.9169,1774044669627
gate,bybit,VANRYUSDT,0.005754,0.006152,6.9169,1774044669928
gate,bybit,VANRYUSDT,0.005754,0.006152,6.9169,1774044670229
gate,bybit,VANRYUSDT,0.005754,0.006152,6.9169,1774044670529
gate,bybit,VANRYUSDT,0.005754,0.006152,6.9169,1774044670831
gate,bybit,VANRYUSDT,0.005755,0.006152,6.8983,1774044671132
gate,bybit,VANRYUSDT,0.005755,0.006152,6.8983,1774044671435
gate,bybit,VANRYUSDT,0.005755,0.006152,6.8983,1774044671735
gate,bybit,VANRYUSDT,0.005756,0.006152,6.8798,1774044672039
gate,bybit,VANRYUSDT,0.005756,0.006152,6.8798,1774044672340
gate,bybit,VANRYUSDT,0.005756,0.006152,6.8798,1774044672640
gate,bybit,VANRYUSDT,0.005755,0.006152,6.8983,1774044672940
gate,bybit,VANRYUSDT,0.005755,0.006152,6.8983,1774044673240
gate,bybit,VANRYUSDT,0.005755,0.006152,6.8983,1774044673540
gate,bybit,VANRYUSDT,0.005755,0.006152,6.8983,1774044673840
gate,bybit,VANRYUSDT,0.005755,0.006152,6.8983,1774044674140
gate,bybit,VANRYUSDT,0.005755,0.006152,6.8983,1774044674440
gate,bybit,VANRYUSDT,0.005755,0.006152,6.8983,1774044674740
gate,bybit,VANRYUSDT,0.005755,0.006152,6.8983,1774044675040
gate,bybit,VANRYUSDT,0.005755,0.006152,6.8983,1774044675352
gate,bybit,VANRYUSDT,0.005755,0.006152,6.8983,1774044675655
gate,bybit,VANRYUSDT,0.005755,0.006152,6.8983,1774044675955
gate,bybit,VANRYUSDT,0.005755,0.006152,6.8983,1774044676256
gate,bybit,VANRYUSDT,0.005755,0.006152,6.8983,1774044676556
gate,bybit,VANRYUSDT,0.005755,0.006152,6.8983,1774044676856
gate,bybit,VANRYUSDT,0.005755,0.006152,6.8983,1774044677156
gate,bybit,VANRYUSDT,0.005755,0.006152,6.8983,1774044677457
gate,bybit,VANRYUSDT,0.005755,0.006152,6.8983,1774044677757
gate,bybit,VANRYUSDT,0.005755,0.006152,6.8983,1774044678057
gate,bybit,VANRYUSDT,0.005755,0.006152,6.8983,1774044678357
gate,bybit,VANRYUSDT,0.005755,0.006152,6.8983,1774044678658
gate,bybit,VANRYUSDT,0.005755,0.006152,6.8983,1774044678958
gate,bybit,VANRYUSDT,0.005755,0.006152,6.8983,1774044679258
gate,bybit,VANRYUSDT,0.005755,0.006152,6.8983,1774044679559
gate,bybit,VANRYUSDT,0.005755,0.006152,6.8983,1774044679870
gate,bybit,VANRYUSDT,0.005754,0.006153,6.9343,1774044680186
gate,bybit,VANRYUSDT,0.005754,0.006152,6.9169,1774044680488
gate,bybit,VANRYUSDT,0.005754,0.006152,6.9169,1774044680788
gate,bybit,VANRYUSDT,0.005754,0.006152,6.9169,1774044681088
gate,bybit,VANRYUSDT,0.005754,0.006152,6.9169,1774044681388
gate,bybit,VANRYUSDT,0.005754,0.006152,6.9169,1774044681688
gate,bybit,VANRYUSDT,0.005754,0.006152,6.9169,1774044681989
gate,bybit,VANRYUSDT,0.005754,0.006152,6.9169,1774044682289
gate,bybit,VANRYUSDT,0.005754,0.006152,6.9169,1774044682590
gate,bybit,VANRYUSDT,0.005753,0.006152,6.9355,1774044682890
gate,bybit,VANRYUSDT,0.005753,0.006152,6.9355,1774044683191
gate,bybit,VANRYUSDT,0.005753,0.006152,6.9355,1774044683492
gate,bybit,VANRYUSDT,0.005753,0.006152,6.9355,1774044683792
gate,bybit,VANRYUSDT,0.005753,0.006152,6.9355,1774044684092
gate,bybit,VANRYUSDT,0.005753,0.006152,6.9355,1774044684392
gate,bybit,VANRYUSDT,0.005753,0.006152,6.9355,1774044684692
gate,bybit,VANRYUSDT,0.005753,0.006152,6.9355,1774044684993
gate,bybit,VANRYUSDT,0.005753,0.006152,6.9355,1774044685314
gate,bybit,VANRYUSDT,0.005753,0.006152,6.9355,1774044685631
gate,bybit,VANRYUSDT,0.005755,0.006152,6.8983,1774044685940
gate,bybit,VANRYUSDT,0.005755,0.006152,6.8983,1774044686240
gate,bybit,VANRYUSDT,0.005754,0.006152,6.9169,1774044686540
gate,bybit,VANRYUSDT,0.005754,0.006152,6.9169,1774044686840
gate,bybit,VANRYUSDT,0.005754,0.006152,6.9169,1774044687140
gate,bybit,VANRYUSDT,0.005754,0.006152,6.9169,1774044687441
gate,bybit,VANRYUSDT,0.005754,0.006152,6.9169,1774044687741
gate,bybit,VANRYUSDT,0.005754,0.006152,6.9169,1774044688041
gate,bybit,VANRYUSDT,0.005754,0.006152,6.9169,1774044688341
gate,bybit,VANRYUSDT,0.005754,0.006152,6.9169,1774044688642
gate,bybit,VANRYUSDT,0.005754,0.006152,6.9169,1774044688945
gate,bybit,VANRYUSDT,0.005754,0.006152,6.9169,1774044689245
gate,bybit,VANRYUSDT,0.005754,0.006152,6.9169,1774044689545
gate,bybit,VANRYUSDT,0.005754,0.006152,6.9169,1774044689846
gate,bybit,VANRYUSDT,0.005754,0.006152,6.9169,1774044690146
gate,bybit,VANRYUSDT,0.005754,0.006152,6.9169,1774044690446
gate,bybit,VANRYUSDT,0.005754,0.006152,6.9169,1774044690746
gate,bybit,VANRYUSDT,0.005754,0.006152,6.9169,1774044691047
gate,bybit,VANRYUSDT,0.005754,0.006152,6.9169,1774044691347
gate,bybit,VANRYUSDT,0.005754,0.006152,6.9169,1774044691649
gate,bybit,VANRYUSDT,0.005754,0.006152,6.9169,1774044691949
gate,bybit,VANRYUSDT,0.005754,0.006152,6.9169,1774044692249
gate,bybit,VANRYUSDT,0.005754,0.006152,6.9169,1774044692549
gate,bybit,VANRYUSDT,0.005754,0.006152,6.9169,1774044692849
gate,bybit,VANRYUSDT,0.005754,0.006152,6.9169,1774044693150
gate,bybit,VANRYUSDT,0.005753,0.006152,6.9355,1774044693450
gate,bybit,VANRYUSDT,0.005753,0.006152,6.9355,1774044693750
gate,bybit,VANRYUSDT,0.005753,0.006152,6.9355,1774044694050
gate,bybit,VANRYUSDT,0.005753,0.006152,6.9355,1774044694350
gate,bybit,VANRYUSDT,0.005753,0.006152,6.9355,1774044694651
gate,bybit,VANRYUSDT,0.005753,0.006152,6.9355,1774044694951
gate,bybit,VANRYUSDT,0.005753,0.006152,6.9355,1774044695251
gate,bybit,VANRYUSDT,0.005753,0.006152,6.9355,1774044695551
gate,bybit,VANRYUSDT,0.005753,0.006152,6.9355,1774044695851
gate,bybit,VANRYUSDT,0.005753,0.006152,6.9355,1774044696152
gate,bybit,VANRYUSDT,0.005753,0.006152,6.9355,1774044696452
gate,bybit,VANRYUSDT,0.005754,0.006152,6.9169,1774044696752
gate,bybit,VANRYUSDT,0.005754,0.006152,6.9169,1774044697052
gate,bybit,VANRYUSDT,0.005754,0.006152,6.9169,1774044697352
gate,bybit,VANRYUSDT,0.005754,0.006152,6.9169,1774044697652
gate,bybit,VANRYUSDT,0.005754,0.006152,6.9169,1774044697952
gate,bybit,VANRYUSDT,0.005754,0.006152,6.9169,1774044698253
gate,bybit,VANRYUSDT,0.005754,0.006152,6.9169,1774044698553
gate,bybit,VANRYUSDT,0.005754,0.006152,6.9169,1774044698853
gate,bybit,VANRYUSDT,0.005754,0.006152,6.9169,1774044699153
gate,bybit,VANRYUSDT,0.005754,0.006152,6.9169,1774044699454
gate,bybit,VANRYUSDT,0.005757,0.006155,6.9133,1774044699755
gate,bybit,VANRYUSDT,0.005757,0.006156,6.9307,1774044700055
gate,bybit,VANRYUSDT,0.005757,0.006156,6.9307,1774044700355
gate,bybit,VANRYUSDT,0.005757,0.006156,6.9307,1774044700655
gate,bybit,VANRYUSDT,0.005757,0.006156,6.9307,1774044700955
gate,bybit,VANRYUSDT,0.005756,0.006156,6.9493,1774044701257
gate,bybit,VANRYUSDT,0.005756,0.006156,6.9493,1774044701558
gate,bybit,VANRYUSDT,0.005756,0.006156,6.9493,1774044701858
gate,bybit,VANRYUSDT,0.005756,0.006156,6.9493,1774044702158
gate,bybit,VANRYUSDT,0.005756,0.006156,6.9493,1774044702458
gate,bybit,VANRYUSDT,0.005756,0.006156,6.9493,1774044702759
gate,bybit,VANRYUSDT,0.005757,0.006156,6.9307,1774044703059
gate,bybit,VANRYUSDT,0.005756,0.006156,6.9493,1774044703359
gate,bybit,VANRYUSDT,0.005757,0.006156,6.9307,1774044703659
gate,bybit,VANRYUSDT,0.005757,0.006156,6.9307,1774044703959
gate,bybit,VANRYUSDT,0.005757,0.006156,6.9307,1774044704259
gate,bybit,VANRYUSDT,0.005757,0.006156,6.9307,1774044704559
gate,bybit,VANRYUSDT,0.005757,0.006156,6.9307,1774044704859
gate,bybit,VANRYUSDT,0.005757,0.006156,6.9307,1774044705159
gate,bybit,VANRYUSDT,0.005757,0.006156,6.9307,1774044705460
gate,bybit,VANRYUSDT,0.005757,0.006157,6.9481,1774044705774
gate,bybit,VANRYUSDT,0.005757,0.006157,6.9481,1774044706088
gate,bybit,VANRYUSDT,0.005757,0.006157,6.9481,1774044706403
gate,bybit,VANRYUSDT,0.005757,0.006157,6.9481,1774044706713
gate,bybit,VANRYUSDT,0.005757,0.006157,6.9481,1774044707026
gate,bybit,VANRYUSDT,0.005757,0.006157,6.9481,1774044707336
gate,bybit,VANRYUSDT,0.005758,0.006157,6.9295,1774044707652
gate,bybit,VANRYUSDT,0.005758,0.006157,6.9295,1774044707959
gate,bybit,VANRYUSDT,0.005758,0.006157,6.9295,1774044708262
gate,bybit,VANRYUSDT,0.005758,0.006157,6.9295,1774044708576
gate,bybit,VANRYUSDT,0.005758,0.006157,6.9295,1774044708883
gate,bybit,VANRYUSDT,0.005758,0.006157,6.9295,1774044709184
gate,bybit,VANRYUSDT,0.005758,0.006157,6.9295,1774044709484
gate,bybit,VANRYUSDT,0.005758,0.006157,6.9295,1774044709784
gate,bybit,VANRYUSDT,0.005759,0.006157,6.9109,1774044710084
gate,bybit,VANRYUSDT,0.005759,0.006157,6.9109,1774044710384
gate,bybit,VANRYUSDT,0.005758,0.006157,6.9295,1774044710684
gate,bybit,VANRYUSDT,0.005758,0.006157,6.9295,1774044710985
gate,bybit,VANRYUSDT,0.005758,0.006157,6.9295,1774044711285
gate,bybit,VANRYUSDT,0.005758,0.006157,6.9295,1774044711585
gate,bybit,VANRYUSDT,0.005758,0.006157,6.9295,1774044711885
gate,bybit,VANRYUSDT,0.005758,0.006157,6.9295,1774044712185
gate,bybit,VANRYUSDT,0.005759,0.006157,6.9109,1774044712486
gate,bybit,VANRYUSDT,0.005759,0.006157,6.9109,1774044712786
gate,bybit,VANRYUSDT,0.005759,0.006157,6.9109,1774044713086
gate,bybit,VANRYUSDT,0.005759,0.006157,6.9109,1774044713386
gate,bybit,VANRYUSDT,0.00576,0.006157,6.8924,1774044713686
gate,bybit,VANRYUSDT,0.005759,0.006157,6.9109,1774044713986
gate,bybit,VANRYUSDT,0.005759,0.006157,6.9109,1774044714286
gate,bybit,VANRYUSDT,0.005759,0.006157,6.9109,1774044714587
gate,bybit,VANRYUSDT,0.00576,0.006157,6.8924,1774044714887
gate,bybit,VANRYUSDT,0.005759,0.006157,6.9109,1774044715187
gate,bybit,VANRYUSDT,0.005759,0.006157,6.9109,1774044715487
gate,bybit,VANRYUSDT,0.005759,0.006157,6.9109,1774044715787
gate,bybit,VANRYUSDT,0.005759,0.006157,6.9109,1774044716087
gate,bybit,VANRYUSDT,0.00576,0.006157,6.8924,1774044716387
gate,bybit,VANRYUSDT,0.00576,0.006157,6.8924,1774044716688
gate,bybit,VANRYUSDT,0.00576,0.006157,6.8924,1774044716988
gate,bybit,VANRYUSDT,0.005759,0.006157,6.9109,1774044717288
gate,bybit,VANRYUSDT,0.005759,0.006157,6.9109,1774044717588
gate,bybit,VANRYUSDT,0.00576,0.006157,6.8924,1774044717889
gate,bybit,VANRYUSDT,0.005758,0.006157,6.9295,1774044718189
gate,bybit,VANRYUSDT,0.005759,0.006157,6.9109,1774044718489
gate,bybit,VANRYUSDT,0.00576,0.006157,6.8924,1774044718790
gate,bybit,VANRYUSDT,0.00576,0.006157,6.8924,1774044719090
gate,bybit,VANRYUSDT,0.00576,0.006157,6.8924,1774044719390
gate,bybit,VANRYUSDT,0.00576,0.006157,6.8924,1774044719691
gate,bybit,VANRYUSDT,0.005761,0.006157,6.8738,1774044719992
gate,bybit,VANRYUSDT,0.005761,0.006157,6.8738,1774044720296
gate,bybit,VANRYUSDT,0.00576,0.006157,6.8924,1774044720599
gate,bybit,VANRYUSDT,0.00576,0.006157,6.8924,1774044720908
gate,bybit,VANRYUSDT,0.00576,0.006157,6.8924,1774044721214
gate,bybit,VANRYUSDT,0.00576,0.006157,6.8924,1774044721516
gate,bybit,VANRYUSDT,0.00576,0.006157,6.8924,1774044721823
gate,bybit,VANRYUSDT,0.00576,0.006157,6.8924,1774044722129
gate,bybit,VANRYUSDT,0.00576,0.006157,6.8924,1774044722430
gate,bybit,VANRYUSDT,0.00576,0.006157,6.8924,1774044722730
gate,bybit,VANRYUSDT,0.00576,0.006157,6.8924,1774044723031
gate,bybit,VANRYUSDT,0.00576,0.006157,6.8924,1774044723332
gate,bybit,VANRYUSDT,0.00576,0.006157,6.8924,1774044723632
gate,bybit,VANRYUSDT,0.005761,0.006157,6.8738,1774044723933
gate,bybit,VANRYUSDT,0.005761,0.006157,6.8738,1774044724233
gate,bybit,VANRYUSDT,0.005761,0.006157,6.8738,1774044724542
gate,bybit,VANRYUSDT,0.00576,0.006157,6.8924,1774044724843
gate,bybit,VANRYUSDT,0.00576,0.006157,6.8924,1774044725143
gate,bybit,VANRYUSDT,0.00576,0.006157,6.8924,1774044725444
gate,bybit,VANRYUSDT,0.00576,0.006157,6.8924,1774044725744
gate,bybit,VANRYUSDT,0.005761,0.006157,6.8738,1774044726044
gate,bybit,VANRYUSDT,0.005761,0.006157,6.8738,1774044726344
gate,bybit,VANRYUSDT,0.005761,0.006157,6.8738,1774044726645
gate,bybit,VANRYUSDT,0.005761,0.006157,6.8738,1774044726945
gate,bybit,VANRYUSDT,0.005761,0.006157,6.8738,1774044727245
gate,bybit,VANRYUSDT,0.005761,0.006157,6.8738,1774044727545
gate,bybit,VANRYUSDT,0.005761,0.006157,6.8738,1774044727846
gate,bybit,VANRYUSDT,0.005761,0.006157,6.8738,1774044728146
gate,bybit,VANRYUSDT,0.005761,0.006157,6.8738,1774044728446
gate,bybit,VANRYUSDT,0.005761,0.006157,6.8738,1774044728748
gate,bybit,VANRYUSDT,0.005761,0.006157,6.8738,1774044729049
gate,bybit,VANRYUSDT,0.005761,0.006157,6.8738,1774044729350
gate,bybit,VANRYUSDT,0.005761,0.006157,6.8738,1774044729650
gate,bybit,VANRYUSDT,0.005761,0.006157,6.8738,1774044729950
gate,bybit,VANRYUSDT,0.005761,0.006157,6.8738,1774044730251
gate,bybit,VANRYUSDT,0.005761,0.006157,6.8738,1774044730551
gate,bybit,VANRYUSDT,0.005761,0.006157,6.8738,1774044730857
gate,bybit,VANRYUSDT,0.005761,0.006157,6.8738,1774044731159
gate,bybit,VANRYUSDT,0.005762,0.006157,6.8553,1774044731460
gate,bybit,VANRYUSDT,0.005762,0.006157,6.8553,1774044731760
gate,bybit,VANRYUSDT,0.005762,0.006157,6.8553,1774044732061
gate,bybit,VANRYUSDT,0.005762,0.006157,6.8553,1774044732361
gate,bybit,VANRYUSDT,0.005762,0.006157,6.8553,1774044732666
gate,bybit,VANRYUSDT,0.005762,0.006157,6.8553,1774044732967
gate,bybit,VANRYUSDT,0.005762,0.006157,6.8553,1774044733267
gate,bybit,VANRYUSDT,0.005762,0.006157,6.8553,1774044733567
gate,bybit,VANRYUSDT,0.005762,0.006157,6.8553,1774044733867
gate,bybit,VANRYUSDT,0.005762,0.006157,6.8553,1774044734167
gate,bybit,VANRYUSDT,0.005762,0.006157,6.8553,1774044734472
gate,bybit,VANRYUSDT,0.005762,0.006157,6.8553,1774044734782
gate,bybit,VANRYUSDT,0.005762,0.006157,6.8553,1774044735092
gate,bybit,VANRYUSDT,0.005762,0.006157,6.8553,1774044735405
gate,bybit,VANRYUSDT,0.005762,0.006157,6.8553,1774044735721
gate,bybit,VANRYUSDT,0.005762,0.006157,6.8553,1774044736029
gate,bybit,VANRYUSDT,0.005762,0.006157,6.8553,1774044736334
gate,bybit,VANRYUSDT,0.005762,0.006157,6.8553,1774044736645
gate,bybit,VANRYUSDT,0.005762,0.006157,6.8553,1774044736951
gate,bybit,VANRYUSDT,0.005762,0.006157,6.8553,1774044737253
gate,bybit,VANRYUSDT,0.005762,0.006157,6.8553,1774044737553
gate,bybit,VANRYUSDT,0.005762,0.006157,6.8553,1774044737855
gate,bybit,VANRYUSDT,0.005762,0.006157,6.8553,1774044738155
gate,bybit,VANRYUSDT,0.005762,0.006157,6.8553,1774044738455
gate,bybit,VANRYUSDT,0.005762,0.006157,6.8553,1774044738757
gate,bybit,VANRYUSDT,0.005762,0.006157,6.8553,1774044739057
gate,bybit,VANRYUSDT,0.005762,0.006157,6.8553,1774044739373
gate,bybit,VANRYUSDT,0.005762,0.006157,6.8553,1774044739673
gate,bybit,VANRYUSDT,0.005762,0.006157,6.8553,1774044739973
gate,bybit,VANRYUSDT,0.005762,0.006157,6.8553,1774044740273
gate,bybit,VANRYUSDT,0.005762,0.006157,6.8553,1774044740574
gate,bybit,VANRYUSDT,0.005762,0.006157,6.8553,1774044740885
gate,bybit,VANRYUSDT,0.005762,0.006157,6.8553,1774044741190
gate,bybit,VANRYUSDT,0.005762,0.006157,6.8553,1774044741498
gate,bybit,VANRYUSDT,0.005762,0.006157,6.8553,1774044741803
gate,bybit,VANRYUSDT,0.005762,0.006157,6.8553,1774044742111
gate,bybit,VANRYUSDT,0.005762,0.006157,6.8553,1774044742412
gate,bybit,VANRYUSDT,0.005762,0.006157,6.8553,1774044742714
gate,bybit,VANRYUSDT,0.005762,0.006157,6.8553,1774044743017
gate,bybit,VANRYUSDT,0.005762,0.006157,6.8553,1774044743320
gate,bybit,VANRYUSDT,0.005762,0.006157,6.8553,1774044743624
gate,bybit,VANRYUSDT,0.005762,0.006157,6.8553,1774044743926
gate,bybit,VANRYUSDT,0.005762,0.006157,6.8553,1774044744226
gate,bybit,VANRYUSDT,0.005762,0.006157,6.8553,1774044744526
gate,bybit,VANRYUSDT,0.005762,0.006157,6.8553,1774044744826
gate,bybit,VANRYUSDT,0.005762,0.006157,6.8553,1774044745127
gate,bybit,VANRYUSDT,0.005762,0.006157,6.8553,1774044745428
gate,bybit,VANRYUSDT,0.005762,0.006157,6.8553,1774044745728
gate,bybit,VANRYUSDT,0.005762,0.006157,6.8553,1774044746028
gate,bybit,VANRYUSDT,0.005762,0.006157,6.8553,1774044746333
gate,bybit,VANRYUSDT,0.005762,0.006157,6.8553,1774044746634
gate,bybit,VANRYUSDT,0.005762,0.006157,6.8553,1774044746941
gate,bybit,VANRYUSDT,0.005762,0.006157,6.8553,1774044747241
gate,bybit,VANRYUSDT,0.005762,0.006157,6.8553,1774044747542
gate,bybit,VANRYUSDT,0.005762,0.006157,6.8553,1774044747843
gate,bybit,VANRYUSDT,0.005762,0.006157,6.8553,1774044748143
gate,bybit,VANRYUSDT,0.005762,0.006157,6.8553,1774044748443
gate,bybit,VANRYUSDT,0.005762,0.006157,6.8553,1774044748744
gate,bybit,VANRYUSDT,0.005762,0.006157,6.8553,1774044749044
gate,bybit,VANRYUSDT,0.005762,0.006157,6.8553,1774044749344
gate,bybit,VANRYUSDT,0.005762,0.006157,6.8553,1774044749644
gate,bybit,VANRYUSDT,0.005762,0.006157,6.8553,1774044749945
gate,bybit,VANRYUSDT,0.005762,0.006157,6.8553,1774044750245
gate,bybit,VANRYUSDT,0.005762,0.006157,6.8553,1774044750545
gate,bybit,VANRYUSDT,0.005762,0.006157,6.8553,1774044750845
gate,bybit,VANRYUSDT,0.005762,0.006157,6.8553,1774044751146
gate,bybit,VANRYUSDT,0.005762,0.006157,6.8553,1774044751457
gate,bybit,VANRYUSDT,0.005763,0.006157,6.8367,1774044751783
gate,bybit,VANRYUSDT,0.005763,0.006158,6.8541,1774044752093
gate,bybit,VANRYUSDT,0.005763,0.006161,6.9061,1774044752409
gate,bybit,VANRYUSDT,0.005763,0.006162,6.9235,1774044752717
gate,bybit,VANRYUSDT,0.005763,0.006162,6.9235,1774044753046
gate,bybit,VANRYUSDT,0.005763,0.006162,6.9235,1774044753355
gate,bybit,VANRYUSDT,0.005763,0.006162,6.9235,1774044753679
gate,bybit,VANRYUSDT,0.005763,0.006162,6.9235,1774044754004
gate,bybit,VANRYUSDT,0.005763,0.006162,6.9235,1774044754316
gate,bybit,VANRYUSDT,0.005763,0.006162,6.9235,1774044754632
gate,bybit,VANRYUSDT,0.005763,0.006162,6.9235,1774044754945
gate,bybit,VANRYUSDT,0.005763,0.006162,6.9235,1774044755256
gate,bybit,VANRYUSDT,0.005763,0.006164,6.9582,1774044755572
gate,bybit,VANRYUSDT,0.005763,0.006164,6.9582,1774044755891
gate,bybit,VANRYUSDT,0.005763,0.006164,6.9582,1774044756203
gate,bybit,VANRYUSDT,0.005763,0.006164,6.9582,1774044756515
gate,bybit,VANRYUSDT,0.005763,0.006164,6.9582,1774044756828
gate,bybit,VANRYUSDT,0.005763,0.006164,6.9582,1774044757140
gate,bybit,VANRYUSDT,0.005763,0.006164,6.9582,1774044757451
gate,bybit,VANRYUSDT,0.005763,0.006164,6.9582,1774044757765
gate,bybit,VANRYUSDT,0.005763,0.006164,6.9582,1774044758076
gate,bybit,VANRYUSDT,0.005763,0.006164,6.9582,1774044758386
gate,bybit,VANRYUSDT,0.005763,0.006164,6.9582,1774044758693
gate,bybit,VANRYUSDT,0.005764,0.006164,6.9396,1774044759000
gate,bybit,VANRYUSDT,0.005764,0.006164,6.9396,1774044759309
gate,bybit,VANRYUSDT,0.005764,0.006164,6.9396,1774044759621
gate,bybit,VANRYUSDT,0.005764,0.006164,6.9396,1774044759938
gate,bybit,VANRYUSDT,0.005764,0.006164,6.9396,1774044760256
gate,bybit,VANRYUSDT,0.005764,0.006164,6.9396,1774044760571
gate,bybit,VANRYUSDT,0.005764,0.006164,6.9396,1774044760876
gate,bybit,VANRYUSDT,0.005764,0.006164,6.9396,1774044761188
gate,bybit,VANRYUSDT,0.005764,0.006164,6.9396,1774044761492
gate,bybit,VANRYUSDT,0.005764,0.006164,6.9396,1774044761798
gate,bybit,VANRYUSDT,0.005764,0.006164,6.9396,1774044762109
gate,bybit,VANRYUSDT,0.005764,0.006164,6.9396,1774044762417
gate,bybit,VANRYUSDT,0.005764,0.006164,6.9396,1774044762752
gate,bybit,VANRYUSDT,0.005764,0.006164,6.9396,1774044763063
gate,bybit,VANRYUSDT,0.005764,0.006164,6.9396,1774044763374
gate,bybit,VANRYUSDT,0.005764,0.006164,6.9396,1774044763676
gate,bybit,VANRYUSDT,0.005764,0.006164,6.9396,1774044763985
gate,bybit,VANRYUSDT,0.005763,0.00616,6.8888,1774044764300
gate,bybit,VANRYUSDT,0.005762,0.00616,6.9073,1774044764617
gate,bybit,VANRYUSDT,0.005762,0.00616,6.9073,1774044764929
gate,bybit,VANRYUSDT,0.005762,0.00616,6.9073,1774044765237
gate,bybit,VANRYUSDT,0.005762,0.00616,6.9073,1774044765552
gate,bybit,VANRYUSDT,0.005762,0.00616,6.9073,1774044765860
gate,bybit,VANRYUSDT,0.005762,0.00616,6.9073,1774044766166
gate,bybit,VANRYUSDT,0.005762,0.00616,6.9073,1774044766473
gate,bybit,VANRYUSDT,0.005762,0.00616,6.9073,1774044766779
gate,bybit,VANRYUSDT,0.005762,0.00616,6.9073,1774044767085
gate,bybit,VANRYUSDT,0.005762,0.00616,6.9073,1774044767388
gate,bybit,VANRYUSDT,0.005763,0.00616,6.8888,1774044767692
gate,bybit,VANRYUSDT,0.005763,0.00616,6.8888,1774044767997
gate,bybit,VANRYUSDT,0.005763,0.00616,6.8888,1774044768304
gate,bybit,VANRYUSDT,0.005763,0.00616,6.8888,1774044768614
gate,bybit,VANRYUSDT,0.005763,0.00616,6.8888,1774044768921
gate,bybit,VANRYUSDT,0.005763,0.00616,6.8888,1774044769232
gate,bybit,VANRYUSDT,0.005763,0.00616,6.8888,1774044769534
gate,bybit,VANRYUSDT,0.005763,0.00616,6.8888,1774044769836
gate,bybit,VANRYUSDT,0.005763,0.00616,6.8888,1774044770144
gate,bybit,VANRYUSDT,0.005763,0.00616,6.8888,1774044770461
gate,bybit,VANRYUSDT,0.005763,0.00616,6.8888,1774044770764
gate,bybit,VANRYUSDT,0.005763,0.00616,6.8888,1774044771064
gate,bybit,VANRYUSDT,0.005763,0.00616,6.8888,1774044771364
gate,bybit,VANRYUSDT,0.005763,0.00616,6.8888,1774044771664
gate,bybit,VANRYUSDT,0.005763,0.00616,6.8888,1774044771964
gate,bybit,VANRYUSDT,0.005763,0.00616,6.8888,1774044772269
gate,bybit,VANRYUSDT,0.005763,0.00616,6.8888,1774044772569
gate,bybit,VANRYUSDT,0.005763,0.00616,6.8888,1774044772874
gate,bybit,VANRYUSDT,0.005763,0.00616,6.8888,1774044773187
gate,bybit,VANRYUSDT,0.005763,0.00616,6.8888,1774044773501
gate,bybit,VANRYUSDT,0.005763,0.00616,6.8888,1774044773814
gate,bybit,VANRYUSDT,0.005763,0.00616,6.8888,1774044774128
gate,bybit,VANRYUSDT,0.005763,0.00616,6.8888,1774044774438
gate,bybit,VANRYUSDT,0.005763,0.00616,6.8888,1774044774747
gate,bybit,VANRYUSDT,0.005763,0.00616,6.8888,1774044775055
gate,bybit,VANRYUSDT,0.005763,0.00616,6.8888,1774044775356
gate,bybit,VANRYUSDT,0.005763,0.00616,6.8888,1774044775656
gate,bybit,VANRYUSDT,0.005763,0.00616,6.8888,1774044775966
gate,bybit,VANRYUSDT,0.005763,0.00616,6.8888,1774044776266
gate,bybit,VANRYUSDT,0.005763,0.00616,6.8888,1774044776567
gate,bybit,VANRYUSDT,0.005763,0.00616,6.8888,1774044776868
gate,bybit,VANRYUSDT,0.005763,0.00616,6.8888,1774044777176
gate,bybit,VANRYUSDT,0.005763,0.00616,6.8888,1774044777479
gate,bybit,VANRYUSDT,0.005763,0.00616,6.8888,1774044777779
gate,bybit,VANRYUSDT,0.005764,0.006161,6.8876,1774044778081
gate,bybit,VANRYUSDT,0.005764,0.006161,6.8876,1774044778397
gate,bybit,VANRYUSDT,0.005764,0.006161,6.8876,1774044778704
gate,bybit,VANRYUSDT,0.005764,0.00616,6.8702,1774044779012
gate,bybit,VANRYUSDT,0.005764,0.006161,6.8876,1774044779315
gate,bybit,VANRYUSDT,0.005764,0.006161,6.8876,1774044779618
gate,bybit,VANRYUSDT,0.005764,0.006161,6.8876,1774044779923
gate,bybit,VANRYUSDT,0.005764,0.006161,6.8876,1774044780235
gate,bybit,VANRYUSDT,0.005764,0.006161,6.8876,1774044780547
gate,bybit,VANRYUSDT,0.005763,0.006161,6.9061,1774044780854
gate,bybit,VANRYUSDT,0.005763,0.006161,6.9061,1774044781162
gate,bybit,VANRYUSDT,0.005763,0.006161,6.9061,1774044781476
gate,bybit,VANRYUSDT,0.005763,0.006161,6.9061,1774044781788
gate,bybit,VANRYUSDT,0.005763,0.006161,6.9061,1774044782100
gate,bybit,VANRYUSDT,0.005763,0.006161,6.9061,1774044782408
gate,bybit,VANRYUSDT,0.005763,0.006161,6.9061,1774044782724
gate,bybit,VANRYUSDT,0.005763,0.006161,6.9061,1774044783031
gate,bybit,VANRYUSDT,0.005763,0.006161,6.9061,1774044783345
gate,bybit,VANRYUSDT,0.005763,0.006161,6.9061,1774044783651
gate,bybit,VANRYUSDT,0.005763,0.006161,6.9061,1774044783951
gate,bybit,VANRYUSDT,0.005763,0.006161,6.9061,1774044784252
gate,bybit,VANRYUSDT,0.005763,0.006161,6.9061,1774044784556
gate,bybit,VANRYUSDT,0.005763,0.006161,6.9061,1774044784856
gate,bybit,VANRYUSDT,0.005763,0.006161,6.9061,1774044785156
gate,bybit,VANRYUSDT,0.005763,0.006161,6.9061,1774044785456
gate,bybit,VANRYUSDT,0.005763,0.006161,6.9061,1774044785768
gate,bybit,VANRYUSDT,0.005763,0.006161,6.9061,1774044786083
gate,bybit,VANRYUSDT,0.005763,0.006161,6.9061,1774044786393
gate,bybit,VANRYUSDT,0.005763,0.006161,6.9061,1774044786703
gate,bybit,VANRYUSDT,0.005762,0.00616,6.9073,1774044787020
gate,bybit,VANRYUSDT,0.005762,0.00616,6.9073,1774044787328
gate,bybit,VANRYUSDT,0.005762,0.00616,6.9073,1774044787638
gate,bybit,VANRYUSDT,0.005762,0.00616,6.9073,1774044787938
gate,bybit,VANRYUSDT,0.005762,0.00616,6.9073,1774044788238
gate,bybit,VANRYUSDT,0.005762,0.00616,6.9073,1774044788539
gate,bybit,VANRYUSDT,0.005762,0.00616,6.9073,1774044788839
gate,bybit,VANRYUSDT,0.005761,0.006159,6.9085,1774044789139
gate,bybit,VANRYUSDT,0.005761,0.006159,6.9085,1774044789453
gate,bybit,VANRYUSDT,0.005761,0.006159,6.9085,1774044789754
gate,bybit,VANRYUSDT,0.005761,0.006159,6.9085,1774044790056
gate,bybit,VANRYUSDT,0.005761,0.006159,6.9085,1774044790356
gate,bybit,VANRYUSDT,0.005761,0.006159,6.9085,1774044790656
gate,bybit,VANRYUSDT,0.005761,0.006159,6.9085,1774044790956
gate,bybit,VANRYUSDT,0.005761,0.006159,6.9085,1774044791257
gate,bybit,VANRYUSDT,0.005761,0.006159,6.9085,1774044791557
gate,bybit,VANRYUSDT,0.005761,0.006159,6.9085,1774044791857
gate,bybit,VANRYUSDT,0.005761,0.006159,6.9085,1774044792158
gate,bybit,VANRYUSDT,0.005761,0.006159,6.9085,1774044792458
gate,bybit,VANRYUSDT,0.005761,0.006159,6.9085,1774044792758
gate,bybit,VANRYUSDT,0.005761,0.006159,6.9085,1774044793058
gate,bybit,VANRYUSDT,0.005761,0.006159,6.9085,1774044793359
gate,bybit,VANRYUSDT,0.005761,0.006159,6.9085,1774044793659
gate,bybit,VANRYUSDT,0.005761,0.006159,6.9085,1774044793959
gate,bybit,VANRYUSDT,0.005761,0.006159,6.9085,1774044794259
gate,bybit,VANRYUSDT,0.005761,0.006159,6.9085,1774044794559
gate,bybit,VANRYUSDT,0.005758,0.006156,6.9121,1774044794859
gate,bybit,VANRYUSDT,0.005757,0.006156,6.9307,1774044795163
gate,bybit,VANRYUSDT,0.005757,0.006156,6.9307,1774044795463
gate,bybit,VANRYUSDT,0.005757,0.006156,6.9307,1774044795763
gate,bybit,VANRYUSDT,0.005757,0.006156,6.9307,1774044796063
gate,bybit,VANRYUSDT,0.005757,0.006156,6.9307,1774044796363
gate,bybit,VANRYUSDT,0.005757,0.006156,6.9307,1774044796663
gate,bybit,VANRYUSDT,0.005757,0.006156,6.9307,1774044796963
gate,bybit,VANRYUSDT,0.005757,0.006156,6.9307,1774044797263
gate,bybit,VANRYUSDT,0.005757,0.006156,6.9307,1774044797565
gate,bybit,VANRYUSDT,0.005757,0.006156,6.9307,1774044797865
gate,bybit,VANRYUSDT,0.005757,0.006155,6.9133,1774044798184
gate,bybit,VANRYUSDT,0.005757,0.006155,6.9133,1774044798496
gate,bybit,VANRYUSDT,0.005757,0.006155,6.9133,1774044798810
gate,bybit,VANRYUSDT,0.005757,0.006155,6.9133,1774044799127
gate,bybit,VANRYUSDT,0.005757,0.006155,6.9133,1774044799437
gate,bybit,VANRYUSDT,0.005757,0.006155,6.9133,1774044799745
gate,bybit,VANRYUSDT,0.005757,0.006155,6.9133,1774044800046
gate,bybit,VANRYUSDT,0.005757,0.006155,6.9133,1774044800346
gate,bybit,VANRYUSDT,0.005757,0.006155,6.9133,1774044800646
gate,bybit,VANRYUSDT,0.005757,0.006155,6.9133,1774044800946
gate,bybit,VANRYUSDT,0.005757,0.006155,6.9133,1774044801246
gate,bybit,VANRYUSDT,0.005757,0.006155,6.9133,1774044801547
gate,bybit,VANRYUSDT,0.005757,0.006155,6.9133,1774044801847
gate,bybit,VANRYUSDT,0.005757,0.006155,6.9133,1774044802149
gate,bybit,VANRYUSDT,0.005757,0.006155,6.9133,1774044802449
gate,bybit,VANRYUSDT,0.005757,0.006155,6.9133,1774044802750
gate,bybit,VANRYUSDT,0.005757,0.006155,6.9133,1774044803062
gate,bybit,VANRYUSDT,0.005757,0.006155,6.9133,1774044803374
gate,bybit,VANRYUSDT,0.005757,0.006155,6.9133,1774044803694
gate,bybit,VANRYUSDT,0.005757,0.006155,6.9133,1774044803999
gate,bybit,VANRYUSDT,0.005757,0.006155,6.9133,1774044804307
gate,bybit,VANRYUSDT,0.005757,0.006155,6.9133,1774044804620
gate,bybit,VANRYUSDT,0.005757,0.006155,6.9133,1774044804925
gate,bybit,VANRYUSDT,0.005757,0.006155,6.9133,1774044805233
gate,bybit,VANRYUSDT,0.005757,0.006152,6.8612,1774044805533
gate,bybit,VANRYUSDT,0.005753,0.006152,6.9355,1774044805833
gate,bybit,VANRYUSDT,0.005753,0.006152,6.9355,1774044806144
gate,bybit,VANRYUSDT,0.005753,0.006152,6.9355,1774044806457
gate,bybit,VANRYUSDT,0.005753,0.006152,6.9355,1774044806771
gate,bybit,VANRYUSDT,0.005753,0.006152,6.9355,1774044807081
gate,bybit,VANRYUSDT,0.005753,0.006152,6.9355,1774044807391
gate,bybit,VANRYUSDT,0.005753,0.006152,6.9355,1774044807702
gate,bybit,VANRYUSDT,0.005753,0.006152,6.9355,1774044808017
gate,bybit,VANRYUSDT,0.005753,0.006152,6.9355,1774044808334
gate,bybit,VANRYUSDT,0.005753,0.006152,6.9355,1774044808644
gate,bybit,VANRYUSDT,0.005753,0.006152,6.9355,1774044808952
gate,bybit,VANRYUSDT,0.005753,0.006152,6.9355,1774044809266
gate,bybit,VANRYUSDT,0.005752,0.006152,6.9541,1774044809578
gate,bybit,VANRYUSDT,0.005751,0.006152,6.9727,1774044809892
gate,bybit,VANRYUSDT,0.005748,0.006152,7.0285,1774044810201
gate,bybit,VANRYUSDT,0.005749,0.00615,6.9751,1774044810516
gate,bybit,VANRYUSDT,0.005748,0.006149,6.9763,1774044810827
gate,bybit,VANRYUSDT,0.005747,0.006148,6.9776,1774044811138
gate,bybit,VANRYUSDT,0.005747,0.006148,6.9776,1774044811447
gate,bybit,VANRYUSDT,0.005747,0.006148,6.9776,1774044811756
gate,bybit,VANRYUSDT,0.005747,0.006148,6.9776,1774044812067
gate,bybit,VANRYUSDT,0.005747,0.006148,6.9776,1774044812378
gate,bybit,VANRYUSDT,0.005747,0.006148,6.9776,1774044812704
gate,bybit,VANRYUSDT,0.005747,0.006148,6.9776,1774044813020
gate,bybit,VANRYUSDT,0.005747,0.006148,6.9776,1774044813333
gate,bybit,VANRYUSDT,0.005748,0.006148,6.9589,1774044813651
gate,bybit,VANRYUSDT,0.005748,0.006148,6.9589,1774044813962
gate,bybit,VANRYUSDT,0.005748,0.006148,6.9589,1774044814274
gate,bybit,VANRYUSDT,0.005748,0.006149,6.9763,1774044814591
gate,bybit,VANRYUSDT,0.005748,0.006149,6.9763,1774044814908
gate,bybit,VANRYUSDT,0.005748,0.006149,6.9763,1774044815221
gate,bybit,VANRYUSDT,0.005748,0.006149,6.9763,1774044815536
gate,bybit,VANRYUSDT,0.005748,0.006149,6.9763,1774044815854
gate,bybit,VANRYUSDT,0.005748,0.006149,6.9763,1774044816174
gate,bybit,VANRYUSDT,0.005748,0.006149,6.9763,1774044816487
gate,bybit,VANRYUSDT,0.005748,0.006149,6.9763,1774044816796
gate,bybit,VANRYUSDT,0.005748,0.006149,6.9763,1774044817109
gate,bybit,VANRYUSDT,0.005748,0.006148,6.9589,1774044817418
gate,bybit,VANRYUSDT,0.005748,0.006149,6.9763,1774044817732
gate,bybit,VANRYUSDT,0.005748,0.006149,6.9763,1774044818044
gate,bybit,VANRYUSDT,0.005748,0.006149,6.9763,1774044818356
gate,bybit,VANRYUSDT,0.005748,0.006149,6.9763,1774044818665
gate,bybit,VANRYUSDT,0.005748,0.006149,6.9763,1774044818975
gate,bybit,VANRYUSDT,0.005748,0.006149,6.9763,1774044819295
gate,bybit,VANRYUSDT,0.005748,0.006149,6.9763,1774044819606
gate,bybit,VANRYUSDT,0.005748,0.006149,6.9763,1774044819929
gate,bybit,VANRYUSDT,0.005748,0.006149,6.9763,1774044820245
gate,bybit,VANRYUSDT,0.005748,0.006149,6.9763,1774044820554
gate,bybit,VANRYUSDT,0.005748,0.006149,6.9763,1774044820864
gate,bybit,VANRYUSDT,0.005748,0.006149,6.9763,1774044821169
gate,bybit,VANRYUSDT,0.005748,0.006149,6.9763,1774044821477
gate,bybit,VANRYUSDT,0.005748,0.006149,6.9763,1774044821781
gate,bybit,VANRYUSDT,0.005748,0.006151,7.0111,1774044822088
gate,bybit,VANRYUSDT,0.005748,0.006151,7.0111,1774044822396
gate,bybit,VANRYUSDT,0.005748,0.006151,7.0111,1774044822707
gate,bybit,VANRYUSDT,0.005748,0.006151,7.0111,1774044823022
gate,bybit,VANRYUSDT,0.005748,0.006151,7.0111,1774044823329
gate,bybit,VANRYUSDT,0.005747,0.006151,7.0298,1774044823643
gate,bybit,VANRYUSDT,0.005747,0.006151,7.0298,1774044823949
gate,bybit,VANRYUSDT,0.005747,0.006151,7.0298,1774044824257
gate,bybit,VANRYUSDT,0.005748,0.006151,7.0111,1774044824561
gate,bybit,VANRYUSDT,0.005747,0.006151,7.0298,1774044824868
gate,bybit,VANRYUSDT,0.005747,0.006151,7.0298,1774044825172
gate,bybit,VANRYUSDT,0.005747,0.006151,7.0298,1774044825502
gate,bybit,VANRYUSDT,0.005748,0.006151,7.0111,1774044825812
gate,bybit,VANRYUSDT,0.005748,0.006151,7.0111,1774044826122
gate,bybit,VANRYUSDT,0.005748,0.006151,7.0111,1774044826434
gate,bybit,VANRYUSDT,0.005748,0.006151,7.0111,1774044826743
gate,bybit,VANRYUSDT,0.005748,0.006151,7.0111,1774044827051
gate,bybit,VANRYUSDT,0.005748,0.006151,7.0111,1774044827362
gate,bybit,VANRYUSDT,0.005748,0.006151,7.0111,1774044827674
gate,bybit,VANRYUSDT,0.005748,0.006151,7.0111,1774044827980
gate,bybit,VANRYUSDT,0.005748,0.006151,7.0111,1774044828292
gate,bybit,VANRYUSDT,0.005748,0.006151,7.0111,1774044828605
gate,bybit,VANRYUSDT,0.005748,0.006151,7.0111,1774044828921
gate,bybit,VANRYUSDT,0.005748,0.006151,7.0111,1774044829233
gate,bybit,VANRYUSDT,0.005748,0.006151,7.0111,1774044829543
gate,bybit,VANRYUSDT,0.005748,0.006151,7.0111,1774044829859
gate,bybit,VANRYUSDT,0.005748,0.006151,7.0111,1774044830165
gate,bybit,VANRYUSDT,0.005748,0.006151,7.0111,1774044830472
gate,bybit,VANRYUSDT,0.005748,0.006151,7.0111,1774044830775
gate,bybit,VANRYUSDT,0.005748,0.006151,7.0111,1774044831081
gate,bybit,VANRYUSDT,0.005748,0.006151,7.0111,1774044831386
gate,bybit,VANRYUSDT,0.005748,0.006151,7.0111,1774044831688
gate,bybit,VANRYUSDT,0.005748,0.006151,7.0111,1774044831995
gate,bybit,VANRYUSDT,0.005748,0.006151,7.0111,1774044832300
gate,bybit,VANRYUSDT,0.005748,0.006151,7.0111,1774044832619
gate,bybit,VANRYUSDT,0.005748,0.006151,7.0111,1774044832929
gate,bybit,VANRYUSDT,0.005748,0.006151,7.0111,1774044833239
gate,bybit,VANRYUSDT,0.005748,0.006151,7.0111,1774044833545
gate,bybit,VANRYUSDT,0.005748,0.006151,7.0111,1774044833850
gate,bybit,VANRYUSDT,0.005748,0.006151,7.0111,1774044834157
gate,bybit,VANRYUSDT,0.005748,0.006151,7.0111,1774044834463
gate,bybit,VANRYUSDT,0.005748,0.006151,7.0111,1774044834782
gate,bybit,VANRYUSDT,0.005748,0.006151,7.0111,1774044835090
gate,bybit,VANRYUSDT,0.005748,0.006151,7.0111,1774044835403
gate,bybit,VANRYUSDT,0.005748,0.006151,7.0111,1774044835720
gate,bybit,VANRYUSDT,0.005748,0.006151,7.0111,1774044836032
gate,bybit,VANRYUSDT,0.005748,0.006151,7.0111,1774044836339
gate,bybit,VANRYUSDT,0.005748,0.006151,7.0111,1774044836640
gate,bybit,VANRYUSDT,0.005748,0.006151,7.0111,1774044836940
gate,bybit,VANRYUSDT,0.005748,0.006151,7.0111,1774044837240
gate,bybit,VANRYUSDT,0.005748,0.006151,7.0111,1774044837540
gate,bybit,VANRYUSDT,0.005748,0.006151,7.0111,1774044837843
gate,bybit,VANRYUSDT,0.005748,0.006151,7.0111,1774044838143
gate,bybit,VANRYUSDT,0.005748,0.006151,7.0111,1774044838444
gate,bybit,VANRYUSDT,0.005748,0.006151,7.0111,1774044838744
gate,bybit,VANRYUSDT,0.005748,0.006151,7.0111,1774044839052
gate,bybit,VANRYUSDT,0.005748,0.006151,7.0111,1774044839352
gate,bybit,VANRYUSDT,0.005748,0.006151,7.0111,1774044839655
gate,bybit,VANRYUSDT,0.005748,0.006151,7.0111,1774044839955
gate,bybit,VANRYUSDT,0.005748,0.006151,7.0111,1774044840267
gate,bybit,VANRYUSDT,0.005748,0.006151,7.0111,1774044840574
gate,bybit,VANRYUSDT,0.005748,0.006151,7.0111,1774044840886
gate,bybit,VANRYUSDT,0.005747,0.006151,7.0298,1774044841191
gate,bybit,VANRYUSDT,0.005747,0.006151,7.0298,1774044841498
gate,bybit,VANRYUSDT,0.005747,0.006151,7.0298,1774044841803
gate,bybit,VANRYUSDT,0.005747,0.006151,7.0298,1774044842108
gate,bybit,VANRYUSDT,0.005747,0.006151,7.0298,1774044842414
gate,bybit,VANRYUSDT,0.005746,0.00615,7.031,1774044842718
gate,bybit,VANRYUSDT,0.005746,0.00615,7.031,1774044843025
gate,bybit,VANRYUSDT,0.005746,0.00615,7.031,1774044843328
gate,bybit,VANRYUSDT,0.005744,0.006148,7.0334,1774044843633
gate,bybit,VANRYUSDT,0.005741,0.006144,7.0197,1774044843936
gate,bybit,VANRYUSDT,0.005743,0.006145,6.9998,1774044844238
gate,bybit,VANRYUSDT,0.005743,0.006145,6.9998,1774044844554
gate,bybit,VANRYUSDT,0.005743,0.006145,6.9998,1774044844857
gate,bybit,VANRYUSDT,0.005743,0.006145,6.9998,1774044845157
gate,bybit,VANRYUSDT,0.005743,0.006145,6.9998,1774044845467
gate,bybit,VANRYUSDT,0.005743,0.006145,6.9998,1774044845768
gate,bybit,VANRYUSDT,0.005743,0.006145,6.9998,1774044846068
gate,bybit,VANRYUSDT,0.005743,0.006145,6.9998,1774044846368
gate,bybit,VANRYUSDT,0.005743,0.006145,6.9998,1774044846668
gate,bybit,VANRYUSDT,0.005743,0.006145,6.9998,1774044846968
gate,bybit,VANRYUSDT,0.005743,0.006145,6.9998,1774044847268
gate,bybit,VANRYUSDT,0.005743,0.006145,6.9998,1774044847570
gate,bybit,VANRYUSDT,0.005743,0.006145,6.9998,1774044847871
gate,bybit,VANRYUSDT,0.005743,0.006145,6.9998,1774044848171
gate,bybit,VANRYUSDT,0.005743,0.006145,6.9998,1774044848482
gate,bybit,VANRYUSDT,0.005743,0.006145,6.9998,1774044848792
gate,bybit,VANRYUSDT,0.005743,0.006145,6.9998,1774044849093
gate,bybit,VANRYUSDT,0.005743,0.006145,6.9998,1774044849393
gate,bybit,VANRYUSDT,0.005743,0.006145,6.9998,1774044849693
gate,bybit,VANRYUSDT,0.005743,0.006145,6.9998,1774044849995
gate,bybit,VANRYUSDT,0.005743,0.006145,6.9998,1774044850304
gate,bybit,VANRYUSDT,0.005743,0.006145,6.9998,1774044850609
gate,bybit,VANRYUSDT,0.005743,0.006145,6.9998,1774044850909
gate,bybit,VANRYUSDT,0.005743,0.006145,6.9998,1774044851213
gate,bybit,VANRYUSDT,0.005743,0.006145,6.9998,1774044851517
gate,bybit,VANRYUSDT,0.005743,0.006145,6.9998,1774044851819
gate,bybit,VANRYUSDT,0.005743,0.006145,6.9998,1774044852121
gate,bybit,VANRYUSDT,0.005743,0.006145,6.9998,1774044852428
gate,bybit,VANRYUSDT,0.005741,0.006143,7.0023,1774044852728
gate,bybit,VANRYUSDT,0.005741,0.006143,7.0023,1774044853032
gate,bybit,VANRYUSDT,0.005741,0.006143,7.0023,1774044853332
gate,bybit,VANRYUSDT,0.005741,0.006143,7.0023,1774044853632
gate,bybit,VANRYUSDT,0.005741,0.006143,7.0023,1774044853932
gate,bybit,VANRYUSDT,0.005741,0.006143,7.0023,1774044854233
gate,bybit,VANRYUSDT,0.005741,0.006143,7.0023,1774044854534
gate,bybit,VANRYUSDT,0.005741,0.006143,7.0023,1774044854834
gate,bybit,VANRYUSDT,0.005741,0.006143,7.0023,1774044855134
gate,bybit,VANRYUSDT,0.005741,0.006143,7.0023,1774044855434
gate,bybit,VANRYUSDT,0.005741,0.006143,7.0023,1774044855734
gate,bybit,VANRYUSDT,0.005741,0.006143,7.0023,1774044856035
gate,bybit,VANRYUSDT,0.005739,0.006141,7.0047,1774044856335
gate,bybit,VANRYUSDT,0.005739,0.006141,7.0047,1774044856635
gate,bybit,VANRYUSDT,0.005739,0.006141,7.0047,1774044856939
gate,bybit,VANRYUSDT,0.005739,0.006141,7.0047,1774044857239
gate,bybit,VANRYUSDT,0.005739,0.006141,7.0047,1774044857539
gate,bybit,VANRYUSDT,0.005739,0.006141,7.0047,1774044857839
gate,bybit,VANRYUSDT,0.005739,0.006141,7.0047,1774044858139
gate,bybit,VANRYUSDT,0.005739,0.006141,7.0047,1774044858441
gate,bybit,VANRYUSDT,0.005739,0.006141,7.0047,1774044858742
gate,bybit,VANRYUSDT,0.005739,0.006141,7.0047,1774044859042
gate,bybit,VANRYUSDT,0.005739,0.006141,7.0047,1774044859342
gate,bybit,VANRYUSDT,0.005739,0.006141,7.0047,1774044859642
gate,bybit,VANRYUSDT,0.005739,0.006141,7.0047,1774044859942
gate,bybit,VANRYUSDT,0.005739,0.006141,7.0047,1774044860243
gate,bybit,VANRYUSDT,0.005739,0.006141,7.0047,1774044860543
gate,bybit,VANRYUSDT,0.005739,0.006141,7.0047,1774044860843
gate,bybit,VANRYUSDT,0.005739,0.006141,7.0047,1774044861144
gate,bybit,VANRYUSDT,0.005739,0.006141,7.0047,1774044861444
gate,bybit,VANRYUSDT,0.005739,0.006141,7.0047,1774044861744
gate,bybit,VANRYUSDT,0.005739,0.006141,7.0047,1774044862044
gate,bybit,VANRYUSDT,0.005739,0.006141,7.0047,1774044862344
gate,bybit,VANRYUSDT,0.005739,0.006141,7.0047,1774044862644
gate,bybit,VANRYUSDT,0.005739,0.006141,7.0047,1774044862945
gate,bybit,VANRYUSDT,0.005739,0.006141,7.0047,1774044863245
gate,bybit,VANRYUSDT,0.005739,0.006141,7.0047,1774044863545
gate,bybit,VANRYUSDT,0.005739,0.006141,7.0047,1774044863845
gate,bybit,VANRYUSDT,0.005739,0.006141,7.0047,1774044864145
gate,bybit,VANRYUSDT,0.005739,0.006141,7.0047,1774044864445
gate,bybit,VANRYUSDT,0.005739,0.006141,7.0047,1774044864746
gate,bybit,VANRYUSDT,0.005739,0.006141,7.0047,1774044865046
gate,bybit,VANRYUSDT,0.005739,0.006141,7.0047,1774044865346
gate,bybit,VANRYUSDT,0.005739,0.006141,7.0047,1774044865646
gate,bybit,VANRYUSDT,0.005739,0.006141,7.0047,1774044865946
gate,bybit,VANRYUSDT,0.005739,0.006141,7.0047,1774044866246
gate,bybit,VANRYUSDT,0.005739,0.00614,6.9873,1774044866547
gate,bybit,VANRYUSDT,0.005738,0.00614,7.0059,1774044866848
gate,bybit,VANRYUSDT,0.005738,0.00614,7.0059,1774044867148
gate,bybit,VANRYUSDT,0.005738,0.00614,7.0059,1774044867448
gate,bybit,VANRYUSDT,0.005738,0.00614,7.0059,1774044867748
gate,bybit,VANRYUSDT,0.005738,0.00614,7.0059,1774044868049
gate,bybit,VANRYUSDT,0.005738,0.00614,7.0059,1774044868349
gate,bybit,VANRYUSDT,0.005738,0.00614,7.0059,1774044868649
gate,bybit,VANRYUSDT,0.005738,0.00614,7.0059,1774044868949
gate,bybit,VANRYUSDT,0.005738,0.00614,7.0059,1774044869257
gate,bybit,VANRYUSDT,0.005738,0.00614,7.0059,1774044869562
gate,bybit,VANRYUSDT,0.005738,0.00614,7.0059,1774044869878
gate,bybit,VANRYUSDT,0.005738,0.00614,7.0059,1774044870189
gate,bybit,VANRYUSDT,0.005738,0.00614,7.0059,1774044870495
gate,bybit,VANRYUSDT,0.005738,0.00614,7.0059,1774044870803
gate,bybit,VANRYUSDT,0.005738,0.00614,7.0059,1774044871115
gate,bybit,VANRYUSDT,0.005738,0.00614,7.0059,1774044871418
gate,bybit,VANRYUSDT,0.005738,0.00614,7.0059,1774044871721
gate,bybit,VANRYUSDT,0.005738,0.00614,7.0059,1774044872025
gate,bybit,VANRYUSDT,0.005738,0.00614,7.0059,1774044872325
gate,bybit,VANRYUSDT,0.005738,0.00614,7.0059,1774044872625
gate,bybit,VANRYUSDT,0.005738,0.00614,7.0059,1774044872927
gate,bybit,VANRYUSDT,0.005738,0.00614,7.0059,1774044873228
gate,bybit,VANRYUSDT,0.005738,0.00614,7.0059,1774044873529
gate,bybit,VANRYUSDT,0.005738,0.00614,7.0059,1774044873830
gate,bybit,VANRYUSDT,0.005738,0.00614,7.0059,1774044874130
gate,bybit,VANRYUSDT,0.005738,0.00614,7.0059,1774044874438
gate,bybit,VANRYUSDT,0.005738,0.00614,7.0059,1774044874738
gate,bybit,VANRYUSDT,0.005738,0.00614,7.0059,1774044875038
gate,bybit,VANRYUSDT,0.005738,0.00614,7.0059,1774044875339
gate,bybit,VANRYUSDT,0.005738,0.00614,7.0059,1774044875639
gate,bybit,VANRYUSDT,0.005738,0.00614,7.0059,1774044875940
gate,bybit,VANRYUSDT,0.005738,0.00614,7.0059,1774044876240
gate,bybit,VANRYUSDT,0.005738,0.00614,7.0059,1774044876540
gate,bybit,VANRYUSDT,0.005738,0.00614,7.0059,1774044876840
gate,bybit,VANRYUSDT,0.005738,0.00614,7.0059,1774044877148
gate,bybit,VANRYUSDT,0.005738,0.00614,7.0059,1774044877449
gate,bybit,VANRYUSDT,0.005738,0.00614,7.0059,1774044877749
gate,bybit,VANRYUSDT,0.005738,0.00614,7.0059,1774044878049
gate,bybit,VANRYUSDT,0.005738,0.00614,7.0059,1774044878350
gate,bybit,VANRYUSDT,0.005738,0.00614,7.0059,1774044878650
gate,bybit,VANRYUSDT,0.005738,0.00614,7.0059,1774044878950
gate,bybit,VANRYUSDT,0.005738,0.00614,7.0059,1774044879251
gate,bybit,VANRYUSDT,0.005738,0.00614,7.0059,1774044879551
gate,bybit,VANRYUSDT,0.005738,0.00614,7.0059,1774044879852
gate,bybit,VANRYUSDT,0.005738,0.00614,7.0059,1774044880152
gate,bybit,VANRYUSDT,0.005738,0.00614,7.0059,1774044880452
gate,bybit,VANRYUSDT,0.005738,0.00614,7.0059,1774044880752
gate,bybit,VANRYUSDT,0.005738,0.00614,7.0059,1774044881053
gate,bybit,VANRYUSDT,0.005738,0.00614,7.0059,1774044881353
gate,bybit,VANRYUSDT,0.005738,0.00614,7.0059,1774044881653
gate,bybit,VANRYUSDT,0.005738,0.00614,7.0059,1774044881953
gate,bybit,VANRYUSDT,0.005737,0.00614,7.0246,1774044882255
gate,bybit,VANRYUSDT,0.005737,0.00614,7.0246,1774044882567
gate,bybit,VANRYUSDT,0.005737,0.00614,7.0246,1774044882867
gate,bybit,VANRYUSDT,0.005737,0.00614,7.0246,1774044883167
gate,bybit,VANRYUSDT,0.005737,0.00614,7.0246,1774044883467
gate,bybit,VANRYUSDT,0.005737,0.00614,7.0246,1774044883768
gate,bybit,VANRYUSDT,0.005737,0.00614,7.0246,1774044884068
gate,bybit,VANRYUSDT,0.005737,0.00614,7.0246,1774044884368
gate,bybit,VANRYUSDT,0.005735,0.006138,7.027,1774044884668
gate,bybit,VANRYUSDT,0.005735,0.006139,7.0445,1774044884969
gate,bybit,VANRYUSDT,0.005735,0.006139,7.0445,1774044885269
gate,bybit,VANRYUSDT,0.005735,0.006139,7.0445,1774044885569
gate,bybit,VANRYUSDT,0.005735,0.006139,7.0445,1774044885869
gate,bybit,VANRYUSDT,0.005735,0.006139,7.0445,1774044886169
gate,bybit,VANRYUSDT,0.005735,0.006139,7.0445,1774044886489
gate,bybit,VANRYUSDT,0.005735,0.006139,7.0445,1774044886802
gate,bybit,VANRYUSDT,0.005735,0.006139,7.0445,1774044887116
gate,bybit,VANRYUSDT,0.005736,0.006139,7.0258,1774044887424
gate,bybit,VANRYUSDT,0.005736,0.006139,7.0258,1774044887734
gate,bybit,VANRYUSDT,0.005736,0.006139,7.0258,1774044888042
gate,bybit,VANRYUSDT,0.005736,0.006139,7.0258,1774044888349
gate,bybit,VANRYUSDT,0.005736,0.006139,7.0258,1774044888663
gate,bybit,VANRYUSDT,0.005736,0.006139,7.0258,1774044888969
gate,bybit,VANRYUSDT,0.005736,0.006139,7.0258,1774044889276
gate,bybit,VANRYUSDT,0.005736,0.006139,7.0258,1774044889581
gate,bybit,VANRYUSDT,0.005736,0.006139,7.0258,1774044889886
gate,bybit,VANRYUSDT,0.005736,0.006139,7.0258,1774044890186
gate,bybit,VANRYUSDT,0.005736,0.006139,7.0258,1774044890486
gate,bybit,VANRYUSDT,0.005736,0.006139,7.0258,1774044890787
gate,bybit,VANRYUSDT,0.005736,0.006139,7.0258,1774044891087
gate,bybit,VANRYUSDT,0.005736,0.006139,7.0258,1774044891387
gate,bybit,VANRYUSDT,0.005736,0.006139,7.0258,1774044891687
gate,bybit,VANRYUSDT,0.005736,0.006139,7.0258,1774044891988
gate,bybit,VANRYUSDT,0.005736,0.006139,7.0258,1774044892289
gate,bybit,VANRYUSDT,0.005736,0.006139,7.0258,1774044892590
gate,bybit,VANRYUSDT,0.005736,0.006139,7.0258,1774044892890
gate,bybit,VANRYUSDT,0.005736,0.006139,7.0258,1774044893190
gate,bybit,VANRYUSDT,0.005736,0.006139,7.0258,1774044893490
gate,bybit,VANRYUSDT,0.005736,0.006139,7.0258,1774044893791
gate,bybit,VANRYUSDT,0.005736,0.006139,7.0258,1774044894106
gate,bybit,VANRYUSDT,0.005736,0.006139,7.0258,1774044894419
gate,bybit,VANRYUSDT,0.005736,0.006139,7.0258,1774044894722
gate,bybit,VANRYUSDT,0.005736,0.006139,7.0258,1774044895026
gate,bybit,VANRYUSDT,0.005736,0.006139,7.0258,1774044895333
gate,bybit,VANRYUSDT,0.005734,0.006138,7.0457,1774044895633
gate,bybit,VANRYUSDT,0.005734,0.006138,7.0457,1774044895933
gate,bybit,VANRYUSDT,0.005735,0.006138,7.027,1774044896234
gate,bybit,VANRYUSDT,0.005735,0.006138,7.027,1774044896535
gate,bybit,VANRYUSDT,0.005735,0.006138,7.027,1774044896835
gate,bybit,VANRYUSDT,0.005735,0.006138,7.027,1774044897136
gate,bybit,VANRYUSDT,0.005735,0.006138,7.027,1774044897450
gate,bybit,VANRYUSDT,0.005735,0.006138,7.027,1774044897760
gate,bybit,VANRYUSDT,0.005735,0.006138,7.027,1774044898076
gate,bybit,VANRYUSDT,0.005735,0.006138,7.027,1774044898389
gate,bybit,VANRYUSDT,0.005735,0.006138,7.027,1774044898697
gate,bybit,VANRYUSDT,0.005735,0.006138,7.027,1774044899025
gate,bybit,VANRYUSDT,0.005735,0.006138,7.027,1774044899334
gate,bybit,VANRYUSDT,0.005735,0.006138,7.027,1774044899642
gate,bybit,VANRYUSDT,0.005735,0.006138,7.027,1774044899951
gate,bybit,VANRYUSDT,0.005735,0.006138,7.027,1774044900262
gate,bybit,VANRYUSDT,0.005735,0.006138,7.027,1774044900575
gate,bybit,VANRYUSDT,0.005735,0.006138,7.027,1774044900880
gate,bybit,VANRYUSDT,0.005735,0.006138,7.027,1774044901198
gate,bybit,VANRYUSDT,0.005735,0.006138,7.027,1774044901508
gate,bybit,VANRYUSDT,0.005735,0.006138,7.027,1774044901824
gate,bybit,VANRYUSDT,0.005735,0.006138,7.027,1774044902132
gate,bybit,VANRYUSDT,0.005735,0.006138,7.027,1774044902445
gate,bybit,VANRYUSDT,0.005735,0.006138,7.027,1774044902751
gate,bybit,VANRYUSDT,0.005735,0.006138,7.027,1774044903063
gate,bybit,VANRYUSDT,0.005735,0.006138,7.027,1774044903373
gate,bybit,VANRYUSDT,0.005735,0.006138,7.027,1774044903676
gate,bybit,VANRYUSDT,0.005735,0.006138,7.027,1774044903982
gate,bybit,VANRYUSDT,0.005735,0.006138,7.027,1774044904286
gate,bybit,VANRYUSDT,0.005735,0.006138,7.027,1774044904586
gate,bybit,VANRYUSDT,0.005735,0.006138,7.027,1774044904886
gate,bybit,VANRYUSDT,0.005735,0.006138,7.027,1774044905186
gate,bybit,VANRYUSDT,0.005735,0.006138,7.027,1774044905486
gate,bybit,VANRYUSDT,0.005735,0.006138,7.027,1774044905786
gate,bybit,VANRYUSDT,0.005735,0.006138,7.027,1774044906087
gate,bybit,VANRYUSDT,0.005735,0.006138,7.027,1774044906388
gate,bybit,VANRYUSDT,0.005735,0.006138,7.027,1774044906688
gate,bybit,VANRYUSDT,0.005735,0.006138,7.027,1774044906988
gate,bybit,VANRYUSDT,0.005735,0.006138,7.027,1774044907288
gate,bybit,VANRYUSDT,0.005735,0.006138,7.027,1774044907589
gate,bybit,VANRYUSDT,0.005735,0.006138,7.027,1774044907904
gate,bybit,VANRYUSDT,0.005735,0.006138,7.027,1774044908213
gate,bybit,VANRYUSDT,0.005735,0.006138,7.027,1774044908525
gate,bybit,VANRYUSDT,0.005735,0.006138,7.027,1774044908833
gate,bybit,VANRYUSDT,0.005735,0.006138,7.027,1774044909144
gate,bybit,VANRYUSDT,0.005735,0.006138,7.027,1774044909453
gate,bybit,VANRYUSDT,0.005735,0.006138,7.027,1774044909759
gate,bybit,VANRYUSDT,0.005735,0.006138,7.027,1774044910060
gate,bybit,VANRYUSDT,0.005735,0.006138,7.027,1774044910362
gate,bybit,VANRYUSDT,0.005735,0.006138,7.027,1774044910663
gate,bybit,VANRYUSDT,0.005735,0.006138,7.027,1774044910963
gate,bybit,VANRYUSDT,0.005735,0.006138,7.027,1774044911263
gate,bybit,VANRYUSDT,0.005735,0.006138,7.027,1774044911563
gate,bybit,VANRYUSDT,0.005735,0.006138,7.027,1774044911863
gate,bybit,VANRYUSDT,0.005735,0.006138,7.027,1774044912164
gate,bybit,VANRYUSDT,0.005735,0.006138,7.027,1774044912464
gate,bybit,VANRYUSDT,0.005735,0.006138,7.027,1774044912764
gate,bybit,VANRYUSDT,0.005735,0.006138,7.027,1774044913065
gate,bybit,VANRYUSDT,0.005735,0.006138,7.027,1774044913365
gate,bybit,VANRYUSDT,0.005735,0.006138,7.027,1774044913672
gate,bybit,VANRYUSDT,0.005735,0.006138,7.027,1774044913973
gate,bybit,VANRYUSDT,0.005735,0.006138,7.027,1774044914273
gate,bybit,VANRYUSDT,0.005735,0.006138,7.027,1774044914573
gate,bybit,VANRYUSDT,0.005735,0.006138,7.027,1774044914874
gate,bybit,VANRYUSDT,0.005735,0.006138,7.027,1774044915174
gate,bybit,VANRYUSDT,0.005735,0.006138,7.027,1774044915474
gate,bybit,VANRYUSDT,0.005735,0.006138,7.027,1774044915775
gate,bybit,VANRYUSDT,0.005735,0.006138,7.027,1774044916075
gate,bybit,VANRYUSDT,0.005735,0.006138,7.027,1774044916376
gate,bybit,VANRYUSDT,0.005735,0.006138,7.027,1774044916676
gate,bybit,VANRYUSDT,0.005735,0.006138,7.027,1774044916976
gate,bybit,VANRYUSDT,0.005735,0.006138,7.027,1774044917276
gate,bybit,VANRYUSDT,0.005735,0.006138,7.027,1774044917577
gate,bybit,VANRYUSDT,0.005735,0.006138,7.027,1774044917877
gate,bybit,VANRYUSDT,0.005735,0.006138,7.027,1774044918178
gate,bybit,VANRYUSDT,0.005735,0.006138,7.027,1774044918478
gate,bybit,VANRYUSDT,0.005735,0.006138,7.027,1774044918793
gate,bybit,VANRYUSDT,0.005735,0.006138,7.027,1774044919111
gate,bybit,VANRYUSDT,0.005735,0.006138,7.027,1774044919421
gate,bybit,VANRYUSDT,0.005735,0.006138,7.027,1774044919736
gate,bybit,VANRYUSDT,0.005735,0.006138,7.027,1774044920049
gate,bybit,VANRYUSDT,0.005735,0.006138,7.027,1774044920362
gate,bybit,VANRYUSDT,0.005735,0.006138,7.027,1774044920673
gate,bybit,VANRYUSDT,0.005735,0.006138,7.027,1774044920979
gate,bybit,VANRYUSDT,0.005735,0.006138,7.027,1774044921284
gate,bybit,VANRYUSDT,0.005735,0.006138,7.027,1774044921591
gate,bybit,VANRYUSDT,0.005735,0.006138,7.027,1774044921898
gate,bybit,VANRYUSDT,0.005735,0.006138,7.027,1774044922202
gate,bybit,VANRYUSDT,0.005735,0.006138,7.027,1774044922509
gate,bybit,VANRYUSDT,0.005735,0.006138,7.027,1774044922814
gate,bybit,VANRYUSDT,0.005735,0.006138,7.027,1774044923124
gate,bybit,VANRYUSDT,0.005735,0.006138,7.027,1774044923427
gate,bybit,VANRYUSDT,0.005735,0.006138,7.027,1774044923729
gate,bybit,VANRYUSDT,0.005735,0.006138,7.027,1774044924030
gate,bybit,VANRYUSDT,0.005736,0.006139,7.0258,1774044924339
gate,bybit,VANRYUSDT,0.005736,0.006139,7.0258,1774044924640
gate,bybit,VANRYUSDT,0.005736,0.006139,7.0258,1774044924940
gate,bybit,VANRYUSDT,0.005736,0.006139,7.0258,1774044925240
gate,bybit,VANRYUSDT,0.005736,0.006139,7.0258,1774044925540
gate,bybit,VANRYUSDT,0.005736,0.006139,7.0258,1774044925840
gate,bybit,VANRYUSDT,0.005736,0.006139,7.0258,1774044926140
gate,bybit,VANRYUSDT,0.005736,0.006139,7.0258,1774044926441
gate,bybit,VANRYUSDT,0.005736,0.006139,7.0258,1774044926741
gate,bybit,VANRYUSDT,0.005736,0.006139,7.0258,1774044927042
gate,bybit,VANRYUSDT,0.005736,0.00614,7.0432,1774044927343
gate,bybit,VANRYUSDT,0.005736,0.00614,7.0432,1774044927643
gate,bybit,VANRYUSDT,0.005736,0.00614,7.0432,1774044927944
gate,bybit,VANRYUSDT,0.005736,0.00614,7.0432,1774044928244
gate,bybit,VANRYUSDT,0.005736,0.00614,7.0432,1774044928544
gate,bybit,VANRYUSDT,0.005736,0.00614,7.0432,1774044928845
gate,bybit,VANRYUSDT,0.005736,0.00614,7.0432,1774044929146
gate,bybit,VANRYUSDT,0.005736,0.00614,7.0432,1774044929446
gate,bybit,VANRYUSDT,0.005736,0.00614,7.0432,1774044929746
gate,bybit,VANRYUSDT,0.005736,0.00614,7.0432,1774044930047
gate,bybit,VANRYUSDT,0.005736,0.00614,7.0432,1774044930347
gate,bybit,VANRYUSDT,0.005736,0.00614,7.0432,1774044930648
gate,bybit,VANRYUSDT,0.005736,0.00614,7.0432,1774044930948
gate,bybit,VANRYUSDT,0.005736,0.00614,7.0432,1774044931250
gate,bybit,VANRYUSDT,0.005736,0.00614,7.0432,1774044931550
gate,bybit,VANRYUSDT,0.005736,0.00614,7.0432,1774044931850
gate,bybit,VANRYUSDT,0.005736,0.00614,7.0432,1774044932151
gate,bybit,VANRYUSDT,0.005736,0.00614,7.0432,1774044932454
gate,bybit,VANRYUSDT,0.005736,0.00614,7.0432,1774044932754
gate,bybit,VANRYUSDT,0.005736,0.00614,7.0432,1774044933056
gate,bybit,VANRYUSDT,0.005736,0.00614,7.0432,1774044933356
gate,bybit,VANRYUSDT,0.005736,0.00614,7.0432,1774044933665
gate,bybit,VANRYUSDT,0.005736,0.00614,7.0432,1774044933965
gate,bybit,VANRYUSDT,0.005736,0.00614,7.0432,1774044934265
gate,bybit,VANRYUSDT,0.005736,0.00614,7.0432,1774044934565
gate,bybit,VANRYUSDT,0.005736,0.00614,7.0432,1774044934865
gate,bybit,VANRYUSDT,0.005736,0.00614,7.0432,1774044935166
gate,bybit,VANRYUSDT,0.005736,0.00614,7.0432,1774044935466
gate,bybit,VANRYUSDT,0.005736,0.00614,7.0432,1774044935766
gate,bybit,VANRYUSDT,0.005736,0.00614,7.0432,1774044936066
gate,bybit,VANRYUSDT,0.005736,0.00614,7.0432,1774044936375
gate,bybit,VANRYUSDT,0.005736,0.00614,7.0432,1774044936675
gate,bybit,VANRYUSDT,0.005736,0.00614,7.0432,1774044936975
gate,bybit,VANRYUSDT,0.005736,0.00614,7.0432,1774044937275
gate,bybit,VANRYUSDT,0.005736,0.00614,7.0432,1774044937576
gate,bybit,VANRYUSDT,0.005736,0.00614,7.0432,1774044937876
gate,bybit,VANRYUSDT,0.005736,0.00614,7.0432,1774044938181
gate,bybit,VANRYUSDT,0.005736,0.00614,7.0432,1774044938481
gate,bybit,VANRYUSDT,0.005736,0.00614,7.0432,1774044938781
gate,bybit,VANRYUSDT,0.005736,0.00614,7.0432,1774044939082
gate,bybit,VANRYUSDT,0.005736,0.00614,7.0432,1774044939382
gate,bybit,VANRYUSDT,0.005736,0.00614,7.0432,1774044939682
gate,bybit,VANRYUSDT,0.005736,0.00614,7.0432,1774044939982
gate,bybit,VANRYUSDT,0.005736,0.00614,7.0432,1774044940283
gate,bybit,VANRYUSDT,0.005735,0.00614,7.0619,1774044940583
gate,bybit,VANRYUSDT,0.005735,0.00614,7.0619,1774044940883
gate,bybit,VANRYUSDT,0.005735,0.00614,7.0619,1774044941183
gate,bybit,VANRYUSDT,0.005735,0.00614,7.0619,1774044941486
gate,bybit,VANRYUSDT,0.005735,0.00614,7.0619,1774044941786
gate,bybit,VANRYUSDT,0.005735,0.00614,7.0619,1774044942086
gate,bybit,VANRYUSDT,0.005734,0.006139,7.0631,1774044942386
gate,bybit,VANRYUSDT,0.005735,0.006139,7.0445,1774044942686
gate,bybit,VANRYUSDT,0.005735,0.006139,7.0445,1774044942986
gate,bybit,VANRYUSDT,0.005735,0.006139,7.0445,1774044943286
gate,bybit,VANRYUSDT,0.005735,0.006139,7.0445,1774044943587
gate,bybit,VANRYUSDT,0.005735,0.006139,7.0445,1774044943887
gate,bybit,VANRYUSDT,0.005735,0.006139,7.0445,1774044944187
gate,bybit,VANRYUSDT,0.005735,0.00614,7.0619,1774044944487
gate,bybit,VANRYUSDT,0.005735,0.00614,7.0619,1774044944788
gate,bybit,VANRYUSDT,0.005735,0.00614,7.0619,1774044945088
gate,bybit,VANRYUSDT,0.005735,0.00614,7.0619,1774044945388
gate,bybit,VANRYUSDT,0.005735,0.00614,7.0619,1774044945690
gate,bybit,VANRYUSDT,0.005735,0.00614,7.0619,1774044945990
gate,bybit,VANRYUSDT,0.005735,0.00614,7.0619,1774044946291
gate,bybit,VANRYUSDT,0.005735,0.00614,7.0619,1774044946592
gate,bybit,VANRYUSDT,0.005735,0.006139,7.0445,1774044946893
gate,bybit,VANRYUSDT,0.005735,0.006139,7.0445,1774044947193
gate,bybit,VANRYUSDT,0.005735,0.006139,7.0445,1774044947493
gate,bybit,VANRYUSDT,0.005735,0.006139,7.0445,1774044947793
gate,bybit,VANRYUSDT,0.005735,0.006139,7.0445,1774044948094
gate,bybit,VANRYUSDT,0.005732,0.006136,7.0482,1774044948395
gate,bybit,VANRYUSDT,0.005732,0.006136,7.0482,1774044948700
gate,bybit,VANRYUSDT,0.005732,0.006136,7.0482,1774044949003
gate,bybit,VANRYUSDT,0.005732,0.006136,7.0482,1774044949308
gate,bybit,VANRYUSDT,0.005732,0.006136,7.0482,1774044949608
gate,bybit,VANRYUSDT,0.005731,0.006136,7.0668,1774044949908
gate,bybit,VANRYUSDT,0.005731,0.006136,7.0668,1774044950211
gate,bybit,VANRYUSDT,0.005731,0.006136,7.0668,1774044950517
gate,bybit,VANRYUSDT,0.005731,0.006136,7.0668,1774044950819
gate,bybit,VANRYUSDT,0.005731,0.006136,7.0668,1774044951123
gate,bybit,VANRYUSDT,0.005731,0.006136,7.0668,1774044951425
gate,bybit,VANRYUSDT,0.005731,0.006136,7.0668,1774044951726
gate,bybit,VANRYUSDT,0.00573,0.006135,7.0681,1774044952026
gate,bybit,VANRYUSDT,0.00573,0.006135,7.0681,1774044952328
gate,bybit,VANRYUSDT,0.00573,0.006135,7.0681,1774044952628
gate,bybit,VANRYUSDT,0.00573,0.006135,7.0681,1774044952929
gate,bybit,VANRYUSDT,0.00573,0.006135,7.0681,1774044953238
gate,bybit,VANRYUSDT,0.00573,0.006135,7.0681,1774044953538
gate,bybit,VANRYUSDT,0.00573,0.006135,7.0681,1774044953838
gate,bybit,VANRYUSDT,0.00573,0.006135,7.0681,1774044954138
gate,bybit,VANRYUSDT,0.00573,0.006135,7.0681,1774044954440
gate,bybit,VANRYUSDT,0.00573,0.006135,7.0681,1774044954740
gate,bybit,VANRYUSDT,0.00573,0.006135,7.0681,1774044955041
gate,bybit,VANRYUSDT,0.00573,0.006135,7.0681,1774044955342
gate,bybit,VANRYUSDT,0.00573,0.006135,7.0681,1774044955642
gate,bybit,VANRYUSDT,0.00573,0.006135,7.0681,1774044955942
gate,bybit,VANRYUSDT,0.00573,0.006135,7.0681,1774044956242
gate,bybit,VANRYUSDT,0.00573,0.006135,7.0681,1774044956542
gate,bybit,VANRYUSDT,0.00573,0.006135,7.0681,1774044956843
gate,bybit,VANRYUSDT,0.00573,0.006135,7.0681,1774044957143
gate,bybit,VANRYUSDT,0.00573,0.006135,7.0681,1774044957443
gate,bybit,VANRYUSDT,0.00573,0.006135,7.0681,1774044957743
gate,bybit,VANRYUSDT,0.00573,0.006135,7.0681,1774044958043
gate,bybit,VANRYUSDT,0.00573,0.006135,7.0681,1774044958344
gate,bybit,VANRYUSDT,0.00573,0.006135,7.0681,1774044958645
gate,bybit,VANRYUSDT,0.00573,0.006135,7.0681,1774044958945
gate,bybit,VANRYUSDT,0.00573,0.006135,7.0681,1774044959245
gate,bybit,VANRYUSDT,0.00573,0.006135,7.0681,1774044959546
gate,bybit,VANRYUSDT,0.00573,0.006135,7.0681,1774044959846
gate,bybit,VANRYUSDT,0.00573,0.006135,7.0681,1774044960146
gate,bybit,VANRYUSDT,0.00573,0.006135,7.0681,1774044960454
gate,bybit,VANRYUSDT,0.00573,0.006135,7.0681,1774044960764
gate,bybit,VANRYUSDT,0.00573,0.006135,7.0681,1774044961069
gate,bybit,VANRYUSDT,0.00573,0.006135,7.0681,1774044961371
gate,bybit,VANRYUSDT,0.00573,0.006135,7.0681,1774044961672
gate,bybit,VANRYUSDT,0.00573,0.006135,7.0681,1774044961973
gate,bybit,VANRYUSDT,0.00573,0.006135,7.0681,1774044962273
gate,bybit,VANRYUSDT,0.00573,0.006135,7.0681,1774044962573
gate,bybit,VANRYUSDT,0.00573,0.006135,7.0681,1774044962873
gate,bybit,VANRYUSDT,0.00573,0.006135,7.0681,1774044963177
gate,bybit,VANRYUSDT,0.00573,0.006135,7.0681,1774044963477
gate,bybit,VANRYUSDT,0.00573,0.006135,7.0681,1774044963777
gate,bybit,VANRYUSDT,0.00573,0.006135,7.0681,1774044964077
gate,bybit,VANRYUSDT,0.00573,0.006135,7.0681,1774044964377
gate,bybit,VANRYUSDT,0.00573,0.006135,7.0681,1774044964678
gate,bybit,VANRYUSDT,0.00573,0.006135,7.0681,1774044964978
gate,bybit,VANRYUSDT,0.00573,0.006135,7.0681,1774044965279
gate,bybit,VANRYUSDT,0.00573,0.006135,7.0681,1774044965580
gate,bybit,VANRYUSDT,0.00573,0.006135,7.0681,1774044965880
gate,bybit,VANRYUSDT,0.00573,0.006135,7.0681,1774044966180
gate,bybit,VANRYUSDT,0.00573,0.006135,7.0681,1774044966480
gate,bybit,VANRYUSDT,0.00573,0.006135,7.0681,1774044966780
gate,bybit,VANRYUSDT,0.00573,0.006135,7.0681,1774044967080
gate,bybit,VANRYUSDT,0.00573,0.006135,7.0681,1774044967380
gate,bybit,VANRYUSDT,0.00573,0.006135,7.0681,1774044967681
gate,bybit,VANRYUSDT,0.00573,0.006135,7.0681,1774044967981
gate,bybit,VANRYUSDT,0.00573,0.006135,7.0681,1774044968281
gate,bybit,VANRYUSDT,0.00573,0.006135,7.0681,1774044968581
gate,bybit,VANRYUSDT,0.00573,0.006135,7.0681,1774044968882
gate,bybit,VANRYUSDT,0.00573,0.006135,7.0681,1774044969182
gate,bybit,VANRYUSDT,0.00573,0.006135,7.0681,1774044969493
gate,bybit,VANRYUSDT,0.00573,0.006135,7.0681,1774044969800
gate,bybit,VANRYUSDT,0.00573,0.006135,7.0681,1774044970107
gate,bybit,VANRYUSDT,0.00573,0.006135,7.0681,1774044970413
gate,bybit,VANRYUSDT,0.00573,0.006135,7.0681,1774044970717
gate,bybit,VANRYUSDT,0.00573,0.006135,7.0681,1774044971022
gate,bybit,VANRYUSDT,0.00573,0.006135,7.0681,1774044971324
gate,bybit,VANRYUSDT,0.00573,0.006135,7.0681,1774044971625
gate,bybit,VANRYUSDT,0.00573,0.006135,7.0681,1774044971925
gate,bybit,VANRYUSDT,0.00573,0.006135,7.0681,1774044972227
gate,bybit,VANRYUSDT,0.00573,0.006135,7.0681,1774044972528
gate,bybit,VANRYUSDT,0.00573,0.006135,7.0681,1774044972828
gate,bybit,VANRYUSDT,0.00573,0.006135,7.0681,1774044973128
gate,bybit,VANRYUSDT,0.00573,0.006135,7.0681,1774044973428
gate,bybit,VANRYUSDT,0.00573,0.006135,7.0681,1774044973728
gate,bybit,VANRYUSDT,0.00573,0.006135,7.0681,1774044974038
gate,bybit,VANRYUSDT,0.00573,0.006135,7.0681,1774044974339
gate,bybit,VANRYUSDT,0.00573,0.006135,7.0681,1774044974639
gate,bybit,VANRYUSDT,0.00573,0.006135,7.0681,1774044974940
gate,bybit,VANRYUSDT,0.00573,0.006135,7.0681,1774044975240
gate,bybit,VANRYUSDT,0.00573,0.006135,7.0681,1774044975540
gate,bybit,VANRYUSDT,0.00573,0.006135,7.0681,1774044975840
gate,bybit,VANRYUSDT,0.00573,0.006135,7.0681,1774044976141
gate,bybit,VANRYUSDT,0.00573,0.006135,7.0681,1774044976441
gate,bybit,VANRYUSDT,0.00573,0.006135,7.0681,1774044976742
gate,bybit,VANRYUSDT,0.00573,0.006135,7.0681,1774044977042
gate,bybit,VANRYUSDT,0.00573,0.006135,7.0681,1774044977342
gate,bybit,VANRYUSDT,0.00573,0.006135,7.0681,1774044977642
gate,bybit,VANRYUSDT,0.00573,0.006135,7.0681,1774044977943
gate,bybit,VANRYUSDT,0.00573,0.006135,7.0681,1774044978243
gate,bybit,VANRYUSDT,0.00573,0.006135,7.0681,1774044978544
gate,bybit,VANRYUSDT,0.00573,0.006135,7.0681,1774044978844
gate,bybit,VANRYUSDT,0.00573,0.006135,7.0681,1774044979153
gate,bybit,VANRYUSDT,0.00573,0.006135,7.0681,1774044979465
gate,bybit,VANRYUSDT,0.00573,0.006135,7.0681,1774044979766
gate,bybit,VANRYUSDT,0.00573,0.006135,7.0681,1774044980066
gate,bybit,VANRYUSDT,0.00573,0.006135,7.0681,1774044980366
gate,bybit,VANRYUSDT,0.00573,0.006135,7.0681,1774044980666
gate,bybit,VANRYUSDT,0.00573,0.006135,7.0681,1774044980966
gate,bybit,VANRYUSDT,0.00573,0.006135,7.0681,1774044981266
gate,bybit,VANRYUSDT,0.00573,0.006135,7.0681,1774044981566
gate,bybit,VANRYUSDT,0.00573,0.006135,7.0681,1774044981866
gate,bybit,VANRYUSDT,0.00573,0.006135,7.0681,1774044982167
gate,bybit,VANRYUSDT,0.00573,0.006135,7.0681,1774044982467
gate,bybit,VANRYUSDT,0.00573,0.006135,7.0681,1774044982768
gate,bybit,VANRYUSDT,0.00573,0.006135,7.0681,1774044983069
gate,bybit,VANRYUSDT,0.00573,0.006135,7.0681,1774044983369
gate,bybit,VANRYUSDT,0.00573,0.006135,7.0681,1774044983669
gate,bybit,VANRYUSDT,0.00573,0.006135,7.0681,1774044983970
gate,bybit,VANRYUSDT,0.00573,0.006135,7.0681,1774044984270
gate,bybit,VANRYUSDT,0.00573,0.006135,7.0681,1774044984570
gate,bybit,VANRYUSDT,0.00573,0.006135,7.0681,1774044984870
gate,bybit,VANRYUSDT,0.00573,0.006135,7.0681,1774044985170
gate,bybit,VANRYUSDT,0.00573,0.006135,7.0681,1774044985470
gate,bybit,VANRYUSDT,0.00573,0.006135,7.0681,1774044985770
gate,bybit,VANRYUSDT,0.00573,0.006135,7.0681,1774044986072
gate,bybit,VANRYUSDT,0.00573,0.006135,7.0681,1774044986373
gate,bybit,VANRYUSDT,0.00573,0.006135,7.0681,1774044986674
gate,bybit,VANRYUSDT,0.00573,0.006135,7.0681,1774044986974
gate,bybit,VANRYUSDT,0.00573,0.006135,7.0681,1774044987274
gate,bybit,VANRYUSDT,0.00573,0.006135,7.0681,1774044987575
gate,bybit,VANRYUSDT,0.00573,0.006135,7.0681,1774044987875
gate,bybit,VANRYUSDT,0.00573,0.006135,7.0681,1774044988175
gate,bybit,VANRYUSDT,0.00573,0.006135,7.0681,1774044988475
gate,bybit,VANRYUSDT,0.00573,0.006135,7.0681,1774044988775
gate,bybit,VANRYUSDT,0.00573,0.006135,7.0681,1774044989076
gate,bybit,VANRYUSDT,0.00573,0.006135,7.0681,1774044989376
gate,bybit,VANRYUSDT,0.005734,0.006137,7.0283,1774044989676
gate,bybit,VANRYUSDT,0.005735,0.006137,7.0096,1774044989976
gate,bybit,VANRYUSDT,0.005737,0.006137,6.9723,1774044990277
gate,bybit,VANRYUSDT,0.005737,0.00614,7.0246,1774044990577
gate,bybit,VANRYUSDT,0.005738,0.00614,7.0059,1774044990877
gate,bybit,VANRYUSDT,0.005738,0.00614,7.0059,1774044991177
gate,bybit,VANRYUSDT,0.005738,0.00614,7.0059,1774044991477
gate,bybit,VANRYUSDT,0.005738,0.00614,7.0059,1774044991777
gate,bybit,VANRYUSDT,0.005738,0.00614,7.0059,1774044992078
gate,bybit,VANRYUSDT,0.005738,0.006139,6.9885,1774044992378
gate,bybit,VANRYUSDT,0.005737,0.006139,7.0071,1774044992678
gate,bybit,VANRYUSDT,0.005736,0.006139,7.0258,1774044992980
gate,bybit,VANRYUSDT,0.005737,0.006139,7.0071,1774044993280
gate,bybit,VANRYUSDT,0.005737,0.006139,7.0071,1774044993580
gate,bybit,VANRYUSDT,0.005737,0.006139,7.0071,1774044993880
gate,bybit,VANRYUSDT,0.005737,0.006139,7.0071,1774044994180
gate,bybit,VANRYUSDT,0.005737,0.006139,7.0071,1774044994481
gate,bybit,VANRYUSDT,0.005738,0.006139,6.9885,1774044994781
gate,bybit,VANRYUSDT,0.005737,0.006139,7.0071,1774044995081
gate,bybit,VANRYUSDT,0.005737,0.006139,7.0071,1774044995381
gate,bybit,VANRYUSDT,0.005737,0.006139,7.0071,1774044995691
gate,bybit,VANRYUSDT,0.005738,0.006139,6.9885,1774044995992
gate,bybit,VANRYUSDT,0.005738,0.006139,6.9885,1774044996293
gate,bybit,VANRYUSDT,0.005738,0.006139,6.9885,1774044996606
gate,bybit,VANRYUSDT,0.005738,0.006139,6.9885,1774044996912
gate,bybit,VANRYUSDT,0.005738,0.006139,6.9885,1774044997225
gate,bybit,VANRYUSDT,0.005738,0.006139,6.9885,1774044997532
gate,bybit,VANRYUSDT,0.00574,0.006139,6.9512,1774044997843
gate,bybit,VANRYUSDT,0.005739,0.006139,6.9699,1774044998145
gate,bybit,VANRYUSDT,0.005739,0.006139,6.9699,1774044998445
gate,bybit,VANRYUSDT,0.005739,0.006139,6.9699,1774044998745
gate,bybit,VANRYUSDT,0.00574,0.006139,6.9512,1774044999046
gate,bybit,VANRYUSDT,0.00574,0.006139,6.9512,1774044999346
gate,bybit,VANRYUSDT,0.00574,0.006139,6.9512,1774044999647
gate,bybit,VANRYUSDT,0.00574,0.006139,6.9512,1774044999947
gate,bybit,VANRYUSDT,0.005741,0.00614,6.95,1774045000252
gate,bybit,VANRYUSDT,0.005741,0.00614,6.95,1774045000553
gate,bybit,VANRYUSDT,0.005741,0.00614,6.95,1774045000853
gate,bybit,VANRYUSDT,0.005741,0.00614,6.95,1774045001154
gate,bybit,VANRYUSDT,0.005741,0.00614,6.95,1774045001454
gate,bybit,VANRYUSDT,0.005741,0.00614,6.95,1774045001754
gate,bybit,VANRYUSDT,0.005741,0.00614,6.95,1774045002055
gate,bybit,VANRYUSDT,0.005741,0.00614,6.95,1774045002365
gate,bybit,VANRYUSDT,0.005741,0.00614,6.95,1774045002666
gate,bybit,VANRYUSDT,0.005741,0.00614,6.95,1774045002966
gate,bybit,VANRYUSDT,0.005741,0.00614,6.95,1774045003266
gate,bybit,VANRYUSDT,0.005741,0.00614,6.95,1774045003567
gate,bybit,VANRYUSDT,0.005741,0.00614,6.95,1774045003867
gate,bybit,VANRYUSDT,0.005742,0.00614,6.9314,1774045004167
gate,bybit,VANRYUSDT,0.005742,0.00614,6.9314,1774045004467
gate,bybit,VANRYUSDT,0.005742,0.006139,6.914,1774045004767
gate,bybit,VANRYUSDT,0.005742,0.006139,6.914,1774045005067
gate,bybit,VANRYUSDT,0.005742,0.006139,6.914,1774045005367
gate,bybit,VANRYUSDT,0.005742,0.006139,6.914,1774045005668
gate,bybit,VANRYUSDT,0.005742,0.006139,6.914,1774045005969
gate,bybit,VANRYUSDT,0.005742,0.006139,6.914,1774045006269
gate,bybit,VANRYUSDT,0.005741,0.006139,6.9326,1774045006569
gate,bybit,VANRYUSDT,0.005741,0.006139,6.9326,1774045006869
gate,bybit,VANRYUSDT,0.005741,0.006139,6.9326,1774045007169
gate,bybit,VANRYUSDT,0.005742,0.006139,6.914,1774045007469
gate,bybit,VANRYUSDT,0.005741,0.006139,6.9326,1774045007770
gate,bybit,VANRYUSDT,0.005741,0.006139,6.9326,1774045008070
gate,bybit,VANRYUSDT,0.005741,0.006139,6.9326,1774045008370
gate,bybit,VANRYUSDT,0.005741,0.006139,6.9326,1774045008671
gate,bybit,VANRYUSDT,0.005742,0.00614,6.9314,1774045008972
gate,bybit,VANRYUSDT,0.005742,0.00614,6.9314,1774045009272
gate,bybit,VANRYUSDT,0.005742,0.00614,6.9314,1774045009573
gate,bybit,VANRYUSDT,0.005742,0.00614,6.9314,1774045009873
gate,bybit,VANRYUSDT,0.005742,0.00614,6.9314,1774045010173
gate,bybit,VANRYUSDT,0.005742,0.006142,6.9662,1774045010473
gate,bybit,VANRYUSDT,0.005742,0.006142,6.9662,1774045010774
gate,bybit,VANRYUSDT,0.005742,0.006142,6.9662,1774045011075
gate,bybit,VANRYUSDT,0.005743,0.006142,6.9476,1774045011376
gate,bybit,VANRYUSDT,0.005743,0.006142,6.9476,1774045011676
gate,bybit,VANRYUSDT,0.005743,0.006142,6.9476,1774045011976
gate,bybit,VANRYUSDT,0.005743,0.006142,6.9476,1774045012277
gate,bybit,VANRYUSDT,0.005743,0.006142,6.9476,1774045012577
gate,bybit,VANRYUSDT,0.005743,0.006142,6.9476,1774045012877
gate,bybit,VANRYUSDT,0.005743,0.006142,6.9476,1774045013177
gate,bybit,VANRYUSDT,0.005743,0.006142,6.9476,1774045013478
gate,bybit,VANRYUSDT,0.005743,0.006142,6.9476,1774045013778
gate,bybit,VANRYUSDT,0.005744,0.006142,6.929,1774045014078
gate,bybit,VANRYUSDT,0.005743,0.006142,6.9476,1774045014378
gate,bybit,VANRYUSDT,0.005743,0.006142,6.9476,1774045014678
gate,bybit,VANRYUSDT,0.005743,0.006142,6.9476,1774045014978
gate,bybit,VANRYUSDT,0.005743,0.006142,6.9476,1774045015279
gate,bybit,VANRYUSDT,0.005743,0.006142,6.9476,1774045015580
gate,bybit,VANRYUSDT,0.005743,0.006142,6.9476,1774045015880
gate,bybit,VANRYUSDT,0.005743,0.006142,6.9476,1774045016180
gate,bybit,VANRYUSDT,0.005743,0.006142,6.9476,1774045016480
gate,bybit,VANRYUSDT,0.005743,0.006142,6.9476,1774045016780
gate,bybit,VANRYUSDT,0.005743,0.006142,6.9476,1774045017080
gate,bybit,VANRYUSDT,0.005744,0.006142,6.929,1774045017380
gate,bybit,VANRYUSDT,0.005744,0.006142,6.929,1774045017681
gate,bybit,VANRYUSDT,0.005744,0.006142,6.929,1774045017981
gate,bybit,VANRYUSDT,0.005744,0.006142,6.929,1774045018281
gate,bybit,VANRYUSDT,0.005744,0.006142,6.929,1774045018590
gate,bybit,VANRYUSDT,0.005744,0.006142,6.929,1774045018904
gate,bybit,VANRYUSDT,0.005744,0.006142,6.929,1774045019217
gate,bybit,VANRYUSDT,0.005744,0.006142,6.929,1774045019533
gate,bybit,VANRYUSDT,0.005745,0.006143,6.9278,1774045019845
gate,bybit,VANRYUSDT,0.005745,0.006143,6.9278,1774045020154
gate,bybit,VANRYUSDT,0.005745,0.006143,6.9278,1774045020467
gate,bybit,VANRYUSDT,0.005745,0.006143,6.9278,1774045020777
gate,bybit,VANRYUSDT,0.005745,0.006143,6.9278,1774045021081
gate,bybit,VANRYUSDT,0.005745,0.006143,6.9278,1774045021392
gate,bybit,VANRYUSDT,0.005745,0.006143,6.9278,1774045021703
gate,bybit,VANRYUSDT,0.005745,0.006143,6.9278,1774045022028
gate,bybit,VANRYUSDT,0.005746,0.006143,6.9092,1774045022335
gate,bybit,VANRYUSDT,0.005744,0.006143,6.9464,1774045022646
gate,bybit,VANRYUSDT,0.005745,0.006143,6.9278,1774045022952
gate,bybit,VANRYUSDT,0.005746,0.006143,6.9092,1774045023261
gate,bybit,VANRYUSDT,0.005746,0.006143,6.9092,1774045023574
gate,bybit,VANRYUSDT,0.005746,0.006143,6.9092,1774045023879
gate,bybit,VANRYUSDT,0.005746,0.006143,6.9092,1774045024185
gate,bybit,VANRYUSDT,0.005746,0.006143,6.9092,1774045024512
gate,bybit,VANRYUSDT,0.005745,0.006143,6.9278,1774045024813
gate,bybit,VANRYUSDT,0.005746,0.006143,6.9092,1774045025119
gate,bybit,VANRYUSDT,0.005746,0.006143,6.9092,1774045025425
gate,bybit,VANRYUSDT,0.005746,0.006143,6.9092,1774045025726
gate,bybit,VANRYUSDT,0.005746,0.006143,6.9092,1774045026029
gate,bybit,VANRYUSDT,0.005746,0.006143,6.9092,1774045026331
gate,bybit,VANRYUSDT,0.005745,0.006143,6.9278,1774045026631
gate,bybit,VANRYUSDT,0.005745,0.006143,6.9278,1774045026932
gate,bybit,VANRYUSDT,0.005745,0.006143,6.9278,1774045027232
gate,bybit,VANRYUSDT,0.005746,0.006144,6.9266,1774045027533
gate,bybit,VANRYUSDT,0.005746,0.006144,6.9266,1774045027833
gate,bybit,VANRYUSDT,0.005746,0.006144,6.9266,1774045028133
gate,bybit,VANRYUSDT,0.005746,0.006144,6.9266,1774045028434
gate,bybit,VANRYUSDT,0.005746,0.006144,6.9266,1774045028746
gate,bybit,VANRYUSDT,0.005746,0.006144,6.9266,1774045029047
gate,bybit,VANRYUSDT,0.005746,0.006144,6.9266,1774045029348
gate,bybit,VANRYUSDT,0.005746,0.006144,6.9266,1774045029648
gate,bybit,VANRYUSDT,0.005746,0.006144,6.9266,1774045029948
gate,bybit,VANRYUSDT,0.005746,0.006144,6.9266,1774045030254
gate,bybit,VANRYUSDT,0.005746,0.006144,6.9266,1774045030554
gate,bybit,VANRYUSDT,0.005746,0.006144,6.9266,1774045030854
gate,bybit,VANRYUSDT,0.005746,0.006144,6.9266,1774045031155
gate,bybit,VANRYUSDT,0.005746,0.006144,6.9266,1774045031455
gate,bybit,VANRYUSDT,0.005746,0.006144,6.9266,1774045031755
gate,bybit,VANRYUSDT,0.005746,0.006144,6.9266,1774045032056
gate,bybit,VANRYUSDT,0.005746,0.006144,6.9266,1774045032356
gate,bybit,VANRYUSDT,0.005746,0.006144,6.9266,1774045032657
gate,bybit,VANRYUSDT,0.005746,0.006144,6.9266,1774045032957
gate,bybit,VANRYUSDT,0.005746,0.006144,6.9266,1774045033279
gate,bybit,VANRYUSDT,0.005746,0.006144,6.9266,1774045033591
gate,bybit,VANRYUSDT,0.005746,0.006144,6.9266,1774045033897
gate,bybit,VANRYUSDT,0.005746,0.006144,6.9266,1774045034208
gate,bybit,VANRYUSDT,0.005746,0.006144,6.9266,1774045034520
gate,bybit,VANRYUSDT,0.005746,0.006144,6.9266,1774045034826
gate,bybit,VANRYUSDT,0.005746,0.006144,6.9266,1774045035127
gate,bybit,VANRYUSDT,0.005746,0.006144,6.9266,1774045035432
gate,bybit,VANRYUSDT,0.005746,0.006144,6.9266,1774045035734
gate,bybit,VANRYUSDT,0.005745,0.006144,6.9452,1774045036035
gate,bybit,VANRYUSDT,0.005745,0.006144,6.9452,1774045036336
gate,bybit,VANRYUSDT,0.005745,0.006144,6.9452,1774045036637
gate,bybit,VANRYUSDT,0.005745,0.006144,6.9452,1774045036937
gate,bybit,VANRYUSDT,0.005745,0.006144,6.9452,1774045037237
gate,bybit,VANRYUSDT,0.005745,0.006144,6.9452,1774045037538
gate,bybit,VANRYUSDT,0.005745,0.006144,6.9452,1774045037842
gate,bybit,VANRYUSDT,0.005745,0.006144,6.9452,1774045038142
gate,bybit,VANRYUSDT,0.005745,0.006144,6.9452,1774045038442
gate,bybit,VANRYUSDT,0.005745,0.006144,6.9452,1774045038743
gate,bybit,VANRYUSDT,0.005745,0.006144,6.9452,1774045039043
gate,bybit,VANRYUSDT,0.005745,0.006144,6.9452,1774045039343
gate,bybit,VANRYUSDT,0.005745,0.006144,6.9452,1774045039643
gate,bybit,VANRYUSDT,0.005745,0.006144,6.9452,1774045039943
gate,bybit,VANRYUSDT,0.005745,0.006144,6.9452,1774045040244
gate,bybit,VANRYUSDT,0.005745,0.006144,6.9452,1774045040544
gate,bybit,VANRYUSDT,0.005745,0.006144,6.9452,1774045040844
gate,bybit,VANRYUSDT,0.005745,0.006144,6.9452,1774045041145
gate,bybit,VANRYUSDT,0.005745,0.006144,6.9452,1774045041445
gate,bybit,VANRYUSDT,0.005745,0.006144,6.9452,1774045041745
gate,bybit,VANRYUSDT,0.005745,0.006144,6.9452,1774045042060
gate,bybit,VANRYUSDT,0.005745,0.006144,6.9452,1774045042372
gate,bybit,VANRYUSDT,0.005745,0.006144,6.9452,1774045042679
gate,bybit,VANRYUSDT,0.005745,0.006144,6.9452,1774045042979
gate,bybit,VANRYUSDT,0.005745,0.006144,6.9452,1774045043280
gate,bybit,VANRYUSDT,0.005745,0.006144,6.9452,1774045043580
gate,bybit,VANRYUSDT,0.005745,0.006144,6.9452,1774045043880
gate,bybit,VANRYUSDT,0.005745,0.006144,6.9452,1774045044181
gate,bybit,VANRYUSDT,0.005745,0.006144,6.9452,1774045044481
gate,bybit,VANRYUSDT,0.005745,0.006144,6.9452,1774045044781
gate,bybit,VANRYUSDT,0.005745,0.006144,6.9452,1774045045081
gate,bybit,VANRYUSDT,0.005745,0.006144,6.9452,1774045045382
gate,bybit,VANRYUSDT,0.005745,0.006144,6.9452,1774045045683
gate,bybit,VANRYUSDT,0.005745,0.006144,6.9452,1774045045983
gate,bybit,VANRYUSDT,0.005745,0.006144,6.9452,1774045046283
gate,bybit,VANRYUSDT,0.005745,0.006144,6.9452,1774045046583
gate,bybit,VANRYUSDT,0.005745,0.006144,6.9452,1774045046883
gate,bybit,VANRYUSDT,0.005745,0.006144,6.9452,1774045047183
gate,bybit,VANRYUSDT,0.005745,0.006144,6.9452,1774045047483
gate,bybit,VANRYUSDT,0.005745,0.006144,6.9452,1774045047784
gate,bybit,VANRYUSDT,0.005745,0.006144,6.9452,1774045048084
gate,bybit,VANRYUSDT,0.005745,0.006144,6.9452,1774045048384
gate,bybit,VANRYUSDT,0.005745,0.006144,6.9452,1774045048684
gate,bybit,VANRYUSDT,0.005745,0.006144,6.9452,1774045048985
gate,bybit,VANRYUSDT,0.005745,0.006144,6.9452,1774045049290
gate,bybit,VANRYUSDT,0.005745,0.006144,6.9452,1774045049605
gate,bybit,VANRYUSDT,0.005745,0.006144,6.9452,1774045049913
gate,bybit,VANRYUSDT,0.005745,0.006144,6.9452,1774045050217
gate,bybit,VANRYUSDT,0.005745,0.006144,6.9452,1774045050524
gate,bybit,VANRYUSDT,0.005745,0.006144,6.9452,1774045050830
gate,bybit,VANRYUSDT,0.005745,0.006144,6.9452,1774045051131
gate,bybit,VANRYUSDT,0.005745,0.006144,6.9452,1774045051431
gate,bybit,VANRYUSDT,0.005745,0.006144,6.9452,1774045051731
gate,bybit,VANRYUSDT,0.005745,0.006144,6.9452,1774045052034
gate,bybit,VANRYUSDT,0.005745,0.006144,6.9452,1774045052334
gate,bybit,VANRYUSDT,0.005745,0.006144,6.9452,1774045052634
gate,bybit,VANRYUSDT,0.005745,0.006144,6.9452,1774045052934
gate,bybit,VANRYUSDT,0.005745,0.006144,6.9452,1774045053236
gate,bybit,VANRYUSDT,0.005745,0.006144,6.9452,1774045053537
gate,bybit,VANRYUSDT,0.005745,0.006144,6.9452,1774045053837
gate,bybit,VANRYUSDT,0.005745,0.006144,6.9452,1774045054137
gate,bybit,VANRYUSDT,0.005745,0.006144,6.9452,1774045054437
gate,bybit,VANRYUSDT,0.005745,0.006144,6.9452,1774045054738
gate,bybit,VANRYUSDT,0.005745,0.006144,6.9452,1774045055038
gate,bybit,VANRYUSDT,0.005745,0.006144,6.9452,1774045055339
gate,bybit,VANRYUSDT,0.005745,0.006144,6.9452,1774045055639
gate,bybit,VANRYUSDT,0.005745,0.006144,6.9452,1774045055940
gate,bybit,VANRYUSDT,0.005745,0.006144,6.9452,1774045056241
gate,bybit,VANRYUSDT,0.005745,0.006144,6.9452,1774045056553
gate,bybit,VANRYUSDT,0.005745,0.006144,6.9452,1774045056854
gate,bybit,VANRYUSDT,0.005745,0.006144,6.9452,1774045057155
gate,bybit,VANRYUSDT,0.005745,0.006144,6.9452,1774045057455
gate,bybit,VANRYUSDT,0.005745,0.006144,6.9452,1774045057755
gate,bybit,VANRYUSDT,0.005745,0.006144,6.9452,1774045058055
gate,bybit,VANRYUSDT,0.005745,0.006144,6.9452,1774045058356
gate,bybit,VANRYUSDT,0.005745,0.006144,6.9452,1774045058656
gate,bybit,VANRYUSDT,0.005745,0.006144,6.9452,1774045058956
gate,bybit,VANRYUSDT,0.005745,0.006144,6.9452,1774045059256
gate,bybit,VANRYUSDT,0.005745,0.006144,6.9452,1774045059556
gate,bybit,VANRYUSDT,0.005745,0.006144,6.9452,1774045059856
gate,bybit,VANRYUSDT,0.005745,0.006144,6.9452,1774045060157
gate,bybit,VANRYUSDT,0.005745,0.006144,6.9452,1774045060466
gate,bybit,VANRYUSDT,0.005745,0.006144,6.9452,1774045060766
gate,bybit,VANRYUSDT,0.005745,0.006144,6.9452,1774045061067
gate,bybit,VANRYUSDT,0.005745,0.006144,6.9452,1774045061367
gate,bybit,VANRYUSDT,0.005745,0.006144,6.9452,1774045061667
gate,bybit,VANRYUSDT,0.005745,0.006144,6.9452,1774045061975
gate,bybit,VANRYUSDT,0.005745,0.006144,6.9452,1774045062282
gate,bybit,VANRYUSDT,0.005745,0.006144,6.9452,1774045062588
gate,bybit,VANRYUSDT,0.005745,0.006144,6.9452,1774045062888
gate,bybit,VANRYUSDT,0.005745,0.006144,6.9452,1774045063188
gate,bybit,VANRYUSDT,0.005745,0.006144,6.9452,1774045063489
gate,bybit,VANRYUSDT,0.005745,0.006144,6.9452,1774045063789
gate,bybit,VANRYUSDT,0.005745,0.006144,6.9452,1774045064089
gate,bybit,VANRYUSDT,0.005745,0.006144,6.9452,1774045064390
gate,bybit,VANRYUSDT,0.005745,0.006144,6.9452,1774045064690
gate,bybit,VANRYUSDT,0.005745,0.006144,6.9452,1774045064991
gate,bybit,VANRYUSDT,0.005745,0.006144,6.9452,1774045065298
gate,bybit,VANRYUSDT,0.005745,0.006144,6.9452,1774045065601
gate,bybit,VANRYUSDT,0.005745,0.006144,6.9452,1774045065907
gate,bybit,VANRYUSDT,0.005745,0.006144,6.9452,1774045066214
gate,bybit,VANRYUSDT,0.005745,0.006144,6.9452,1774045066519
gate,bybit,VANRYUSDT,0.005745,0.006144,6.9452,1774045066824
gate,bybit,VANRYUSDT,0.005745,0.006144,6.9452,1774045067127
gate,bybit,VANRYUSDT,0.005745,0.006144,6.9452,1774045067428
gate,bybit,VANRYUSDT,0.005745,0.006144,6.9452,1774045067731
gate,bybit,VANRYUSDT,0.005746,0.006144,6.9266,1774045068031
gate,bybit,VANRYUSDT,0.005746,0.006144,6.9266,1774045068333
gate,bybit,VANRYUSDT,0.005746,0.006144,6.9266,1774045068634
gate,bybit,VANRYUSDT,0.005746,0.006144,6.9266,1774045068938
gate,bybit,VANRYUSDT,0.005746,0.006144,6.9266,1774045069238
gate,bybit,VANRYUSDT,0.005746,0.006144,6.9266,1774045069538
gate,bybit,VANRYUSDT,0.005746,0.006144,6.9266,1774045069856
gate,bybit,VANRYUSDT,0.005746,0.006144,6.9266,1774045070160
gate,bybit,VANRYUSDT,0.005746,0.006144,6.9266,1774045070460
gate,bybit,VANRYUSDT,0.005746,0.006144,6.9266,1774045070760
gate,bybit,VANRYUSDT,0.005746,0.006144,6.9266,1774045071060
gate,bybit,VANRYUSDT,0.005746,0.006144,6.9266,1774045071360
gate,bybit,VANRYUSDT,0.005746,0.006144,6.9266,1774045071660
gate,bybit,VANRYUSDT,0.005746,0.006144,6.9266,1774045071961
gate,bybit,VANRYUSDT,0.005746,0.006144,6.9266,1774045072261
gate,bybit,VANRYUSDT,0.005746,0.006144,6.9266,1774045072561
gate,bybit,VANRYUSDT,0.005746,0.006144,6.9266,1774045072861
gate,bybit,VANRYUSDT,0.005746,0.006144,6.9266,1774045073161
gate,bybit,VANRYUSDT,0.005746,0.006146,6.9614,1774045073470
gate,bybit,VANRYUSDT,0.005746,0.006146,6.9614,1774045073773
gate,bybit,VANRYUSDT,0.005746,0.006146,6.9614,1774045074073
gate,bybit,VANRYUSDT,0.005746,0.006146,6.9614,1774045074374
gate,bybit,VANRYUSDT,0.005746,0.006146,6.9614,1774045074675
gate,bybit,VANRYUSDT,0.005746,0.006146,6.9614,1774045074976
gate,bybit,VANRYUSDT,0.005746,0.006146,6.9614,1774045075276
gate,bybit,VANRYUSDT,0.005746,0.006146,6.9614,1774045075576
gate,bybit,VANRYUSDT,0.005746,0.006146,6.9614,1774045075876
gate,bybit,VANRYUSDT,0.005746,0.006146,6.9614,1774045076177
gate,bybit,VANRYUSDT,0.005746,0.006146,6.9614,1774045076477
gate,bybit,VANRYUSDT,0.005746,0.006146,6.9614,1774045076777
gate,bybit,VANRYUSDT,0.005746,0.006146,6.9614,1774045077077
gate,bybit,VANRYUSDT,0.005746,0.006146,6.9614,1774045077378
gate,bybit,VANRYUSDT,0.005746,0.006146,6.9614,1774045077678
gate,bybit,VANRYUSDT,0.005746,0.006146,6.9614,1774045077978
gate,bybit,VANRYUSDT,0.005746,0.006146,6.9614,1774045078278
gate,bybit,VANRYUSDT,0.005746,0.006146,6.9614,1774045078578
gate,bybit,VANRYUSDT,0.005746,0.006146,6.9614,1774045078879
gate,bybit,VANRYUSDT,0.005746,0.006146,6.9614,1774045079179
gate,bybit,VANRYUSDT,0.005746,0.006146,6.9614,1774045079480
gate,bybit,VANRYUSDT,0.005746,0.006146,6.9614,1774045079780
gate,bybit,VANRYUSDT,0.005743,0.006145,6.9998,1774045080080
gate,bybit,VANRYUSDT,0.005743,0.006145,6.9998,1774045080381
gate,bybit,VANRYUSDT,0.005743,0.006145,6.9998,1774045080688
gate,bybit,VANRYUSDT,0.005743,0.006145,6.9998,1774045080988
gate,bybit,VANRYUSDT,0.005743,0.006145,6.9998,1774045081288
gate,bybit,VANRYUSDT,0.005743,0.006145,6.9998,1774045081602
gate,bybit,VANRYUSDT,0.005741,0.006145,7.0371,1774045081914
gate,bybit,VANRYUSDT,0.005741,0.006145,7.0371,1774045082228
gate,bybit,VANRYUSDT,0.005741,0.006144,7.0197,1774045082542
gate,bybit,VANRYUSDT,0.005741,0.006144,7.0197,1774045082854
gate,bybit,VANRYUSDT,0.005741,0.006144,7.0197,1774045083169
gate,bybit,VANRYUSDT,0.005742,0.006144,7.001,1774045083476
gate,bybit,VANRYUSDT,0.005742,0.006144,7.001,1774045083781
gate,bybit,VANRYUSDT,0.005742,0.006144,7.001,1774045084081
gate,bybit,VANRYUSDT,0.005742,0.006144,7.001,1774045084381
gate,bybit,VANRYUSDT,0.005742,0.006144,7.001,1774045084681
gate,bybit,VANRYUSDT,0.005742,0.006144,7.001,1774045084983
gate,bybit,VANRYUSDT,0.005743,0.006145,6.9998,1774045085283
gate,bybit,VANRYUSDT,0.005743,0.006145,6.9998,1774045085592
gate,bybit,VANRYUSDT,0.005743,0.006145,6.9998,1774045085892
gate,bybit,VANRYUSDT,0.005743,0.006145,6.9998,1774045086194
gate,bybit,VANRYUSDT,0.005742,0.006144,7.001,1774045086495
gate,bybit,VANRYUSDT,0.005742,0.006144,7.001,1774045086799
gate,bybit,VANRYUSDT,0.005743,0.006144,6.9824,1774045087107
gate,bybit,VANRYUSDT,0.005743,0.006144,6.9824,1774045087409
gate,bybit,VANRYUSDT,0.005743,0.006144,6.9824,1774045087711
gate,bybit,VANRYUSDT,0.005743,0.006144,6.9824,1774045088013
gate,bybit,VANRYUSDT,0.005743,0.006144,6.9824,1774045088317
gate,bybit,VANRYUSDT,0.005743,0.006144,6.9824,1774045088618
gate,bybit,VANRYUSDT,0.005743,0.006144,6.9824,1774045088920
gate,bybit,VANRYUSDT,0.005743,0.006144,6.9824,1774045089226
gate,bybit,VANRYUSDT,0.005743,0.006144,6.9824,1774045089526
gate,bybit,VANRYUSDT,0.005743,0.006144,6.9824,1774045089828
gate,bybit,VANRYUSDT,0.005743,0.006144,6.9824,1774045090132
gate,bybit,VANRYUSDT,0.005742,0.006144,7.001,1774045090432
gate,bybit,VANRYUSDT,0.005742,0.006144,7.001,1774045090732
gate,bybit,VANRYUSDT,0.005742,0.006144,7.001,1774045091032
gate,bybit,VANRYUSDT,0.005742,0.006144,7.001,1774045091334
gate,bybit,VANRYUSDT,0.005742,0.006144,7.001,1774045091634
gate,bybit,VANRYUSDT,0.005742,0.006144,7.001,1774045091935
gate,bybit,VANRYUSDT,0.005742,0.006144,7.001,1774045092235
gate,bybit,VANRYUSDT,0.005742,0.006144,7.001,1774045092535
gate,bybit,VANRYUSDT,0.005742,0.006144,7.001,1774045092835
gate,bybit,VANRYUSDT,0.005742,0.006144,7.001,1774045093135
gate,bybit,VANRYUSDT,0.005742,0.006144,7.001,1774045093436
gate,bybit,VANRYUSDT,0.005742,0.006144,7.001,1774045093736
gate,bybit,VANRYUSDT,0.005742,0.006144,7.001,1774045094036
gate,bybit,VANRYUSDT,0.005742,0.006144,7.001,1774045094336
gate,bybit,VANRYUSDT,0.005742,0.006144,7.001,1774045094636
gate,bybit,VANRYUSDT,0.005742,0.006144,7.001,1774045094936
gate,bybit,VANRYUSDT,0.005742,0.006144,7.001,1774045095242
gate,bybit,VANRYUSDT,0.005742,0.006144,7.001,1774045095553
gate,bybit,VANRYUSDT,0.005743,0.006144,6.9824,1774045095855
gate,bybit,VANRYUSDT,0.005743,0.006144,6.9824,1774045096155
gate,bybit,VANRYUSDT,0.005743,0.006144,6.9824,1774045096455
gate,bybit,VANRYUSDT,0.005743,0.006144,6.9824,1774045096755
gate,bybit,VANRYUSDT,0.005743,0.006144,6.9824,1774045097059
gate,bybit,VANRYUSDT,0.005743,0.006144,6.9824,1774045097377
gate,bybit,VANRYUSDT,0.005742,0.006143,6.9836,1774045097680
gate,bybit,VANRYUSDT,0.005742,0.006143,6.9836,1774045097980
gate,bybit,VANRYUSDT,0.005742,0.006143,6.9836,1774045098280
gate,bybit,VANRYUSDT,0.005742,0.006143,6.9836,1774045098580
gate,bybit,VANRYUSDT,0.005742,0.006143,6.9836,1774045098880
gate,bybit,VANRYUSDT,0.005742,0.006143,6.9836,1774045099180
gate,bybit,VANRYUSDT,0.005742,0.006143,6.9836,1774045099481
gate,bybit,VANRYUSDT,0.005742,0.006143,6.9836,1774045099781
gate,bybit,VANRYUSDT,0.005742,0.006143,6.9836,1774045100081
gate,bybit,VANRYUSDT,0.005742,0.006143,6.9836,1774045100381
gate,bybit,VANRYUSDT,0.005742,0.006143,6.9836,1774045100682
gate,bybit,VANRYUSDT,0.005742,0.006143,6.9836,1774045100982
gate,bybit,VANRYUSDT,0.005742,0.006143,6.9836,1774045101283
gate,bybit,VANRYUSDT,0.005742,0.006143,6.9836,1774045101583
gate,bybit,VANRYUSDT,0.005742,0.006143,6.9836,1774045101884
gate,bybit,VANRYUSDT,0.005742,0.006143,6.9836,1774045102184
gate,bybit,VANRYUSDT,0.005742,0.006143,6.9836,1774045102484
gate,bybit,VANRYUSDT,0.005742,0.006143,6.9836,1774045102784
gate,bybit,VANRYUSDT,0.005742,0.006143,6.9836,1774045103084
gate,bybit,VANRYUSDT,0.005742,0.006143,6.9836,1774045103385
gate,bybit,VANRYUSDT,0.005742,0.006143,6.9836,1774045103685
gate,bybit,VANRYUSDT,0.005742,0.006143,6.9836,1774045103985
gate,bybit,VANRYUSDT,0.005742,0.006143,6.9836,1774045104285
gate,bybit,VANRYUSDT,0.005742,0.006143,6.9836,1774045104585
gate,bybit,VANRYUSDT,0.005742,0.006143,6.9836,1774045104886
gate,bybit,VANRYUSDT,0.005742,0.006143,6.9836,1774045105186
gate,bybit,VANRYUSDT,0.005742,0.006143,6.9836,1774045105486
gate,bybit,VANRYUSDT,0.005742,0.006143,6.9836,1774045105786
gate,bybit,VANRYUSDT,0.005742,0.006143,6.9836,1774045106086
gate,bybit,VANRYUSDT,0.005742,0.006143,6.9836,1774045106387
gate,bybit,VANRYUSDT,0.005742,0.006143,6.9836,1774045106687
gate,bybit,VANRYUSDT,0.005742,0.006143,6.9836,1774045106987
gate,bybit,VANRYUSDT,0.005742,0.006143,6.9836,1774045107288
gate,bybit,VANRYUSDT,0.005742,0.006143,6.9836,1774045107588
gate,bybit,VANRYUSDT,0.005742,0.006143,6.9836,1774045107888
gate,bybit,VANRYUSDT,0.005742,0.006143,6.9836,1774045108188
gate,bybit,VANRYUSDT,0.005742,0.006143,6.9836,1774045108488
gate,bybit,VANRYUSDT,0.005742,0.006143,6.9836,1774045108788
gate,bybit,VANRYUSDT,0.005742,0.006143,6.9836,1774045109088
gate,bybit,VANRYUSDT,0.005742,0.006143,6.9836,1774045109389
gate,bybit,VANRYUSDT,0.005742,0.006143,6.9836,1774045109689
gate,bybit,VANRYUSDT,0.005742,0.006143,6.9836,1774045109989
gate,bybit,VANRYUSDT,0.005742,0.006143,6.9836,1774045110289
gate,bybit,VANRYUSDT,0.005742,0.006143,6.9836,1774045110589
