spot_exch,fut_exch,symbol,ask_spot,bid_futures,spread_pct,ts
gate,binance,BASUSDT,0.00979,0.0097910,0.0102,1774043217000
gate,binance,BASUSDT,0.00979,0.0097910,0.0102,1774043220000
gate,binance,BASUSDT,0.009785,0.0097910,0.0613,1774043221000
gate,binance,BASUSDT,0.009778,0.0097860,0.0818,1774043222000
gate,binance,BASUSDT,0.009779,0.0097860,0.0716,1774043223000
gate,binance,BASUSDT,0.009778,0.0097830,0.0511,1774043224000
gate,binance,BASUSDT,0.009847,0.0097830,-0.6499,1774043236000
gate,binance,BASUSDT,0.009786,0.0097860,0.0,1774043237000
gate,binance,BASUSDT,0.009785,0.0097860,0.0102,1774043238000
gate,binance,BASUSDT,0.009785,0.0097860,0.0102,1774043244000
gate,binance,BASUSDT,0.009784,0.0097860,0.0204,1774043246000
gate,binance,BASUSDT,0.009783,0.0097810,-0.0204,1774043247000
gate,binance,BASUSDT,0.009777,0.0097810,0.0409,1774043248000
gate,binance,BASUSDT,0.009773,0.0097760,0.0307,1774043251000
gate,binance,BASUSDT,0.009761,0.0097620,0.0102,1774043252000
gate,binance,BASUSDT,0.009767,0.0097620,-0.0512,1774043262000
gate,binance,BASUSDT,0.00976,0.0097520,-0.082,1774043265000
gate,binance,BASUSDT,0.009755,0.0097510,-0.041,1774043269000
gate,binance,BASUSDT,0.00975,0.0097420,-0.0821,1774043271000
gate,binance,BASUSDT,0.009748,0.0097410,-0.0718,1774043274000
gate,binance,BASUSDT,0.009748,0.0097440,-0.041,1774043276000
gate,binance,BASUSDT,0.009747,0.0097420,-0.0513,1774043277000
gate,binance,BASUSDT,0.009723,0.0097240,0.0103,1774043278000
gate,binance,BASUSDT,0.009729,0.0097250,-0.0411,1774043279000
gate,binance,BASUSDT,0.009738,0.0097310,-0.0719,1774043283000
gate,binance,BASUSDT,0.009747,0.0097410,-0.0616,1774043284000
gate,binance,BASUSDT,0.009771,0.0097610,-0.1023,1774043285000
gate,binance,BASUSDT,0.00973,0.0097520,0.2261,1774043286000
gate,binance,BASUSDT,0.00973,0.0097540,0.2467,1774043289000
gate,binance,BASUSDT,0.009759,0.0097580,-0.0102,1774043290000
gate,binance,BASUSDT,0.009749,0.0097580,0.0923,1774043291000
gate,binance,BASUSDT,0.009748,0.0097590,0.1128,1774043292000
gate,binance,BASUSDT,0.009747,0.0097590,0.1231,1774043293000
gate,binance,BASUSDT,0.009762,0.0097690,0.0717,1774043295000
gate,binance,BASUSDT,0.009762,0.0097680,0.0615,1774043301000
gate,binance,BASUSDT,0.009743,0.0097260,-0.1745,1774043305000
gate,binance,BASUSDT,0.009736,0.0097510,0.1541,1774043308000
gate,binance,BASUSDT,0.009741,0.0097540,0.1335,1774043309000
gate,binance,BASUSDT,0.009747,0.0097540,0.0718,1774043310000
gate,binance,BASUSDT,0.009749,0.0097590,0.1026,1774043317000
gate,binance,BASUSDT,0.009747,0.0097400,-0.0718,1774043318000
gate,binance,BASUSDT,0.009727,0.0097340,0.072,1774043319000
gate,binance,BASUSDT,0.009724,0.0097370,0.1337,1774043321000
gate,binance,BASUSDT,0.009733,0.0097370,0.0411,1774043322000
gate,binance,BASUSDT,0.009734,0.0097370,0.0308,1774043326000
gate,binance,BASUSDT,0.009732,0.0097370,0.0514,1774043336000
gate,binance,BASUSDT,0.00973,0.0097370,0.0719,1774043339000
gate,binance,BASUSDT,0.009736,0.0097370,0.0103,1774043343000
gate,binance,BASUSDT,0.009724,0.0097410,0.1748,1774043353000
gate,binance,BASUSDT,0.00973,0.0097410,0.1131,1774043355000
gate,binance,BASUSDT,0.009723,0.0097410,0.1851,1774043358000
gate,binance,BASUSDT,0.009706,0.0096990,-0.0721,1774043360000
gate,binance,BASUSDT,0.009718,0.0097090,-0.0926,1774043362000
gate,binance,BASUSDT,0.009707,0.0097090,0.0206,1774043365000
gate,binance,BASUSDT,0.009705,0.0097110,0.0618,1774043373000
gate,binance,BASUSDT,0.009709,0.0097100,0.0103,1774043379000
gate,binance,BASUSDT,0.009709,0.0097080,-0.0103,1774043382000
gate,binance,BASUSDT,0.009702,0.0097100,0.0825,1774043383000
gate,binance,BASUSDT,0.009706,0.0097110,0.0515,1774043384000
gate,binance,BASUSDT,0.009704,0.0097120,0.0824,1774043385000
gate,binance,BASUSDT,0.009703,0.0097140,0.1134,1774043394000
gate,binance,BASUSDT,0.009712,0.0097030,-0.0927,1774043395000
gate,binance,BASUSDT,0.009703,0.0097060,0.0309,1774043400000
gate,binance,BASUSDT,0.009703,0.0097110,0.0824,1774043401000
gate,binance,BASUSDT,0.009696,0.0097040,0.0825,1774043403000
gate,binance,BASUSDT,0.009684,0.0096960,0.1239,1774043404000
gate,binance,BASUSDT,0.009684,0.0096880,0.0413,1774043407000
gate,binance,BASUSDT,0.009684,0.0096880,0.0413,1774043409000
gate,binance,BASUSDT,0.009682,0.0096890,0.0723,1774043414000
gate,binance,BASUSDT,0.009711,0.0096940,-0.1751,1774043415000
gate,binance,BASUSDT,0.009688,0.0096980,0.1032,1774043417000
gate,binance,BASUSDT,0.009714,0.0097000,-0.1441,1774043418000
gate,binance,BASUSDT,0.009694,0.0097010,0.0722,1774043419000
gate,binance,BASUSDT,0.009703,0.0097070,0.0412,1774043420000
gate,binance,BASUSDT,0.009682,0.0096980,0.1653,1774043421000
gate,binance,BASUSDT,0.009686,0.0096990,0.1342,1774043424000
gate,binance,BASUSDT,0.009701,0.0097160,0.1546,1774043425000
gate,binance,BASUSDT,0.009701,0.0097140,0.134,1774043431000
gate,binance,BASUSDT,0.009688,0.0097050,0.1755,1774043432000
gate,binance,BASUSDT,0.009704,0.0097170,0.134,1774043435000
gate,binance,BASUSDT,0.009694,0.0097040,0.1032,1774043436000
gate,binance,BASUSDT,0.009693,0.0097040,0.1135,1774043441000
gate,binance,BASUSDT,0.009694,0.0097040,0.1032,1774043444000
gate,binance,BASUSDT,0.009705,0.0097030,-0.0206,1774043446000
gate,binance,BASUSDT,0.009698,0.0097030,0.0516,1774043447000
gate,binance,BASUSDT,0.009695,0.0097060,0.1135,1774043461000
gate,binance,BASUSDT,0.009693,0.0097030,0.1032,1774043465000
gate,binance,BASUSDT,0.009692,0.0096990,0.0722,1774043471000
gate,binance,BASUSDT,0.0097,0.0096990,-0.0103,1774043478000
gate,binance,BASUSDT,0.009697,0.0097030,0.0619,1774043482000
gate,binance,BASUSDT,0.009687,0.0097000,0.1342,1774043487000
gate,binance,BASUSDT,0.009697,0.0096990,0.0206,1774043489000
gate,binance,BASUSDT,0.009687,0.0096990,0.1239,1774043492000
gate,binance,BASUSDT,0.00968,0.0096850,0.0517,1774043496000
gate,binance,BASUSDT,0.009688,0.0096910,0.031,1774043497000
gate,binance,BASUSDT,0.009698,0.0096910,-0.0722,1774043498000
gate,binance,BASUSDT,0.009691,0.0096910,0.0,1774043500000
gate,binance,BASUSDT,0.009691,0.0096950,0.0413,1774043501000
gate,binance,BASUSDT,0.009708,0.0096990,-0.0927,1774043502000
gate,binance,BASUSDT,0.009704,0.0096990,-0.0515,1774043503000
gate,binance,BASUSDT,0.009695,0.0097010,0.0619,1774043526000
gate,binance,BASUSDT,0.009695,0.0097000,0.0516,1774043530000
gate,binance,BASUSDT,0.009704,0.0097030,-0.0103,1774043550000
gate,binance,BASUSDT,0.009699,0.0096990,0.0,1774043575000
gate,binance,BASUSDT,0.009699,0.0097100,0.1134,1774043576000
gate,binance,BASUSDT,0.009696,0.0096940,-0.0206,1774043578000
gate,binance,BASUSDT,0.009695,0.0096950,0.0,1774043580000
gate,binance,BASUSDT,0.009693,0.0096990,0.0619,1774043581000
gate,binance,BASUSDT,0.009691,0.0096990,0.0826,1774043585000
gate,binance,BASUSDT,0.009699,0.0096940,-0.0516,1774043589000
gate,binance,BASUSDT,0.009691,0.0096940,0.031,1774043592000
gate,binance,BASUSDT,0.009691,0.0096940,0.031,1774043594000
gate,binance,BASUSDT,0.00969,0.0096940,0.0413,1774043595000
gate,binance,BASUSDT,0.009689,0.0096940,0.0516,1774043600000
gate,binance,BASUSDT,0.009688,0.0096930,0.0516,1774043606000
gate,binance,BASUSDT,0.009685,0.0096850,0.0,1774043607000
gate,binance,BASUSDT,0.009677,0.0096740,-0.031,1774043610000
gate,binance,BASUSDT,0.009675,0.0096740,-0.0103,1774043613000
gate,binance,BASUSDT,0.009676,0.0096720,-0.0413,1774043616000
gate,binance,BASUSDT,0.00968,0.0096720,-0.0826,1774043619000
gate,binance,BASUSDT,0.009677,0.0096720,-0.0517,1774043621000
gate,binance,BASUSDT,0.009756,0.0096720,-0.861,1774043630000
gate,binance,BASUSDT,0.009686,0.0096750,-0.1136,1774043640000
gate,binance,BASUSDT,0.009692,0.0096820,-0.1032,1774043645000
gate,binance,BASUSDT,0.009683,0.0096820,-0.0103,1774043650000
gate,binance,BASUSDT,0.009677,0.0096820,0.0517,1774043679000
gate,binance,BASUSDT,0.009678,0.0096750,-0.031,1774043688000
gate,binance,BASUSDT,0.009676,0.0096720,-0.0413,1774043694000
gate,binance,BASUSDT,0.009674,0.0096770,0.031,1774043699000
gate,binance,BASUSDT,0.009675,0.0096750,0.0,1774043701000
gate,binance,BASUSDT,0.009679,0.0096750,-0.0413,1774043703000
gate,binance,BASUSDT,0.009677,0.0096750,-0.0207,1774043704000
gate,binance,BASUSDT,0.009686,0.0096900,0.0413,1774043705000
gate,binance,BASUSDT,0.009687,0.0096900,0.031,1774043706000
gate,binance,BASUSDT,0.009701,0.0096960,-0.0515,1774043707000
gate,binance,BASUSDT,0.009694,0.0096970,0.0309,1774043710000
gate,binance,BASUSDT,0.009694,0.0096960,0.0206,1774043715000
gate,binance,BASUSDT,0.009693,0.0096960,0.031,1774043720000
gate,binance,BASUSDT,0.009693,0.0097000,0.0722,1774043727000
gate,binance,BASUSDT,0.009693,0.0097010,0.0825,1774043734000
gate,binance,BASUSDT,0.009697,0.0097000,0.0309,1774043738000
gate,binance,BASUSDT,0.009715,0.0097100,-0.0515,1774043739000
gate,binance,BASUSDT,0.009707,0.0097080,0.0103,1774043741000
gate,binance,BASUSDT,0.009707,0.0097100,0.0309,1774043750000
gate,binance,BASUSDT,0.009713,0.0097120,-0.0103,1774043754000
gate,binance,BASUSDT,0.009714,0.0097110,-0.0309,1774043755000
gate,binance,BASUSDT,0.009714,0.0097230,0.0926,1774043761000
gate,binance,BASUSDT,0.009714,0.0097250,0.1132,1774043762000
gate,binance,BASUSDT,0.009717,0.0097210,0.0412,1774043763000
gate,binance,BASUSDT,0.009736,0.0097340,-0.0205,1774043764000
gate,binance,BASUSDT,0.009735,0.0097350,0.0,1774043767000
gate,binance,BASUSDT,0.009734,0.0097330,-0.0103,1774043768000
gate,binance,BASUSDT,0.009707,0.0097240,0.1751,1774043769000
gate,binance,BASUSDT,0.009719,0.0097270,0.0823,1774043773000
gate,binance,BASUSDT,0.009717,0.0097260,0.0926,1774043775000
gate,binance,BASUSDT,0.009717,0.0097200,0.0309,1774043778000
gate,binance,BASUSDT,0.009715,0.0097200,0.0515,1774043785000
gate,binance,BASUSDT,0.009713,0.0097200,0.0721,1774043787000
gate,binance,BASUSDT,0.009712,0.0097150,0.0309,1774043788000
gate,binance,BASUSDT,0.009719,0.0097150,-0.0412,1774043789000
gate,binance,BASUSDT,0.009718,0.0097150,-0.0309,1774043794000
gate,binance,BASUSDT,0.009717,0.0097080,-0.0926,1774043797000
gate,binance,BASUSDT,0.009717,0.0097080,-0.0926,1774043799000
gate,binance,BASUSDT,0.009716,0.0097100,-0.0618,1774043802000
gate,binance,BASUSDT,0.009717,0.0097100,-0.072,1774043803000
gate,binance,BASUSDT,0.009717,0.0097080,-0.0926,1774043805000
gate,binance,BASUSDT,0.009717,0.0097080,-0.0926,1774043806000
gate,binance,BASUSDT,0.009717,0.0097080,-0.0926,1774043807000
gate,binance,BASUSDT,0.009717,0.0097100,-0.072,1774043808000
gate,binance,BASUSDT,0.009717,0.0097100,-0.072,1774043811000
gate,binance,BASUSDT,0.009717,0.0097110,-0.0617,1774043812000
gate,binance,BASUSDT,0.009716,0.0097140,-0.0206,1774043815000
gate,binance,BASUSDT,0.009727,0.0097290,0.0206,1774043817000
gate,binance,BASUSDT,0.009726,0.0097290,0.0308,1774043818000
gate,binance,BASUSDT,0.009729,0.0097330,0.0411,1774043820000
gate,binance,BASUSDT,0.009726,0.0097350,0.0925,1774043821000
gate,binance,BASUSDT,0.00973,0.0097310,0.0103,1774043825000
gate,binance,BASUSDT,0.00973,0.0097370,0.0719,1774043831000
gate,binance,BASUSDT,0.009745,0.0097400,-0.0513,1774043835000
gate,binance,BASUSDT,0.009734,0.0097280,-0.0616,1774043836000
gate,binance,BASUSDT,0.009721,0.0097240,0.0309,1774043838000
gate,binance,BASUSDT,0.009728,0.0097270,-0.0103,1774043839000
gate,binance,BASUSDT,0.009718,0.0097170,-0.0103,1774043840000
gate,binance,BASUSDT,0.009718,0.0097180,0.0,1774043843000
gate,binance,BASUSDT,0.009725,0.0097170,-0.0823,1774043845000
gate,binance,BASUSDT,0.00972,0.0097190,-0.0103,1774043848000
gate,binance,BASUSDT,0.009717,0.0097190,0.0206,1774043849000
gate,binance,BASUSDT,0.009719,0.0097170,-0.0206,1774043856000
gate,binance,BASUSDT,0.009718,0.0097180,0.0,1774043857000
gate,binance,BASUSDT,0.009707,0.0097100,0.0309,1774043858000
gate,binance,BASUSDT,0.00971,0.0097090,-0.0103,1774043860000
gate,binance,BASUSDT,0.00971,0.0097090,-0.0103,1774043861000
gate,binance,BASUSDT,0.009706,0.0097080,0.0206,1774043862000
gate,binance,BASUSDT,0.009709,0.0097070,-0.0206,1774043865000
gate,binance,BASUSDT,0.009706,0.0096910,-0.1545,1774043872000
gate,binance,BASUSDT,0.009673,0.0096780,0.0517,1774043873000
gate,binance,BASUSDT,0.009672,0.0096780,0.062,1774043874000
gate,binance,BASUSDT,0.009692,0.0096720,-0.2064,1774043877000
gate,binance,BASUSDT,0.009668,0.0096770,0.0931,1774043881000
gate,binance,BASUSDT,0.009669,0.0096740,0.0517,1774043886000
gate,binance,BASUSDT,0.009669,0.0096720,0.031,1774043889000
gate,binance,BASUSDT,0.009672,0.0096720,0.0,1774043893000
gate,binance,BASUSDT,0.009665,0.0096720,0.0724,1774043917000
gate,binance,BASUSDT,0.009664,0.0096720,0.0828,1774043919000
gate,binance,BASUSDT,0.00968,0.0096720,-0.0826,1774043920000
gate,binance,BASUSDT,0.009664,0.0096720,0.0828,1774043934000
gate,binance,BASUSDT,0.009675,0.0096720,-0.031,1774043936000
gate,binance,BASUSDT,0.009674,0.0096770,0.031,1774043940000
gate,binance,BASUSDT,0.00967,0.0096770,0.0724,1774043941000
gate,binance,BASUSDT,0.009669,0.0096770,0.0827,1774043951000
gate,binance,BASUSDT,0.009678,0.0096770,-0.0103,1774043956000
gate,binance,BASUSDT,0.009678,0.0096840,0.062,1774043962000
gate,binance,BASUSDT,0.009696,0.0096920,-0.0413,1774043970000
gate,binance,BASUSDT,0.00969,0.0096920,0.0206,1774043975000
gate,binance,BASUSDT,0.00969,0.0096980,0.0826,1774043985000
gate,binance,BASUSDT,0.009696,0.0096990,0.0309,1774043989000
gate,binance,BASUSDT,0.009688,0.0096960,0.0826,1774043995000
gate,binance,BASUSDT,0.00971,0.0096920,-0.1854,1774043996000
gate,binance,BASUSDT,0.009701,0.0097040,0.0309,1774043997000
gate,binance,BASUSDT,0.009696,0.0097040,0.0825,1774043998000
gate,binance,BASUSDT,0.009694,0.0097050,0.1135,1774044000000
gate,binance,BASUSDT,0.009698,0.0097080,0.1031,1774044002000
gate,binance,BASUSDT,0.009702,0.0097100,0.0825,1774044004000
gate,binance,BASUSDT,0.009701,0.0097110,0.1031,1774044005000
gate,binance,BASUSDT,0.0097,0.0097100,0.1031,1774044009000
gate,binance,BASUSDT,0.00972,0.0097120,-0.0823,1774044012000
gate,binance,BASUSDT,0.009705,0.0097180,0.134,1774044019000
gate,binance,BASUSDT,0.009705,0.0097160,0.1133,1774044026000
gate,binance,BASUSDT,0.009702,0.0097150,0.134,1774044040000
gate,binance,BASUSDT,0.0097,0.0097110,0.1134,1774044044000
gate,binance,BASUSDT,0.009704,0.0097150,0.1134,1774044057000
gate,binance,BASUSDT,0.009713,0.0097200,0.0721,1774044058000
gate,binance,BASUSDT,0.00971,0.0097230,0.1339,1774044059000
gate,binance,BASUSDT,0.009724,0.0097230,-0.0103,1774044060000
gate,binance,BASUSDT,0.009724,0.0097230,-0.0103,1774044061000
gate,binance,BASUSDT,0.009709,0.0097230,0.1442,1774044071000
gate,binance,BASUSDT,0.009707,0.0097230,0.1648,1774044073000
gate,binance,BASUSDT,0.009707,0.0097230,0.1648,1774044075000
gate,binance,BASUSDT,0.009707,0.0097230,0.1648,1774044076000
gate,binance,BASUSDT,0.009706,0.0097200,0.1442,1774044077000
gate,binance,BASUSDT,0.009701,0.0097200,0.1959,1774044078000
gate,binance,BASUSDT,0.009701,0.0097200,0.1959,1774044079000
gate,binance,BASUSDT,0.009702,0.0097200,0.1855,1774044080000
gate,binance,BASUSDT,0.009702,0.0097200,0.1855,1774044081000
gate,binance,BASUSDT,0.0097,0.0097200,0.2062,1774044082000
gate,binance,BASUSDT,0.009713,0.0097110,-0.0206,1774044083000
gate,binance,BASUSDT,0.009705,0.0097130,0.0824,1774044084000
gate,binance,BASUSDT,0.009706,0.0097140,0.0824,1774044086000
gate,binance,BASUSDT,0.009698,0.0097140,0.165,1774044087000
gate,binance,BASUSDT,0.009698,0.0097140,0.165,1774044090000
gate,binance,BASUSDT,0.009703,0.0097140,0.1134,1774044097000
gate,binance,BASUSDT,0.009703,0.0097180,0.1546,1774044098000
gate,binance,BASUSDT,0.009703,0.0097180,0.1546,1774044099000
gate,binance,BASUSDT,0.009715,0.0097230,0.0823,1774044100000
gate,binance,BASUSDT,0.009705,0.0097190,0.1443,1774044101000
gate,binance,BASUSDT,0.009705,0.0097190,0.1443,1774044104000
gate,binance,BASUSDT,0.009705,0.0097190,0.1443,1774044105000
gate,binance,BASUSDT,0.009713,0.0097300,0.175,1774044108000
gate,binance,BASUSDT,0.009713,0.0097300,0.175,1774044109000
gate,binance,BASUSDT,0.009722,0.0097350,0.1337,1774044110000
gate,binance,BASUSDT,0.009722,0.0097360,0.144,1774044111000
gate,binance,BASUSDT,0.009722,0.0097360,0.144,1774044112000
gate,binance,BASUSDT,0.009722,0.0097370,0.1543,1774044117000
gate,binance,BASUSDT,0.009741,0.0097390,-0.0205,1774044120000
gate,binance,BASUSDT,0.009721,0.0097390,0.1852,1774044121000
gate,binance,BASUSDT,0.009721,0.0097390,0.1852,1774044123000
gate,binance,BASUSDT,0.009719,0.0097350,0.1646,1774044124000
gate,binance,BASUSDT,0.009719,0.0097360,0.1749,1774044127000
gate,binance,BASUSDT,0.009719,0.0097160,-0.0309,1774044135000
gate,binance,BASUSDT,0.009705,0.0097110,0.0618,1774044136000
gate,binance,BASUSDT,0.009702,0.0097110,0.0928,1774044138000
gate,binance,BASUSDT,0.009702,0.0097100,0.0825,1774044139000
gate,binance,BASUSDT,0.009692,0.0097110,0.196,1774044142000
gate,binance,BASUSDT,0.009688,0.0096980,0.1032,1774044144000
gate,binance,BASUSDT,0.009681,0.0096980,0.1756,1774044145000
gate,binance,BASUSDT,0.009683,0.0096980,0.1549,1774044147000
gate,binance,BASUSDT,0.009665,0.0096740,0.0931,1774044149000
gate,binance,BASUSDT,0.009657,0.0096720,0.1553,1774044152000
gate,binance,BASUSDT,0.009657,0.0096720,0.1553,1774044154000
gate,binance,BASUSDT,0.009657,0.0096740,0.176,1774044155000
gate,binance,BASUSDT,0.009661,0.0096720,0.1139,1774044156000
gate,binance,BASUSDT,0.009649,0.0096710,0.228,1774044158000
gate,binance,BASUSDT,0.009657,0.0096710,0.145,1774044159000
gate,binance,BASUSDT,0.009672,0.0096870,0.1551,1774044162000
gate,binance,BASUSDT,0.009667,0.0096880,0.2172,1774044165000
gate,binance,BASUSDT,0.009693,0.0097130,0.2063,1774044167000
gate,binance,BASUSDT,0.009693,0.0097130,0.2063,1774044168000
gate,binance,BASUSDT,0.009693,0.0097130,0.2063,1774044170000
gate,binance,BASUSDT,0.009696,0.0097140,0.1856,1774044172000
gate,binance,BASUSDT,0.009701,0.0097210,0.2062,1774044182000
gate,binance,BASUSDT,0.009701,0.0097210,0.2062,1774044183000
gate,binance,BASUSDT,0.009701,0.0097170,0.1649,1774044186000
gate,binance,BASUSDT,0.009701,0.0097140,0.134,1774044187000
gate,binance,BASUSDT,0.009706,0.0097130,0.0721,1774044189000
gate,binance,BASUSDT,0.009711,0.0097130,0.0206,1774044190000
gate,binance,BASUSDT,0.009708,0.0097160,0.0824,1774044195000
gate,binance,BASUSDT,0.009732,0.0097190,-0.1336,1774044199000
gate,binance,BASUSDT,0.009744,0.0097320,-0.1232,1774044201000
gate,binance,BASUSDT,0.009712,0.0097660,0.556,1774044213000
gate,binance,BASUSDT,0.009668,0.0097770,1.1274,1774044214027
gate,binance,BASUSDT,0.009643,0.0097770,1.3896,1774044214339
gate,binance,BASUSDT,0.009625,0.0097770,1.5792,1774044214657
gate,binance,BASUSDT,0.00962,0.0097770,1.632,1774044214958
gate,binance,BASUSDT,0.009612,0.0097770,1.7166,1774044215259
gate,binance,BASUSDT,0.009612,0.0097770,1.7166,1774044215564
gate,binance,BASUSDT,0.009611,0.0097770,1.7272,1774044215865
gate,binance,BASUSDT,0.009612,0.0097770,1.7166,1774044216165
gate,binance,BASUSDT,0.00962,0.0096830,0.6549,1774044216471
gate,binance,BASUSDT,0.00962,0.0096290,0.0936,1774044216771
gate,binance,BASUSDT,0.00962,0.0096310,0.1143,1774044217072
gate,binance,BASUSDT,0.00962,0.0096310,0.1143,1774044217372
gate,binance,BASUSDT,0.00962,0.0096310,0.1143,1774044217672
gate,binance,BASUSDT,0.00962,0.0096310,0.1143,1774044217972
gate,binance,BASUSDT,0.00962,0.0096310,0.1143,1774044218272
gate,binance,BASUSDT,0.00962,0.0096310,0.1143,1774044218572
gate,binance,BASUSDT,0.00962,0.0096310,0.1143,1774044218872
gate,binance,BASUSDT,0.00962,0.0096310,0.1143,1774044219172
gate,binance,BASUSDT,0.00962,0.0096310,0.1143,1774044219472
gate,binance,BASUSDT,0.00962,0.0096320,0.1247,1774044219772
gate,binance,BASUSDT,0.009598,0.0096160,0.1875,1774044220073
gate,binance,BASUSDT,0.009591,0.0096170,0.2711,1774044220375
gate,binance,BASUSDT,0.009598,0.0096170,0.198,1774044220675
gate,binance,BASUSDT,0.009598,0.0096170,0.198,1774044220975
gate,binance,BASUSDT,0.009607,0.0096170,0.1041,1774044221277
gate,binance,BASUSDT,0.009607,0.0096200,0.1353,1774044221577
gate,binance,BASUSDT,0.009607,0.0096200,0.1353,1774044221877
gate,binance,BASUSDT,0.009607,0.0096220,0.1561,1774044222177
gate,binance,BASUSDT,0.009591,0.0096040,0.1355,1774044222478
gate,binance,BASUSDT,0.009592,0.0096070,0.1564,1774044222778
gate,binance,BASUSDT,0.009592,0.0096070,0.1564,1774044223078
gate,binance,BASUSDT,0.009592,0.0096070,0.1564,1774044223381
gate,binance,BASUSDT,0.009602,0.0096090,0.0729,1774044223681
gate,binance,BASUSDT,0.009602,0.0096090,0.0729,1774044223981
gate,binance,BASUSDT,0.009589,0.0096070,0.1877,1774044224288
gate,binance,BASUSDT,0.00958,0.0096010,0.2192,1774044224588
gate,binance,BASUSDT,0.009576,0.0096010,0.2611,1774044224888
gate,binance,BASUSDT,0.009581,0.0096010,0.2087,1774044225188
gate,binance,BASUSDT,0.009587,0.0096020,0.1565,1774044225488
gate,binance,BASUSDT,0.009586,0.0096030,0.1773,1774044225788
gate,binance,BASUSDT,0.009586,0.0096030,0.1773,1774044226089
gate,binance,BASUSDT,0.009594,0.0096040,0.1042,1774044226389
gate,binance,BASUSDT,0.009594,0.0096090,0.1563,1774044226689
gate,binance,BASUSDT,0.009594,0.0096090,0.1563,1774044226989
gate,binance,BASUSDT,0.009584,0.0096110,0.2817,1774044227290
gate,binance,BASUSDT,0.009589,0.0096110,0.2294,1774044227591
gate,binance,BASUSDT,0.009594,0.0096120,0.1876,1774044227891
gate,binance,BASUSDT,0.009594,0.0096070,0.1355,1774044228191
gate,binance,BASUSDT,0.009594,0.0096120,0.1876,1774044228491
gate,binance,BASUSDT,0.009594,0.0096130,0.198,1774044228791
gate,binance,BASUSDT,0.009594,0.0096130,0.198,1774044229092
gate,binance,BASUSDT,0.009594,0.0096130,0.198,1774044229392
gate,binance,BASUSDT,0.009594,0.0096130,0.198,1774044229692
gate,binance,BASUSDT,0.009594,0.0096130,0.198,1774044229992
gate,binance,BASUSDT,0.009585,0.0096140,0.3026,1774044230293
gate,binance,BASUSDT,0.009585,0.0096140,0.3026,1774044230593
gate,binance,BASUSDT,0.009585,0.0096140,0.3026,1774044230893
gate,binance,BASUSDT,0.009585,0.0096140,0.3026,1774044231196
gate,binance,BASUSDT,0.009594,0.0096140,0.2085,1774044231501
gate,binance,BASUSDT,0.009613,0.0096270,0.1456,1774044231817
gate,binance,BASUSDT,0.009613,0.0096270,0.1456,1774044232121
gate,binance,BASUSDT,0.009613,0.0096280,0.156,1774044232430
gate,binance,BASUSDT,0.009613,0.0096280,0.156,1774044232732
gate,binance,BASUSDT,0.009613,0.0096280,0.156,1774044233032
gate,binance,BASUSDT,0.009613,0.0096280,0.156,1774044233332
gate,binance,BASUSDT,0.009619,0.0096360,0.1767,1774044233632
gate,binance,BASUSDT,0.009619,0.0096370,0.1871,1774044233933
gate,binance,BASUSDT,0.009619,0.0096370,0.1871,1774044234243
gate,binance,BASUSDT,0.009619,0.0096370,0.1871,1774044234543
gate,binance,BASUSDT,0.009619,0.0096380,0.1975,1774044234844
gate,binance,BASUSDT,0.009619,0.0096380,0.1975,1774044235144
gate,binance,BASUSDT,0.009619,0.0096380,0.1975,1774044235444
gate,binance,BASUSDT,0.009619,0.0096380,0.1975,1774044235745
gate,binance,BASUSDT,0.009619,0.0096380,0.1975,1774044236045
gate,binance,BASUSDT,0.009619,0.0096380,0.1975,1774044236345
gate,binance,BASUSDT,0.009619,0.0096380,0.1975,1774044236645
gate,binance,BASUSDT,0.009619,0.0096380,0.1975,1774044236945
gate,binance,BASUSDT,0.009619,0.0096380,0.1975,1774044237246
gate,binance,BASUSDT,0.009619,0.0096380,0.1975,1774044237546
gate,binance,BASUSDT,0.009619,0.0096390,0.2079,1774044237846
gate,binance,BASUSDT,0.009619,0.0096390,0.2079,1774044238146
gate,binance,BASUSDT,0.009619,0.0096390,0.2079,1774044238447
gate,binance,BASUSDT,0.009619,0.0096390,0.2079,1774044238747
gate,binance,BASUSDT,0.009619,0.0096390,0.2079,1774044239047
gate,binance,BASUSDT,0.009619,0.0096390,0.2079,1774044239347
gate,binance,BASUSDT,0.009619,0.0096420,0.2391,1774044239647
gate,binance,BASUSDT,0.009619,0.0096420,0.2391,1774044239948
gate,binance,BASUSDT,0.009619,0.0096420,0.2391,1774044240248
gate,binance,BASUSDT,0.009619,0.0096420,0.2391,1774044240560
gate,binance,BASUSDT,0.009634,0.0096550,0.218,1774044240861
gate,binance,BASUSDT,0.009634,0.0096550,0.218,1774044241161
gate,binance,BASUSDT,0.009639,0.0096560,0.1764,1774044241462
gate,binance,BASUSDT,0.009639,0.0096560,0.1764,1774044241762
gate,binance,BASUSDT,0.009639,0.0096630,0.249,1774044242062
gate,binance,BASUSDT,0.009646,0.0096630,0.1762,1774044242362
gate,binance,BASUSDT,0.009633,0.0096530,0.2076,1774044242663
gate,binance,BASUSDT,0.009633,0.0096540,0.218,1774044242963
gate,binance,BASUSDT,0.009633,0.0096540,0.218,1774044243263
gate,binance,BASUSDT,0.009633,0.0096580,0.2595,1774044243563
gate,binance,BASUSDT,0.009633,0.0096580,0.2595,1774044243868
gate,binance,BASUSDT,0.009633,0.0096580,0.2595,1774044244168
gate,binance,BASUSDT,0.009633,0.0096580,0.2595,1774044244468
gate,binance,BASUSDT,0.009639,0.0096580,0.1971,1774044244768
gate,binance,BASUSDT,0.009633,0.0096580,0.2595,1774044245068
gate,binance,BASUSDT,0.009633,0.0096580,0.2595,1774044245369
gate,binance,BASUSDT,0.009633,0.0096580,0.2595,1774044245669
gate,binance,BASUSDT,0.009633,0.0096580,0.2595,1774044245969
gate,binance,BASUSDT,0.009633,0.0096580,0.2595,1774044246269
gate,binance,BASUSDT,0.009633,0.0096580,0.2595,1774044246569
gate,binance,BASUSDT,0.009623,0.0096510,0.291,1774044246869
gate,binance,BASUSDT,0.009622,0.0096450,0.239,1774044247170
gate,binance,BASUSDT,0.009638,0.0096580,0.2075,1774044247470
gate,binance,BASUSDT,0.009638,0.0096580,0.2075,1774044247770
gate,binance,BASUSDT,0.009633,0.0096530,0.2076,1774044248070
gate,binance,BASUSDT,0.00964,0.0096570,0.1763,1774044248371
gate,binance,BASUSDT,0.00964,0.0096570,0.1763,1774044248671
gate,binance,BASUSDT,0.00964,0.0096570,0.1763,1774044248971
gate,binance,BASUSDT,0.00964,0.0096570,0.1763,1774044249272
gate,binance,BASUSDT,0.00964,0.0096570,0.1763,1774044249573
gate,binance,BASUSDT,0.00964,0.0096570,0.1763,1774044249873
gate,binance,BASUSDT,0.00964,0.0096570,0.1763,1774044250173
gate,binance,BASUSDT,0.00964,0.0096570,0.1763,1774044250473
gate,binance,BASUSDT,0.00964,0.0096570,0.1763,1774044250774
gate,binance,BASUSDT,0.00964,0.0096570,0.1763,1774044251074
gate,binance,BASUSDT,0.00964,0.0096570,0.1763,1774044251374
gate,binance,BASUSDT,0.00964,0.0096570,0.1763,1774044251674
gate,binance,BASUSDT,0.00964,0.0096570,0.1763,1774044251974
gate,binance,BASUSDT,0.00964,0.0096570,0.1763,1774044252275
gate,binance,BASUSDT,0.00964,0.0096570,0.1763,1774044252575
gate,binance,BASUSDT,0.00964,0.0096570,0.1763,1774044252875
gate,binance,BASUSDT,0.00964,0.0096570,0.1763,1774044253175
gate,binance,BASUSDT,0.00964,0.0096570,0.1763,1774044253476
gate,binance,BASUSDT,0.00964,0.0096570,0.1763,1774044253776
gate,binance,BASUSDT,0.00964,0.0096570,0.1763,1774044254076
gate,binance,BASUSDT,0.00964,0.0096570,0.1763,1774044254376
gate,binance,BASUSDT,0.00964,0.0096570,0.1763,1774044254676
gate,binance,BASUSDT,0.009639,0.0096570,0.1867,1774044254977
gate,binance,BASUSDT,0.009639,0.0096570,0.1867,1774044255277
gate,binance,BASUSDT,0.009639,0.0096570,0.1867,1774044255578
gate,binance,BASUSDT,0.009639,0.0096570,0.1867,1774044255878
gate,binance,BASUSDT,0.009639,0.0096570,0.1867,1774044256178
gate,binance,BASUSDT,0.009639,0.0096570,0.1867,1774044256479
gate,binance,BASUSDT,0.009639,0.0096570,0.1867,1774044256779
gate,binance,BASUSDT,0.009639,0.0096570,0.1867,1774044257079
gate,binance,BASUSDT,0.009639,0.0096570,0.1867,1774044257379
gate,binance,BASUSDT,0.009639,0.0096570,0.1867,1774044257680
gate,binance,BASUSDT,0.009639,0.0096570,0.1867,1774044257980
gate,binance,BASUSDT,0.009643,0.0096640,0.2178,1774044258280
gate,binance,BASUSDT,0.009654,0.0096720,0.1865,1774044258580
gate,binance,BASUSDT,0.009659,0.0096720,0.1346,1774044258881
gate,binance,BASUSDT,0.009649,0.0096600,0.114,1774044259181
gate,binance,BASUSDT,0.009627,0.0096460,0.1974,1774044259481
gate,binance,BASUSDT,0.009633,0.0096550,0.2284,1774044259782
gate,binance,BASUSDT,0.009633,0.0096550,0.2284,1774044260082
gate,binance,BASUSDT,0.009633,0.0096550,0.2284,1774044260382
gate,binance,BASUSDT,0.009633,0.0096550,0.2284,1774044260682
gate,binance,BASUSDT,0.009633,0.0096550,0.2284,1774044260983
gate,binance,BASUSDT,0.009633,0.0096550,0.2284,1774044261289
gate,binance,BASUSDT,0.009644,0.0096470,0.0311,1774044261589
gate,binance,BASUSDT,0.009658,0.0096470,-0.1139,1774044261891
gate,binance,BASUSDT,0.009633,0.0096470,0.1453,1774044262191
gate,binance,BASUSDT,0.009633,0.0096470,0.1453,1774044262491
gate,binance,BASUSDT,0.00963,0.0096470,0.1765,1774044262792
gate,binance,BASUSDT,0.009629,0.0096470,0.1869,1774044263092
gate,binance,BASUSDT,0.009629,0.0096470,0.1869,1774044263394
gate,binance,BASUSDT,0.009629,0.0096470,0.1869,1774044263694
gate,binance,BASUSDT,0.009629,0.0096470,0.1869,1774044263994
gate,binance,BASUSDT,0.00963,0.0096470,0.1765,1774044264296
gate,binance,BASUSDT,0.00963,0.0096470,0.1765,1774044264597
gate,binance,BASUSDT,0.00963,0.0096470,0.1765,1774044264901
gate,binance,BASUSDT,0.00963,0.0096470,0.1765,1774044265215
gate,binance,BASUSDT,0.009628,0.0096470,0.1973,1774044265517
gate,binance,BASUSDT,0.009628,0.0096470,0.1973,1774044265820
gate,binance,BASUSDT,0.009627,0.0096470,0.2077,1774044266124
gate,binance,BASUSDT,0.009627,0.0096470,0.2077,1774044266434
gate,binance,BASUSDT,0.009627,0.0096470,0.2077,1774044266734
gate,binance,BASUSDT,0.009627,0.0096470,0.2077,1774044267034
gate,binance,BASUSDT,0.009627,0.0096470,0.2077,1774044267334
gate,binance,BASUSDT,0.009625,0.0096440,0.1974,1774044267634
gate,binance,BASUSDT,0.00962,0.0096440,0.2495,1774044267934
gate,binance,BASUSDT,0.00962,0.0096440,0.2495,1774044268234
gate,binance,BASUSDT,0.00962,0.0096440,0.2495,1774044268535
gate,binance,BASUSDT,0.00962,0.0096440,0.2495,1774044268835
gate,binance,BASUSDT,0.00962,0.0096440,0.2495,1774044269135
gate,binance,BASUSDT,0.00962,0.0096440,0.2495,1774044269435
gate,binance,BASUSDT,0.00962,0.0096440,0.2495,1774044269736
gate,binance,BASUSDT,0.00962,0.0096440,0.2495,1774044270036
gate,binance,BASUSDT,0.00962,0.0096440,0.2495,1774044270336
gate,binance,BASUSDT,0.00962,0.0096440,0.2495,1774044270636
gate,binance,BASUSDT,0.00962,0.0096440,0.2495,1774044270937
gate,binance,BASUSDT,0.00962,0.0096440,0.2495,1774044271237
gate,binance,BASUSDT,0.00962,0.0096440,0.2495,1774044271537
gate,binance,BASUSDT,0.00962,0.0096440,0.2495,1774044271838
gate,binance,BASUSDT,0.00962,0.0096440,0.2495,1774044272138
gate,binance,BASUSDT,0.00962,0.0096440,0.2495,1774044272438
gate,binance,BASUSDT,0.00962,0.0096440,0.2495,1774044272738
gate,binance,BASUSDT,0.00962,0.0096440,0.2495,1774044273039
gate,binance,BASUSDT,0.00962,0.0096440,0.2495,1774044273339
gate,binance,BASUSDT,0.009623,0.0096440,0.2182,1774044273639
gate,binance,BASUSDT,0.009623,0.0096440,0.2182,1774044273940
gate,binance,BASUSDT,0.009623,0.0096440,0.2182,1774044274240
gate,binance,BASUSDT,0.009623,0.0096440,0.2182,1774044274541
gate,binance,BASUSDT,0.009623,0.0096440,0.2182,1774044274841
gate,binance,BASUSDT,0.009623,0.0096440,0.2182,1774044275142
gate,binance,BASUSDT,0.009623,0.0096440,0.2182,1774044275442
gate,binance,BASUSDT,0.009623,0.0096440,0.2182,1774044275742
gate,binance,BASUSDT,0.009624,0.0096440,0.2078,1774044276043
gate,binance,BASUSDT,0.009624,0.0096440,0.2078,1774044276343
gate,binance,BASUSDT,0.009624,0.0096440,0.2078,1774044276643
gate,binance,BASUSDT,0.009624,0.0096440,0.2078,1774044276951
gate,binance,BASUSDT,0.009624,0.0096440,0.2078,1774044277251
gate,binance,BASUSDT,0.009624,0.0096440,0.2078,1774044277551
gate,binance,BASUSDT,0.009624,0.0096440,0.2078,1774044277851
gate,binance,BASUSDT,0.009621,0.0096420,0.2183,1774044278151
gate,binance,BASUSDT,0.009646,0.0096580,0.1244,1774044278451
gate,binance,BASUSDT,0.009635,0.0096570,0.2283,1774044278751
gate,binance,BASUSDT,0.009635,0.0096570,0.2283,1774044279051
gate,binance,BASUSDT,0.009637,0.0096570,0.2075,1774044279351
gate,binance,BASUSDT,0.009637,0.0096570,0.2075,1774044279652
gate,binance,BASUSDT,0.009637,0.0096570,0.2075,1774044279952
gate,binance,BASUSDT,0.009637,0.0096570,0.2075,1774044280252
gate,binance,BASUSDT,0.009637,0.0096570,0.2075,1774044280552
gate,binance,BASUSDT,0.009631,0.0096510,0.2077,1774044280852
gate,binance,BASUSDT,0.009631,0.0096510,0.2077,1774044281152
gate,binance,BASUSDT,0.009631,0.0096510,0.2077,1774044281452
gate,binance,BASUSDT,0.009631,0.0096510,0.2077,1774044281753
gate,binance,BASUSDT,0.009643,0.0096590,0.1659,1774044282053
gate,binance,BASUSDT,0.009643,0.0096590,0.1659,1774044282353
gate,binance,BASUSDT,0.009643,0.0096590,0.1659,1774044282653
gate,binance,BASUSDT,0.009643,0.0096590,0.1659,1774044282954
gate,binance,BASUSDT,0.009647,0.0096590,0.1244,1774044283255
gate,binance,BASUSDT,0.009647,0.0096590,0.1244,1774044283555
gate,binance,BASUSDT,0.009647,0.0096590,0.1244,1774044283856
gate,binance,BASUSDT,0.009647,0.0096590,0.1244,1774044284156
gate,binance,BASUSDT,0.009647,0.0096590,0.1244,1774044284456
gate,binance,BASUSDT,0.009647,0.0096590,0.1244,1774044284756
gate,binance,BASUSDT,0.009647,0.0096590,0.1244,1774044285056
gate,binance,BASUSDT,0.009647,0.0096590,0.1244,1774044285363
gate,binance,BASUSDT,0.009646,0.0096590,0.1348,1774044285674
gate,binance,BASUSDT,0.009646,0.0096610,0.1555,1774044285974
gate,binance,BASUSDT,0.009646,0.0096610,0.1555,1774044286287
gate,binance,BASUSDT,0.009646,0.0096610,0.1555,1774044286603
gate,binance,BASUSDT,0.009655,0.0096610,0.0621,1774044286914
gate,binance,BASUSDT,0.009655,0.0096610,0.0621,1774044287227
gate,binance,BASUSDT,0.009655,0.0096610,0.0621,1774044287541
gate,binance,BASUSDT,0.009655,0.0096610,0.0621,1774044287850
gate,binance,BASUSDT,0.009653,0.0096610,0.0829,1774044288162
gate,binance,BASUSDT,0.009653,0.0096610,0.0829,1774044288488
gate,binance,BASUSDT,0.009653,0.0096610,0.0829,1774044288806
gate,binance,BASUSDT,0.009653,0.0096610,0.0829,1774044289119
gate,binance,BASUSDT,0.009653,0.0096610,0.0829,1774044289425
gate,binance,BASUSDT,0.009658,0.0096610,0.0311,1774044289739
gate,binance,BASUSDT,0.009658,0.0096610,0.0311,1774044290052
gate,binance,BASUSDT,0.009643,0.0096610,0.1867,1774044290358
gate,binance,BASUSDT,0.009653,0.0096610,0.0829,1774044290675
gate,binance,BASUSDT,0.009653,0.0096610,0.0829,1774044290980
gate,binance,BASUSDT,0.009646,0.0096610,0.1555,1774044291290
gate,binance,BASUSDT,0.009631,0.0096610,0.3115,1774044291600
gate,binance,BASUSDT,0.009641,0.0096610,0.2074,1774044291906
gate,binance,BASUSDT,0.009646,0.0096610,0.1555,1774044292216
gate,binance,BASUSDT,0.009646,0.0096610,0.1555,1774044292527
gate,binance,BASUSDT,0.009646,0.0096610,0.1555,1774044292838
gate,binance,BASUSDT,0.009646,0.0096610,0.1555,1774044293151
gate,binance,BASUSDT,0.009646,0.0096610,0.1555,1774044293457
gate,binance,BASUSDT,0.009646,0.0096640,0.1866,1774044293768
gate,binance,BASUSDT,0.009646,0.0096640,0.1866,1774044294071
gate,binance,BASUSDT,0.009623,0.0096650,0.4365,1774044294387
gate,binance,BASUSDT,0.009623,0.0096650,0.4365,1774044294707
gate,binance,BASUSDT,0.009623,0.0096650,0.4365,1774044295018
gate,binance,BASUSDT,0.009629,0.0096650,0.3739,1774044295324
gate,binance,BASUSDT,0.009629,0.0096650,0.3739,1774044295631
gate,binance,BASUSDT,0.009629,0.0096650,0.3739,1774044295933
gate,binance,BASUSDT,0.009629,0.0096660,0.3843,1774044296236
gate,binance,BASUSDT,0.009629,0.0096700,0.4258,1774044296546
gate,binance,BASUSDT,0.009618,0.0096540,0.3743,1774044296858
gate,binance,BASUSDT,0.009618,0.0096620,0.4575,1774044297158
gate,binance,BASUSDT,0.009618,0.0096700,0.5407,1774044297459
gate,binance,BASUSDT,0.009618,0.0096540,0.3743,1774044297764
gate,binance,BASUSDT,0.009618,0.0096540,0.3743,1774044298065
gate,binance,BASUSDT,0.009618,0.0096550,0.3847,1774044298394
gate,binance,BASUSDT,0.009618,0.0096550,0.3847,1774044298695
gate,binance,BASUSDT,0.009618,0.0096550,0.3847,1774044298998
gate,binance,BASUSDT,0.009618,0.0096620,0.4575,1774044299304
gate,binance,BASUSDT,0.009618,0.0096620,0.4575,1774044299611
gate,binance,BASUSDT,0.009618,0.0096620,0.4575,1774044299917
gate,binance,BASUSDT,0.009618,0.0096620,0.4575,1774044300231
gate,binance,BASUSDT,0.009618,0.0096620,0.4575,1774044300542
gate,binance,BASUSDT,0.009627,0.0096620,0.3636,1774044300857
gate,binance,BASUSDT,0.009612,0.0096620,0.5202,1774044301171
gate,binance,BASUSDT,0.009612,0.0096620,0.5202,1774044301475
gate,binance,BASUSDT,0.009612,0.0096620,0.5202,1774044301776
gate,binance,BASUSDT,0.009612,0.0096620,0.5202,1774044302076
gate,binance,BASUSDT,0.009612,0.0096620,0.5202,1774044302376
gate,binance,BASUSDT,0.009612,0.0096620,0.5202,1774044302692
gate,binance,BASUSDT,0.009612,0.0096620,0.5202,1774044302993
gate,binance,BASUSDT,0.009612,0.0096620,0.5202,1774044303293
gate,binance,BASUSDT,0.009618,0.0096620,0.4575,1774044303593
gate,binance,BASUSDT,0.009616,0.0096620,0.4784,1774044303893
gate,binance,BASUSDT,0.009616,0.0096200,0.0416,1774044304194
gate,binance,BASUSDT,0.009616,0.0096200,0.0416,1774044304495
gate,binance,BASUSDT,0.009616,0.0096200,0.0416,1774044304798
gate,binance,BASUSDT,0.009616,0.0096200,0.0416,1774044305108
gate,binance,BASUSDT,0.009616,0.0096200,0.0416,1774044305417
gate,binance,BASUSDT,0.009616,0.0096200,0.0416,1774044305724
gate,binance,BASUSDT,0.009616,0.0096200,0.0416,1774044306040
gate,binance,BASUSDT,0.009616,0.0096200,0.0416,1774044306345
gate,binance,BASUSDT,0.009616,0.0096210,0.052,1774044306645
gate,binance,BASUSDT,0.009616,0.0096210,0.052,1774044306956
gate,binance,BASUSDT,0.009616,0.0096210,0.052,1774044307265
gate,binance,BASUSDT,0.009616,0.0096210,0.052,1774044307567
gate,binance,BASUSDT,0.009616,0.0096210,0.052,1774044307868
gate,binance,BASUSDT,0.009616,0.0095970,-0.1976,1774044308177
gate,binance,BASUSDT,0.009616,0.0096120,-0.0416,1774044308477
gate,binance,BASUSDT,0.009616,0.0096120,-0.0416,1774044308777
gate,binance,BASUSDT,0.009616,0.0096120,-0.0416,1774044309077
gate,binance,BASUSDT,0.009616,0.0096120,-0.0416,1774044309377
gate,binance,BASUSDT,0.009615,0.0095970,-0.1872,1774044309678
gate,binance,BASUSDT,0.009615,0.0095970,-0.1872,1774044309978
gate,binance,BASUSDT,0.009615,0.0095970,-0.1872,1774044310278
gate,binance,BASUSDT,0.009615,0.0095970,-0.1872,1774044310578
gate,binance,BASUSDT,0.009614,0.0095970,-0.1768,1774044310879
gate,binance,BASUSDT,0.009613,0.0095970,-0.1664,1774044311179
gate,binance,BASUSDT,0.009613,0.0095970,-0.1664,1774044311480
gate,binance,BASUSDT,0.009613,0.0095970,-0.1664,1774044311780
gate,binance,BASUSDT,0.009613,0.0095970,-0.1664,1774044312080
gate,binance,BASUSDT,0.009613,0.0095970,-0.1664,1774044312380
gate,binance,BASUSDT,0.009613,0.0095970,-0.1664,1774044312680
gate,binance,BASUSDT,0.009611,0.0095980,-0.1353,1774044312981
gate,binance,BASUSDT,0.009611,0.0095980,-0.1353,1774044313281
gate,binance,BASUSDT,0.0096,0.0095980,-0.0208,1774044313581
gate,binance,BASUSDT,0.009599,0.0095980,-0.0104,1774044313881
gate,binance,BASUSDT,0.009599,0.0095980,-0.0104,1774044314182
gate,binance,BASUSDT,0.009598,0.0095940,-0.0417,1774044314482
gate,binance,BASUSDT,0.009591,0.0095970,0.0626,1774044314782
gate,binance,BASUSDT,0.009591,0.0095970,0.0626,1774044315084
gate,binance,BASUSDT,0.009598,0.0095970,-0.0104,1774044315384
gate,binance,BASUSDT,0.009598,0.0095970,-0.0104,1774044315684
gate,binance,BASUSDT,0.009598,0.0095970,-0.0104,1774044315984
gate,binance,BASUSDT,0.009598,0.0095940,-0.0417,1774044316285
gate,binance,BASUSDT,0.009598,0.0095950,-0.0313,1774044316585
gate,binance,BASUSDT,0.009598,0.0095960,-0.0208,1774044316885
gate,binance,BASUSDT,0.009598,0.0095960,-0.0208,1774044317185
gate,binance,BASUSDT,0.009596,0.0095950,-0.0104,1774044317485
gate,binance,BASUSDT,0.009588,0.0095850,-0.0313,1774044317785
gate,binance,BASUSDT,0.009588,0.0095860,-0.0209,1774044318086
gate,binance,BASUSDT,0.009588,0.0095860,-0.0209,1774044318389
gate,binance,BASUSDT,0.009588,0.0095860,-0.0209,1774044318689
gate,binance,BASUSDT,0.009588,0.0095860,-0.0209,1774044318989
gate,binance,BASUSDT,0.009588,0.0095860,-0.0209,1774044319289
gate,binance,BASUSDT,0.009588,0.0095860,-0.0209,1774044319589
gate,binance,BASUSDT,0.009588,0.0095860,-0.0209,1774044319889
gate,binance,BASUSDT,0.009588,0.0095860,-0.0209,1774044320190
gate,binance,BASUSDT,0.009588,0.0095860,-0.0209,1774044320490
gate,binance,BASUSDT,0.009588,0.0095860,-0.0209,1774044320790
gate,binance,BASUSDT,0.009588,0.0095860,-0.0209,1774044321090
gate,binance,BASUSDT,0.009588,0.0095860,-0.0209,1774044321391
gate,binance,BASUSDT,0.009587,0.0095860,-0.0104,1774044321691
gate,binance,BASUSDT,0.009587,0.0095860,-0.0104,1774044321991
gate,binance,BASUSDT,0.009587,0.0095860,-0.0104,1774044322292
gate,binance,BASUSDT,0.009587,0.0095860,-0.0104,1774044322592
gate,binance,BASUSDT,0.009587,0.0095860,-0.0104,1774044322893
gate,binance,BASUSDT,0.009587,0.0095860,-0.0104,1774044323193
gate,binance,BASUSDT,0.009587,0.0095860,-0.0104,1774044323494
gate,binance,BASUSDT,0.009587,0.0095860,-0.0104,1774044323794
gate,binance,BASUSDT,0.009587,0.0095860,-0.0104,1774044324095
gate,binance,BASUSDT,0.009587,0.0095860,-0.0104,1774044324398
gate,binance,BASUSDT,0.009587,0.0095860,-0.0104,1774044324711
gate,binance,BASUSDT,0.009587,0.0095860,-0.0104,1774044325015
gate,binance,BASUSDT,0.009587,0.0095860,-0.0104,1774044325317
gate,binance,BASUSDT,0.009587,0.0095860,-0.0104,1774044325624
gate,binance,BASUSDT,0.009587,0.0095860,-0.0104,1774044325934
gate,binance,BASUSDT,0.009587,0.0095860,-0.0104,1774044326234
gate,binance,BASUSDT,0.009587,0.0095860,-0.0104,1774044326534
gate,binance,BASUSDT,0.009587,0.0095860,-0.0104,1774044326834
gate,binance,BASUSDT,0.009587,0.0095860,-0.0104,1774044327134
gate,binance,BASUSDT,0.009587,0.0095860,-0.0104,1774044327434
gate,binance,BASUSDT,0.009587,0.0095860,-0.0104,1774044327735
gate,binance,BASUSDT,0.009587,0.0095860,-0.0104,1774044328035
gate,binance,BASUSDT,0.009587,0.0095860,-0.0104,1774044328335
gate,binance,BASUSDT,0.009587,0.0095860,-0.0104,1774044328635
gate,binance,BASUSDT,0.009587,0.0095850,-0.0209,1774044328957
gate,binance,BASUSDT,0.009586,0.0095850,-0.0104,1774044329272
gate,binance,BASUSDT,0.009586,0.0095850,-0.0104,1774044329574
gate,binance,BASUSDT,0.009586,0.0095850,-0.0104,1774044329874
gate,binance,BASUSDT,0.009586,0.0095850,-0.0104,1774044330175
gate,binance,BASUSDT,0.009586,0.0095850,-0.0104,1774044330475
gate,binance,BASUSDT,0.009586,0.0095850,-0.0104,1774044330777
gate,binance,BASUSDT,0.009586,0.0095850,-0.0104,1774044331080
gate,binance,BASUSDT,0.009586,0.0095850,-0.0104,1774044331394
gate,binance,BASUSDT,0.009586,0.0095850,-0.0104,1774044331722
gate,binance,BASUSDT,0.009586,0.0095850,-0.0104,1774044332031
gate,binance,BASUSDT,0.009586,0.0095850,-0.0104,1774044332333
gate,binance,BASUSDT,0.009586,0.0095850,-0.0104,1774044332641
gate,binance,BASUSDT,0.009579,0.0095770,-0.0209,1774044332945
gate,binance,BASUSDT,0.009579,0.0095770,-0.0209,1774044333251
gate,binance,BASUSDT,0.009579,0.0095770,-0.0209,1774044333551
gate,binance,BASUSDT,0.009579,0.0095770,-0.0209,1774044333851
gate,binance,BASUSDT,0.009579,0.0095770,-0.0209,1774044334151
gate,binance,BASUSDT,0.009579,0.0095770,-0.0209,1774044334451
gate,binance,BASUSDT,0.009579,0.0095770,-0.0209,1774044334751
gate,binance,BASUSDT,0.009579,0.0095770,-0.0209,1774044335051
gate,binance,BASUSDT,0.009579,0.0095780,-0.0104,1774044335352
gate,binance,BASUSDT,0.009569,0.0095600,-0.0941,1774044335652
gate,binance,BASUSDT,0.009569,0.0095600,-0.0941,1774044335952
gate,binance,BASUSDT,0.009569,0.0095580,-0.115,1774044336252
gate,binance,BASUSDT,0.009567,0.0095580,-0.0941,1774044336552
gate,binance,BASUSDT,0.009567,0.0095580,-0.0941,1774044336852
gate,binance,BASUSDT,0.009573,0.0095580,-0.1567,1774044337152
gate,binance,BASUSDT,0.009573,0.0095580,-0.1567,1774044337453
gate,binance,BASUSDT,0.009566,0.0095580,-0.0836,1774044337753
gate,binance,BASUSDT,0.009566,0.0095580,-0.0836,1774044338053
gate,binance,BASUSDT,0.009566,0.0095580,-0.0836,1774044338353
gate,binance,BASUSDT,0.009566,0.0095580,-0.0836,1774044338653
gate,binance,BASUSDT,0.009566,0.0095580,-0.0836,1774044338953
gate,binance,BASUSDT,0.009566,0.0095580,-0.0836,1774044339253
gate,binance,BASUSDT,0.009566,0.0095580,-0.0836,1774044339554
gate,binance,BASUSDT,0.009566,0.0095580,-0.0836,1774044339854
gate,binance,BASUSDT,0.009566,0.0095580,-0.0836,1774044340154
gate,binance,BASUSDT,0.009566,0.0095590,-0.0732,1774044340454
gate,binance,BASUSDT,0.009566,0.0095590,-0.0732,1774044340757
gate,binance,BASUSDT,0.009566,0.0095590,-0.0732,1774044341058
gate,binance,BASUSDT,0.009566,0.0095590,-0.0732,1774044341358
gate,binance,BASUSDT,0.009566,0.0095590,-0.0732,1774044341658
gate,binance,BASUSDT,0.009566,0.0095590,-0.0732,1774044341959
gate,binance,BASUSDT,0.009566,0.0095590,-0.0732,1774044342259
gate,binance,BASUSDT,0.009566,0.0095590,-0.0732,1774044342559
gate,binance,BASUSDT,0.009566,0.0095590,-0.0732,1774044342860
gate,binance,BASUSDT,0.009566,0.0095590,-0.0732,1774044343160
gate,binance,BASUSDT,0.009566,0.0095640,-0.0209,1774044343460
gate,binance,BASUSDT,0.009566,0.0095640,-0.0209,1774044343760
gate,binance,BASUSDT,0.009566,0.0095640,-0.0209,1774044344060
gate,binance,BASUSDT,0.009566,0.0095640,-0.0209,1774044344361
gate,binance,BASUSDT,0.009566,0.0095640,-0.0209,1774044344661
gate,binance,BASUSDT,0.009566,0.0095640,-0.0209,1774044344961
gate,binance,BASUSDT,0.009566,0.0095650,-0.0105,1774044345261
gate,binance,BASUSDT,0.009565,0.0095650,0.0,1774044345561
gate,binance,BASUSDT,0.009565,0.0095650,0.0,1774044345861
gate,binance,BASUSDT,0.009565,0.0095650,0.0,1774044346161
gate,binance,BASUSDT,0.009565,0.0095650,0.0,1774044346461
gate,binance,BASUSDT,0.009565,0.0095650,0.0,1774044346762
gate,binance,BASUSDT,0.009565,0.0095650,0.0,1774044347062
gate,binance,BASUSDT,0.009565,0.0095650,0.0,1774044347362
gate,binance,BASUSDT,0.009565,0.0095650,0.0,1774044347662
gate,binance,BASUSDT,0.009565,0.0095650,0.0,1774044347962
gate,binance,BASUSDT,0.009565,0.0095650,0.0,1774044348262
gate,binance,BASUSDT,0.009565,0.0095650,0.0,1774044348563
gate,binance,BASUSDT,0.009565,0.0095650,0.0,1774044348863
gate,binance,BASUSDT,0.009565,0.0095650,0.0,1774044349163
gate,binance,BASUSDT,0.009565,0.0095650,0.0,1774044349463
gate,binance,BASUSDT,0.009565,0.0095650,0.0,1774044349763
gate,binance,BASUSDT,0.009565,0.0095650,0.0,1774044350063
gate,binance,BASUSDT,0.009565,0.0095660,0.0105,1774044350367
gate,binance,BASUSDT,0.009565,0.0095660,0.0105,1774044350675
gate,binance,BASUSDT,0.009565,0.0095660,0.0105,1774044350985
gate,binance,BASUSDT,0.009565,0.0095660,0.0105,1774044351287
gate,binance,BASUSDT,0.009559,0.0095660,0.0732,1774044351603
gate,binance,BASUSDT,0.009563,0.0095660,0.0314,1774044351915
gate,binance,BASUSDT,0.009563,0.0095680,0.0523,1774044352219
gate,binance,BASUSDT,0.009563,0.0095680,0.0523,1774044352525
gate,binance,BASUSDT,0.009563,0.0095680,0.0523,1774044352828
gate,binance,BASUSDT,0.009563,0.0095680,0.0523,1774044353137
gate,binance,BASUSDT,0.009561,0.0095680,0.0732,1774044353437
gate,binance,BASUSDT,0.009561,0.0095680,0.0732,1774044353738
gate,binance,BASUSDT,0.009561,0.0095680,0.0732,1774044354038
gate,binance,BASUSDT,0.009561,0.0095680,0.0732,1774044354338
gate,binance,BASUSDT,0.009561,0.0095680,0.0732,1774044354638
gate,binance,BASUSDT,0.009561,0.0095680,0.0732,1774044354939
gate,binance,BASUSDT,0.009561,0.0095680,0.0732,1774044355239
gate,binance,BASUSDT,0.009561,0.0095690,0.0837,1774044355540
gate,binance,BASUSDT,0.009561,0.0095690,0.0837,1774044355840
gate,binance,BASUSDT,0.009561,0.0095690,0.0837,1774044356140
gate,binance,BASUSDT,0.009561,0.0095690,0.0837,1774044356440
gate,binance,BASUSDT,0.009561,0.0095690,0.0837,1774044356741
gate,binance,BASUSDT,0.009561,0.0095690,0.0837,1774044357041
gate,binance,BASUSDT,0.009561,0.0095690,0.0837,1774044357341
gate,binance,BASUSDT,0.009561,0.0095690,0.0837,1774044357641
gate,binance,BASUSDT,0.009561,0.0095690,0.0837,1774044357941
gate,binance,BASUSDT,0.009561,0.0095690,0.0837,1774044358241
gate,binance,BASUSDT,0.009561,0.0095690,0.0837,1774044358542
gate,binance,BASUSDT,0.009562,0.0095690,0.0732,1774044358842
gate,binance,BASUSDT,0.009561,0.0095690,0.0837,1774044359144
gate,binance,BASUSDT,0.009561,0.0095690,0.0837,1774044359444
gate,binance,BASUSDT,0.009561,0.0095690,0.0837,1774044359744
gate,binance,BASUSDT,0.009561,0.0095690,0.0837,1774044360044
gate,binance,BASUSDT,0.009561,0.0095590,-0.0209,1774044360345
gate,binance,BASUSDT,0.00956,0.0095590,-0.0105,1774044360645
gate,binance,BASUSDT,0.009569,0.0095740,0.0523,1774044360945
gate,binance,BASUSDT,0.009565,0.0095580,-0.0732,1774044361248
gate,binance,BASUSDT,0.009592,0.0095980,0.0626,1774044361562
gate,binance,BASUSDT,0.009592,0.0096030,0.1147,1774044361862
gate,binance,BASUSDT,0.009608,0.0096100,0.0208,1774044362162
gate,binance,BASUSDT,0.009608,0.0096130,0.052,1774044362462
gate,binance,BASUSDT,0.009608,0.0096130,0.052,1774044362762
gate,binance,BASUSDT,0.009613,0.0096150,0.0208,1774044363063
gate,binance,BASUSDT,0.009613,0.0096170,0.0416,1774044363363
gate,binance,BASUSDT,0.009613,0.0096170,0.0416,1774044363665
gate,binance,BASUSDT,0.009619,0.0096170,-0.0208,1774044363965
gate,binance,BASUSDT,0.009606,0.0096170,0.1145,1774044364265
gate,binance,BASUSDT,0.009618,0.0096330,0.156,1774044364566
gate,binance,BASUSDT,0.009632,0.0096380,0.0623,1774044364877
gate,binance,BASUSDT,0.009632,0.0096380,0.0623,1774044365188
gate,binance,BASUSDT,0.009632,0.0096380,0.0623,1774044365489
gate,binance,BASUSDT,0.009632,0.0096380,0.0623,1774044365789
gate,binance,BASUSDT,0.009632,0.0096380,0.0623,1774044366089
gate,binance,BASUSDT,0.009632,0.0096380,0.0623,1774044366389
gate,binance,BASUSDT,0.009632,0.0096380,0.0623,1774044366689
gate,binance,BASUSDT,0.009632,0.0096380,0.0623,1774044366989
gate,binance,BASUSDT,0.009632,0.0096380,0.0623,1774044367290
gate,binance,BASUSDT,0.009642,0.0096380,-0.0415,1774044367590
gate,binance,BASUSDT,0.009701,0.0097090,0.0825,1774044367893
gate,binance,BASUSDT,0.009701,0.0097090,0.0825,1774044368194
gate,binance,BASUSDT,0.009717,0.0097170,0.0,1774044368494
gate,binance,BASUSDT,0.009718,0.0097190,0.0103,1774044368795
gate,binance,BASUSDT,0.009718,0.0097190,0.0103,1774044369095
gate,binance,BASUSDT,0.009718,0.0097240,0.0617,1774044369395
gate,binance,BASUSDT,0.009701,0.0097120,0.1134,1774044369695
gate,binance,BASUSDT,0.009701,0.0097120,0.1134,1774044369995
gate,binance,BASUSDT,0.009686,0.0097070,0.2168,1774044370295
gate,binance,BASUSDT,0.009686,0.0097000,0.1445,1774044370596
gate,binance,BASUSDT,0.009691,0.0097010,0.1032,1774044370900
gate,binance,BASUSDT,0.009691,0.0097030,0.1238,1774044371208
gate,binance,BASUSDT,0.009691,0.0097030,0.1238,1774044371515
gate,binance,BASUSDT,0.009701,0.0097030,0.0206,1774044371818
gate,binance,BASUSDT,0.009701,0.0097030,0.0206,1774044372119
gate,binance,BASUSDT,0.009707,0.0097130,0.0618,1774044372425
gate,binance,BASUSDT,0.009705,0.0097050,0.0,1774044372725
gate,binance,BASUSDT,0.009705,0.0097050,0.0,1774044373025
gate,binance,BASUSDT,0.009697,0.0097050,0.0825,1774044373334
gate,binance,BASUSDT,0.009697,0.0097050,0.0825,1774044373634
gate,binance,BASUSDT,0.009697,0.0097050,0.0825,1774044373934
gate,binance,BASUSDT,0.009705,0.0097050,0.0,1774044374234
gate,binance,BASUSDT,0.009704,0.0097050,0.0103,1774044374534
gate,binance,BASUSDT,0.009703,0.0097050,0.0206,1774044374835
gate,binance,BASUSDT,0.009703,0.0097050,0.0206,1774044375135
gate,binance,BASUSDT,0.009703,0.0097050,0.0206,1774044375435
gate,binance,BASUSDT,0.009703,0.0097050,0.0206,1774044375735
gate,binance,BASUSDT,0.009703,0.0097050,0.0206,1774044376035
gate,binance,BASUSDT,0.009703,0.0097050,0.0206,1774044376336
gate,binance,BASUSDT,0.009696,0.0096980,0.0206,1774044376636
gate,binance,BASUSDT,0.009696,0.0096980,0.0206,1774044376936
gate,binance,BASUSDT,0.009696,0.0096980,0.0206,1774044377236
gate,binance,BASUSDT,0.009696,0.0096980,0.0206,1774044377536
gate,binance,BASUSDT,0.009696,0.0096960,0.0,1774044377836
gate,binance,BASUSDT,0.009696,0.0096960,0.0,1774044378136
gate,binance,BASUSDT,0.009696,0.0096960,0.0,1774044378437
gate,binance,BASUSDT,0.009696,0.0096960,0.0,1774044378737
gate,binance,BASUSDT,0.009696,0.0096960,0.0,1774044379038
gate,binance,BASUSDT,0.009696,0.0096960,0.0,1774044379338
gate,binance,BASUSDT,0.009696,0.0096960,0.0,1774044379638
gate,binance,BASUSDT,0.009696,0.0096960,0.0,1774044379938
gate,binance,BASUSDT,0.009696,0.0096960,0.0,1774044380238
gate,binance,BASUSDT,0.009696,0.0096960,0.0,1774044380538
gate,binance,BASUSDT,0.009696,0.0096960,0.0,1774044380839
gate,binance,BASUSDT,0.009696,0.0096960,0.0,1774044381139
gate,binance,BASUSDT,0.009696,0.0096960,0.0,1774044381439
gate,binance,BASUSDT,0.009696,0.0096960,0.0,1774044381739
gate,binance,BASUSDT,0.009696,0.0096960,0.0,1774044382039
gate,binance,BASUSDT,0.009703,0.0096960,-0.0721,1774044382339
gate,binance,BASUSDT,0.009695,0.0096960,0.0103,1774044382640
gate,binance,BASUSDT,0.009695,0.0096960,0.0103,1774044382940
gate,binance,BASUSDT,0.009695,0.0096960,0.0103,1774044383240
gate,binance,BASUSDT,0.009695,0.0096960,0.0103,1774044383540
gate,binance,BASUSDT,0.009695,0.0096960,0.0103,1774044383840
gate,binance,BASUSDT,0.009695,0.0096960,0.0103,1774044384140
gate,binance,BASUSDT,0.009695,0.0097000,0.0516,1774044384441
gate,binance,BASUSDT,0.009695,0.0097000,0.0516,1774044384741
gate,binance,BASUSDT,0.009694,0.0096980,0.0413,1774044385041
gate,binance,BASUSDT,0.009694,0.0096920,-0.0206,1774044385342
gate,binance,BASUSDT,0.009694,0.0096920,-0.0206,1774044385642
gate,binance,BASUSDT,0.009695,0.0096990,0.0413,1774044385942
gate,binance,BASUSDT,0.009695,0.0096990,0.0413,1774044386242
gate,binance,BASUSDT,0.009695,0.0096990,0.0413,1774044386542
gate,binance,BASUSDT,0.009695,0.0096990,0.0413,1774044386843
gate,binance,BASUSDT,0.009695,0.0096990,0.0413,1774044387143
gate,binance,BASUSDT,0.009695,0.0096990,0.0413,1774044387443
gate,binance,BASUSDT,0.009695,0.0097000,0.0516,1774044387743
gate,binance,BASUSDT,0.009695,0.0097000,0.0516,1774044388043
gate,binance,BASUSDT,0.009695,0.0097000,0.0516,1774044388343
gate,binance,BASUSDT,0.009695,0.0097000,0.0516,1774044388644
gate,binance,BASUSDT,0.009695,0.0097000,0.0516,1774044388944
gate,binance,BASUSDT,0.009696,0.0096970,0.0103,1774044389244
gate,binance,BASUSDT,0.009694,0.0097010,0.0722,1774044389545
gate,binance,BASUSDT,0.009694,0.0097010,0.0722,1774044389845
gate,binance,BASUSDT,0.009694,0.0096940,0.0,1774044390145
gate,binance,BASUSDT,0.009694,0.0096940,0.0,1774044390445
gate,binance,BASUSDT,0.009694,0.0096940,0.0,1774044390745
gate,binance,BASUSDT,0.009694,0.0096940,0.0,1774044391045
gate,binance,BASUSDT,0.009694,0.0096940,0.0,1774044391345
gate,binance,BASUSDT,0.009694,0.0096940,0.0,1774044391646
gate,binance,BASUSDT,0.009649,0.0096460,-0.0311,1774044391946
gate,binance,BASUSDT,0.009649,0.0096480,-0.0104,1774044392247
gate,binance,BASUSDT,0.009649,0.0096480,-0.0104,1774044392547
gate,binance,BASUSDT,0.009618,0.0096220,0.0416,1774044392847
gate,binance,BASUSDT,0.009618,0.0096240,0.0624,1774044393147
gate,binance,BASUSDT,0.009606,0.0096050,-0.0104,1774044393448
gate,binance,BASUSDT,0.009618,0.0096070,-0.1144,1774044393748
gate,binance,BASUSDT,0.009612,0.0096120,0.0,1774044394048
gate,binance,BASUSDT,0.009612,0.0096120,0.0,1774044394348
gate,binance,BASUSDT,0.009612,0.0096120,0.0,1774044394648
gate,binance,BASUSDT,0.009612,0.0096130,0.0104,1774044394948
gate,binance,BASUSDT,0.009612,0.0096140,0.0208,1774044395249
gate,binance,BASUSDT,0.009617,0.0096090,-0.0832,1774044395549
gate,binance,BASUSDT,0.009617,0.0096090,-0.0832,1774044395849
gate,binance,BASUSDT,0.009617,0.0096090,-0.0832,1774044396149
gate,binance,BASUSDT,0.009617,0.0096090,-0.0832,1774044396450
gate,binance,BASUSDT,0.009617,0.0096090,-0.0832,1774044396750
gate,binance,BASUSDT,0.009617,0.0096110,-0.0624,1774044397050
gate,binance,BASUSDT,0.009624,0.0096110,-0.1351,1774044397350
gate,binance,BASUSDT,0.009624,0.0096110,-0.1351,1774044397650
gate,binance,BASUSDT,0.009632,0.0096120,-0.2076,1774044397950
gate,binance,BASUSDT,0.009632,0.0096120,-0.2076,1774044398250
gate,binance,BASUSDT,0.009632,0.0096120,-0.2076,1774044398551
gate,binance,BASUSDT,0.009632,0.0096120,-0.2076,1774044398851
gate,binance,BASUSDT,0.009632,0.0096120,-0.2076,1774044399153
gate,binance,BASUSDT,0.009632,0.0096120,-0.2076,1774044399453
gate,binance,BASUSDT,0.009632,0.0096120,-0.2076,1774044399754
gate,binance,BASUSDT,0.009631,0.0096130,-0.1869,1774044400054
gate,binance,BASUSDT,0.009631,0.0096140,-0.1765,1774044400354
gate,binance,BASUSDT,0.009631,0.0096140,-0.1765,1774044400654
gate,binance,BASUSDT,0.009631,0.0096140,-0.1765,1774044400954
gate,binance,BASUSDT,0.009631,0.0096140,-0.1765,1774044401254
gate,binance,BASUSDT,0.009631,0.0096140,-0.1765,1774044401554
gate,binance,BASUSDT,0.009631,0.0096140,-0.1765,1774044401855
gate,binance,BASUSDT,0.009631,0.0096140,-0.1765,1774044402155
gate,binance,BASUSDT,0.009631,0.0096140,-0.1765,1774044402455
gate,binance,BASUSDT,0.009631,0.0096150,-0.1661,1774044402756
gate,binance,BASUSDT,0.009631,0.0096150,-0.1661,1774044403056
gate,binance,BASUSDT,0.009631,0.0096150,-0.1661,1774044403356
gate,binance,BASUSDT,0.009631,0.0096150,-0.1661,1774044403656
gate,binance,BASUSDT,0.009631,0.0096150,-0.1661,1774044403956
gate,binance,BASUSDT,0.009631,0.0096150,-0.1661,1774044404256
gate,binance,BASUSDT,0.009631,0.0096150,-0.1661,1774044404556
gate,binance,BASUSDT,0.009649,0.0096290,-0.2073,1774044404857
gate,binance,BASUSDT,0.009637,0.0096290,-0.083,1774044405157
gate,binance,BASUSDT,0.009637,0.0096310,-0.0623,1774044405458
gate,binance,BASUSDT,0.009637,0.0096310,-0.0623,1774044405758
gate,binance,BASUSDT,0.009631,0.0096240,-0.0727,1774044406058
gate,binance,BASUSDT,0.009631,0.0096240,-0.0727,1774044406358
gate,binance,BASUSDT,0.00963,0.0096240,-0.0623,1774044406658
gate,binance,BASUSDT,0.009629,0.0096240,-0.0519,1774044406958
gate,binance,BASUSDT,0.009629,0.0096240,-0.0519,1774044407259
gate,binance,BASUSDT,0.009629,0.0096240,-0.0519,1774044407559
gate,binance,BASUSDT,0.009615,0.0096240,0.0936,1774044407859
gate,binance,BASUSDT,0.009621,0.0096240,0.0312,1774044408159
gate,binance,BASUSDT,0.009624,0.0096240,0.0,1774044408460
gate,binance,BASUSDT,0.009624,0.0096240,0.0,1774044408760
gate,binance,BASUSDT,0.009624,0.0096240,0.0,1774044409060
gate,binance,BASUSDT,0.009624,0.0096240,0.0,1774044409360
gate,binance,BASUSDT,0.009624,0.0096240,0.0,1774044409660
gate,binance,BASUSDT,0.009624,0.0096240,0.0,1774044409960
gate,binance,BASUSDT,0.009624,0.0096240,0.0,1774044410263
gate,binance,BASUSDT,0.009624,0.0096240,0.0,1774044410563
gate,binance,BASUSDT,0.009624,0.0096240,0.0,1774044410863
gate,binance,BASUSDT,0.009624,0.0096240,0.0,1774044411164
gate,binance,BASUSDT,0.009624,0.0096240,0.0,1774044411464
gate,binance,BASUSDT,0.009624,0.0096240,0.0,1774044411764
gate,binance,BASUSDT,0.009624,0.0096240,0.0,1774044412064
gate,binance,BASUSDT,0.009624,0.0096240,0.0,1774044412364
gate,binance,BASUSDT,0.009624,0.0096240,0.0,1774044412664
gate,binance,BASUSDT,0.009624,0.0096240,0.0,1774044412965
gate,binance,BASUSDT,0.009624,0.0096240,0.0,1774044413265
gate,binance,BASUSDT,0.009624,0.0096240,0.0,1774044413565
gate,binance,BASUSDT,0.009624,0.0096240,0.0,1774044413865
gate,binance,BASUSDT,0.009624,0.0096240,0.0,1774044414166
gate,binance,BASUSDT,0.009623,0.0096240,0.0104,1774044414466
gate,binance,BASUSDT,0.009612,0.0096190,0.0728,1774044414778
gate,binance,BASUSDT,0.009622,0.0096230,0.0104,1774044415078
gate,binance,BASUSDT,0.009623,0.0096240,0.0104,1774044415378
gate,binance,BASUSDT,0.009623,0.0096240,0.0104,1774044415678
gate,binance,BASUSDT,0.009623,0.0096240,0.0104,1774044415978
gate,binance,BASUSDT,0.009623,0.0096240,0.0104,1774044416279
gate,binance,BASUSDT,0.009623,0.0096240,0.0104,1774044416579
gate,binance,BASUSDT,0.009623,0.0096240,0.0104,1774044416879
gate,binance,BASUSDT,0.009622,0.0096240,0.0208,1774044417193
gate,binance,BASUSDT,0.009622,0.0096240,0.0208,1774044417508
gate,binance,BASUSDT,0.009622,0.0096240,0.0208,1774044417818
gate,binance,BASUSDT,0.009623,0.0096240,0.0104,1774044418122
gate,binance,BASUSDT,0.009623,0.0096240,0.0104,1774044418426
gate,binance,BASUSDT,0.009623,0.0096240,0.0104,1774044418726
gate,binance,BASUSDT,0.009623,0.0096240,0.0104,1774044419026
gate,binance,BASUSDT,0.009623,0.0096240,0.0104,1774044419326
gate,binance,BASUSDT,0.009623,0.0096240,0.0104,1774044419627
gate,binance,BASUSDT,0.009623,0.0096240,0.0104,1774044419927
gate,binance,BASUSDT,0.009623,0.0096230,0.0,1774044420239
gate,binance,BASUSDT,0.009623,0.0096290,0.0624,1774044420541
gate,binance,BASUSDT,0.009623,0.0096290,0.0624,1774044420851
gate,binance,BASUSDT,0.009623,0.0096290,0.0624,1774044421151
gate,binance,BASUSDT,0.009623,0.0096290,0.0624,1774044421452
gate,binance,BASUSDT,0.009623,0.0096290,0.0624,1774044421752
gate,binance,BASUSDT,0.009646,0.0096290,-0.1762,1774044422052
gate,binance,BASUSDT,0.009644,0.0096290,-0.1555,1774044422352
gate,binance,BASUSDT,0.009644,0.0096290,-0.1555,1774044422652
gate,binance,BASUSDT,0.009631,0.0096210,-0.1038,1774044422952
gate,binance,BASUSDT,0.009631,0.0096210,-0.1038,1774044423255
gate,binance,BASUSDT,0.009631,0.0096210,-0.1038,1774044423555
gate,binance,BASUSDT,0.009631,0.0096210,-0.1038,1774044423855
gate,binance,BASUSDT,0.009631,0.0096210,-0.1038,1774044424156
gate,binance,BASUSDT,0.009631,0.0096210,-0.1038,1774044424456
gate,binance,BASUSDT,0.009631,0.0096210,-0.1038,1774044424758
gate,binance,BASUSDT,0.009631,0.0096210,-0.1038,1774044425059
gate,binance,BASUSDT,0.009631,0.0096210,-0.1038,1774044425359
gate,binance,BASUSDT,0.009631,0.0096210,-0.1038,1774044425659
gate,binance,BASUSDT,0.009631,0.0096210,-0.1038,1774044425959
gate,binance,BASUSDT,0.009631,0.0096210,-0.1038,1774044426259
gate,binance,BASUSDT,0.009631,0.0096210,-0.1038,1774044426559
gate,binance,BASUSDT,0.009642,0.0096190,-0.2385,1774044426860
gate,binance,BASUSDT,0.00964,0.0096190,-0.2178,1774044427160
gate,binance,BASUSDT,0.00964,0.0096190,-0.2178,1774044427461
gate,binance,BASUSDT,0.00964,0.0096190,-0.2178,1774044427761
gate,binance,BASUSDT,0.00964,0.0096190,-0.2178,1774044428061
gate,binance,BASUSDT,0.009638,0.0096190,-0.1971,1774044428361
gate,binance,BASUSDT,0.009638,0.0096190,-0.1971,1774044428661
gate,binance,BASUSDT,0.009638,0.0096190,-0.1971,1774044428962
gate,binance,BASUSDT,0.009636,0.0096190,-0.1764,1774044429262
gate,binance,BASUSDT,0.009627,0.0096190,-0.0831,1774044429563
gate,binance,BASUSDT,0.009633,0.0096180,-0.1557,1774044429863
gate,binance,BASUSDT,0.009633,0.0096180,-0.1557,1774044430163
gate,binance,BASUSDT,0.009633,0.0096220,-0.1142,1774044430463
gate,binance,BASUSDT,0.009629,0.0096220,-0.0727,1774044430764
gate,binance,BASUSDT,0.009629,0.0096220,-0.0727,1774044431064
gate,binance,BASUSDT,0.009629,0.0096220,-0.0727,1774044431364
gate,binance,BASUSDT,0.009629,0.0096220,-0.0727,1774044431664
gate,binance,BASUSDT,0.009629,0.0096220,-0.0727,1774044431964
gate,binance,BASUSDT,0.009628,0.0096220,-0.0623,1774044432264
gate,binance,BASUSDT,0.009628,0.0096220,-0.0623,1774044432566
gate,binance,BASUSDT,0.009628,0.0096220,-0.0623,1774044432866
gate,binance,BASUSDT,0.009625,0.0096220,-0.0312,1774044433167
gate,binance,BASUSDT,0.009625,0.0096220,-0.0312,1774044433467
gate,binance,BASUSDT,0.009625,0.0096220,-0.0312,1774044433767
gate,binance,BASUSDT,0.00963,0.0096220,-0.0831,1774044434067
gate,binance,BASUSDT,0.00963,0.0096220,-0.0831,1774044434368
gate,binance,BASUSDT,0.00963,0.0096220,-0.0831,1774044434668
gate,binance,BASUSDT,0.00963,0.0096220,-0.0831,1774044434969
gate,binance,BASUSDT,0.00963,0.0096220,-0.0831,1774044435269
gate,binance,BASUSDT,0.009628,0.0096220,-0.0623,1774044435569
gate,binance,BASUSDT,0.009628,0.0096220,-0.0623,1774044435869
gate,binance,BASUSDT,0.009628,0.0096220,-0.0623,1774044436169
gate,binance,BASUSDT,0.009628,0.0096220,-0.0623,1774044436470
gate,binance,BASUSDT,0.009624,0.0096220,-0.0208,1774044436770
gate,binance,BASUSDT,0.009624,0.0096220,-0.0208,1774044437071
gate,binance,BASUSDT,0.009624,0.0096220,-0.0208,1774044437371
gate,binance,BASUSDT,0.009624,0.0096220,-0.0208,1774044437672
gate,binance,BASUSDT,0.009624,0.0096230,-0.0104,1774044437972
gate,binance,BASUSDT,0.009624,0.0096230,-0.0104,1774044438281
gate,binance,BASUSDT,0.009624,0.0096230,-0.0104,1774044438584
gate,binance,BASUSDT,0.009624,0.0096230,-0.0104,1774044438884
gate,binance,BASUSDT,0.009624,0.0096230,-0.0104,1774044439185
gate,binance,BASUSDT,0.009624,0.0096230,-0.0104,1774044439485
gate,binance,BASUSDT,0.009624,0.0096230,-0.0104,1774044439785
gate,binance,BASUSDT,0.009625,0.0096230,-0.0208,1774044440085
gate,binance,BASUSDT,0.009625,0.0096230,-0.0208,1774044440385
gate,binance,BASUSDT,0.009625,0.0096230,-0.0208,1774044440686
gate,binance,BASUSDT,0.009625,0.0096230,-0.0208,1774044440990
gate,binance,BASUSDT,0.009625,0.0096230,-0.0208,1774044441291
gate,binance,BASUSDT,0.009625,0.0096230,-0.0208,1774044441591
gate,binance,BASUSDT,0.009625,0.0096230,-0.0208,1774044441891
gate,binance,BASUSDT,0.009625,0.0096230,-0.0208,1774044442191
gate,binance,BASUSDT,0.009625,0.0096230,-0.0208,1774044442492
gate,binance,BASUSDT,0.009625,0.0096230,-0.0208,1774044442792
gate,binance,BASUSDT,0.009625,0.0096230,-0.0208,1774044443092
gate,binance,BASUSDT,0.009625,0.0096230,-0.0208,1774044443392
gate,binance,BASUSDT,0.009623,0.0096230,0.0,1774044443693
gate,binance,BASUSDT,0.009623,0.0096230,0.0,1774044443993
gate,binance,BASUSDT,0.009623,0.0096230,0.0,1774044444293
gate,binance,BASUSDT,0.009623,0.0096230,0.0,1774044444594
gate,binance,BASUSDT,0.009623,0.0096230,0.0,1774044444896
gate,binance,BASUSDT,0.009623,0.0096230,0.0,1774044445199
gate,binance,BASUSDT,0.009623,0.0096230,0.0,1774044445514
gate,binance,BASUSDT,0.009623,0.0096230,0.0,1774044445817
gate,binance,BASUSDT,0.009623,0.0096250,0.0208,1774044446122
gate,binance,BASUSDT,0.009623,0.0096250,0.0208,1774044446432
gate,binance,BASUSDT,0.009623,0.0096250,0.0208,1774044446732
gate,binance,BASUSDT,0.009623,0.0096250,0.0208,1774044447041
gate,binance,BASUSDT,0.009623,0.0096250,0.0208,1774044447341
gate,binance,BASUSDT,0.009623,0.0096250,0.0208,1774044447642
gate,binance,BASUSDT,0.009623,0.0096260,0.0312,1774044447942
gate,binance,BASUSDT,0.009623,0.0096260,0.0312,1774044448243
gate,binance,BASUSDT,0.009637,0.0096330,-0.0415,1774044448543
gate,binance,BASUSDT,0.009633,0.0096330,0.0,1774044448843
gate,binance,BASUSDT,0.009637,0.0096330,-0.0415,1774044449143
gate,binance,BASUSDT,0.009636,0.0096330,-0.0311,1774044449443
gate,binance,BASUSDT,0.009636,0.0096330,-0.0311,1774044449748
gate,binance,BASUSDT,0.009636,0.0096330,-0.0311,1774044450048
gate,binance,BASUSDT,0.009635,0.0096330,-0.0208,1774044450348
gate,binance,BASUSDT,0.009632,0.0096330,0.0104,1774044450649
gate,binance,BASUSDT,0.009684,0.0096880,0.0413,1774044450949
gate,binance,BASUSDT,0.00969,0.0096950,0.0516,1774044451249
gate,binance,BASUSDT,0.009689,0.0096970,0.0826,1774044451549
gate,binance,BASUSDT,0.00969,0.0096970,0.0722,1774044451851
gate,binance,BASUSDT,0.00969,0.0097010,0.1135,1774044452163
gate,binance,BASUSDT,0.00969,0.0097010,0.1135,1774044452463
gate,binance,BASUSDT,0.00969,0.0097030,0.1342,1774044452763
gate,binance,BASUSDT,0.00969,0.0097010,0.1135,1774044453064
gate,binance,BASUSDT,0.00969,0.0097010,0.1135,1774044453364
gate,binance,BASUSDT,0.00969,0.0097010,0.1135,1774044453664
gate,binance,BASUSDT,0.00969,0.0097010,0.1135,1774044453964
gate,binance,BASUSDT,0.00969,0.0097010,0.1135,1774044454264
gate,binance,BASUSDT,0.00969,0.0097010,0.1135,1774044454565
gate,binance,BASUSDT,0.00969,0.0097010,0.1135,1774044454865
gate,binance,BASUSDT,0.00969,0.0097010,0.1135,1774044455165
gate,binance,BASUSDT,0.00969,0.0097010,0.1135,1774044455465
gate,binance,BASUSDT,0.00969,0.0097010,0.1135,1774044455766
gate,binance,BASUSDT,0.00969,0.0097010,0.1135,1774044456066
gate,binance,BASUSDT,0.00969,0.0096980,0.0826,1774044456366
gate,binance,BASUSDT,0.00969,0.0096990,0.0929,1774044456667
gate,binance,BASUSDT,0.009689,0.0096930,0.0413,1774044456967
gate,binance,BASUSDT,0.009678,0.0096810,0.031,1774044457268
gate,binance,BASUSDT,0.009678,0.0096850,0.0723,1774044457568
gate,binance,BASUSDT,0.009666,0.0096730,0.0724,1774044457869
gate,binance,BASUSDT,0.009674,0.0096760,0.0207,1774044458169
gate,binance,BASUSDT,0.009674,0.0096770,0.031,1774044458469
gate,binance,BASUSDT,0.009674,0.0096750,0.0103,1774044458769
gate,binance,BASUSDT,0.009674,0.0096750,0.0103,1774044459069
gate,binance,BASUSDT,0.009674,0.0096750,0.0103,1774044459369
gate,binance,BASUSDT,0.009674,0.0096750,0.0103,1774044459669
gate,binance,BASUSDT,0.009674,0.0096750,0.0103,1774044459970
gate,binance,BASUSDT,0.009674,0.0096750,0.0103,1774044460270
gate,binance,BASUSDT,0.009674,0.0096750,0.0103,1774044460570
gate,binance,BASUSDT,0.009682,0.0096940,0.1239,1774044460870
gate,binance,BASUSDT,0.009691,0.0096920,0.0103,1774044461170
gate,binance,BASUSDT,0.009691,0.0096920,0.0103,1774044461470
gate,binance,BASUSDT,0.009683,0.0096880,0.0516,1774044461771
gate,binance,BASUSDT,0.009683,0.0096880,0.0516,1774044462071
gate,binance,BASUSDT,0.009691,0.0096880,-0.031,1774044462372
gate,binance,BASUSDT,0.009691,0.0096880,-0.031,1774044462672
gate,binance,BASUSDT,0.009689,0.0096880,-0.0103,1774044462972
gate,binance,BASUSDT,0.009689,0.0096880,-0.0103,1774044463272
gate,binance,BASUSDT,0.009689,0.0096880,-0.0103,1774044463572
gate,binance,BASUSDT,0.009689,0.0096880,-0.0103,1774044463873
gate,binance,BASUSDT,0.009689,0.0096880,-0.0103,1774044464173
gate,binance,BASUSDT,0.009689,0.0096880,-0.0103,1774044464473
gate,binance,BASUSDT,0.009689,0.0096910,0.0206,1774044464774
gate,binance,BASUSDT,0.009689,0.0096880,-0.0103,1774044465074
gate,binance,BASUSDT,0.009689,0.0096880,-0.0103,1774044465374
gate,binance,BASUSDT,0.009689,0.0096880,-0.0103,1774044465675
gate,binance,BASUSDT,0.009682,0.0096880,0.062,1774044465975
gate,binance,BASUSDT,0.009682,0.0096880,0.062,1774044466275
gate,binance,BASUSDT,0.009682,0.0096880,0.062,1774044466575
gate,binance,BASUSDT,0.009682,0.0096880,0.062,1774044466875
gate,binance,BASUSDT,0.009682,0.0096880,0.062,1774044467175
gate,binance,BASUSDT,0.009682,0.0096880,0.062,1774044467475
gate,binance,BASUSDT,0.009682,0.0096880,0.062,1774044467775
gate,binance,BASUSDT,0.009682,0.0096880,0.062,1774044468076
gate,binance,BASUSDT,0.009682,0.0096880,0.062,1774044468376
gate,binance,BASUSDT,0.009689,0.0096880,-0.0103,1774044468676
gate,binance,BASUSDT,0.009689,0.0096880,-0.0103,1774044468976
gate,binance,BASUSDT,0.009689,0.0096880,-0.0103,1774044469276
gate,binance,BASUSDT,0.009689,0.0096880,-0.0103,1774044469577
gate,binance,BASUSDT,0.009689,0.0096880,-0.0103,1774044469877
gate,binance,BASUSDT,0.009689,0.0096880,-0.0103,1774044470177
gate,binance,BASUSDT,0.009687,0.0096880,0.0103,1774044470477
gate,binance,BASUSDT,0.009687,0.0096880,0.0103,1774044470777
gate,binance,BASUSDT,0.009687,0.0096880,0.0103,1774044471079
gate,binance,BASUSDT,0.009687,0.0096880,0.0103,1774044471379
gate,binance,BASUSDT,0.009687,0.0096880,0.0103,1774044471679
gate,binance,BASUSDT,0.009687,0.0096880,0.0103,1774044471979
gate,binance,BASUSDT,0.009687,0.0096880,0.0103,1774044472279
gate,binance,BASUSDT,0.009687,0.0096880,0.0103,1774044472580
gate,binance,BASUSDT,0.009687,0.0096880,0.0103,1774044472880
gate,binance,BASUSDT,0.009687,0.0096880,0.0103,1774044473180
gate,binance,BASUSDT,0.009687,0.0096880,0.0103,1774044473486
gate,binance,BASUSDT,0.009687,0.0096880,0.0103,1774044473787
gate,binance,BASUSDT,0.009687,0.0096880,0.0103,1774044474087
gate,binance,BASUSDT,0.009687,0.0096880,0.0103,1774044474387
gate,binance,BASUSDT,0.009687,0.0096880,0.0103,1774044474687
gate,binance,BASUSDT,0.009687,0.0096880,0.0103,1774044474987
gate,binance,BASUSDT,0.009687,0.0096880,0.0103,1774044475287
gate,binance,BASUSDT,0.009681,0.0096880,0.0723,1774044475587
gate,binance,BASUSDT,0.009681,0.0096880,0.0723,1774044475887
gate,binance,BASUSDT,0.009681,0.0096880,0.0723,1774044476188
gate,binance,BASUSDT,0.009681,0.0096880,0.0723,1774044476488
gate,binance,BASUSDT,0.009681,0.0096880,0.0723,1774044476788
gate,binance,BASUSDT,0.009681,0.0096880,0.0723,1774044477088
gate,binance,BASUSDT,0.009681,0.0096880,0.0723,1774044477388
gate,binance,BASUSDT,0.009681,0.0096880,0.0723,1774044477688
gate,binance,BASUSDT,0.009681,0.0096880,0.0723,1774044477988
gate,binance,BASUSDT,0.009681,0.0096880,0.0723,1774044478289
gate,binance,BASUSDT,0.00968,0.0096880,0.0826,1774044478589
gate,binance,BASUSDT,0.00968,0.0096880,0.0826,1774044478890
gate,binance,BASUSDT,0.00968,0.0096880,0.0826,1774044479190
gate,binance,BASUSDT,0.00968,0.0096880,0.0826,1774044479490
gate,binance,BASUSDT,0.00968,0.0096880,0.0826,1774044479790
gate,binance,BASUSDT,0.00968,0.0096880,0.0826,1774044480091
gate,binance,BASUSDT,0.00968,0.0096880,0.0826,1774044480398
gate,binance,BASUSDT,0.009685,0.0096880,0.031,1774044480712
gate,binance,BASUSDT,0.009685,0.0096890,0.0413,1774044481019
gate,binance,BASUSDT,0.009692,0.0096890,-0.031,1774044481326
gate,binance,BASUSDT,0.009692,0.0096890,-0.031,1774044481630
gate,binance,BASUSDT,0.009692,0.0096890,-0.031,1774044481938
gate,binance,BASUSDT,0.009692,0.0096890,-0.031,1774044482238
gate,binance,BASUSDT,0.009692,0.0096890,-0.031,1774044482538
gate,binance,BASUSDT,0.009692,0.0096890,-0.031,1774044482838
gate,binance,BASUSDT,0.009692,0.0096890,-0.031,1774044483138
gate,binance,BASUSDT,0.009692,0.0096890,-0.031,1774044483439
gate,binance,BASUSDT,0.009692,0.0096890,-0.031,1774044483739
gate,binance,BASUSDT,0.009692,0.0096890,-0.031,1774044484039
gate,binance,BASUSDT,0.009692,0.0096890,-0.031,1774044484340
gate,binance,BASUSDT,0.009692,0.0096890,-0.031,1774044484640
gate,binance,BASUSDT,0.009692,0.0096890,-0.031,1774044484940
gate,binance,BASUSDT,0.009692,0.0096890,-0.031,1774044485240
gate,binance,BASUSDT,0.009692,0.0096890,-0.031,1774044485541
gate,binance,BASUSDT,0.009692,0.0096890,-0.031,1774044485841
gate,binance,BASUSDT,0.009692,0.0096890,-0.031,1774044486141
gate,binance,BASUSDT,0.009692,0.0096890,-0.031,1774044486441
gate,binance,BASUSDT,0.009692,0.0096890,-0.031,1774044486741
gate,binance,BASUSDT,0.009692,0.0096890,-0.031,1774044487041
gate,binance,BASUSDT,0.009692,0.0096890,-0.031,1774044487342
gate,binance,BASUSDT,0.009692,0.0096890,-0.031,1774044487642
gate,binance,BASUSDT,0.009692,0.0096890,-0.031,1774044487942
gate,binance,BASUSDT,0.009692,0.0096890,-0.031,1774044488242
gate,binance,BASUSDT,0.009692,0.0096890,-0.031,1774044488542
gate,binance,BASUSDT,0.009691,0.0096890,-0.0206,1774044488842
gate,binance,BASUSDT,0.009691,0.0096890,-0.0206,1774044489143
gate,binance,BASUSDT,0.009613,0.0096280,0.156,1774044489443
gate,binance,BASUSDT,0.009647,0.0096360,-0.114,1774044489743
gate,binance,BASUSDT,0.009645,0.0096370,-0.0829,1774044490043
gate,binance,BASUSDT,0.009645,0.0096370,-0.0829,1774044490343
gate,binance,BASUSDT,0.009615,0.0096330,0.1872,1774044490643
gate,binance,BASUSDT,0.009627,0.0096340,0.0727,1774044490953
gate,binance,BASUSDT,0.009635,0.0096340,-0.0104,1774044491253
gate,binance,BASUSDT,0.009621,0.0096340,0.1351,1774044491553
gate,binance,BASUSDT,0.009633,0.0096340,0.0104,1774044491854
gate,binance,BASUSDT,0.009627,0.0096340,0.0727,1774044492154
gate,binance,BASUSDT,0.009627,0.0096340,0.0727,1774044492454
gate,binance,BASUSDT,0.009627,0.0096340,0.0727,1774044492754
gate,binance,BASUSDT,0.009645,0.0096350,-0.1037,1774044493054
gate,binance,BASUSDT,0.009632,0.0096350,0.0311,1774044493355
gate,binance,BASUSDT,0.009641,0.0096360,-0.0519,1774044493655
gate,binance,BASUSDT,0.009635,0.0096360,0.0104,1774044493956
gate,binance,BASUSDT,0.009635,0.0096360,0.0104,1774044494257
gate,binance,BASUSDT,0.009639,0.0096360,-0.0311,1774044494557
gate,binance,BASUSDT,0.009639,0.0096360,-0.0311,1774044494857
gate,binance,BASUSDT,0.009639,0.0096360,-0.0311,1774044495157
gate,binance,BASUSDT,0.009639,0.0096360,-0.0311,1774044495457
gate,binance,BASUSDT,0.009639,0.0096360,-0.0311,1774044495757
gate,binance,BASUSDT,0.009639,0.0096370,-0.0207,1774044496058
gate,binance,BASUSDT,0.009639,0.0096420,0.0311,1774044496358
gate,binance,BASUSDT,0.009638,0.0096420,0.0415,1774044496658
gate,binance,BASUSDT,0.009638,0.0096420,0.0415,1774044496958
gate,binance,BASUSDT,0.009637,0.0096420,0.0519,1774044497259
gate,binance,BASUSDT,0.009637,0.0096420,0.0519,1774044497559
gate,binance,BASUSDT,0.009637,0.0096420,0.0519,1774044497859
gate,binance,BASUSDT,0.009637,0.0096420,0.0519,1774044498159
gate,binance,BASUSDT,0.009637,0.0096420,0.0519,1774044498459
gate,binance,BASUSDT,0.009637,0.0096430,0.0623,1774044498759
gate,binance,BASUSDT,0.009691,0.0096560,-0.3612,1774044499060
gate,binance,BASUSDT,0.009655,0.0096560,0.0104,1774044499360
gate,binance,BASUSDT,0.009644,0.0096560,0.1244,1774044499660
gate,binance,BASUSDT,0.009644,0.0096510,0.0726,1774044499960
gate,binance,BASUSDT,0.009644,0.0096510,0.0726,1774044500261
gate,binance,BASUSDT,0.009644,0.0096510,0.0726,1774044500561
gate,binance,BASUSDT,0.009644,0.0096510,0.0726,1774044500862
gate,binance,BASUSDT,0.009644,0.0096510,0.0726,1774044501162
gate,binance,BASUSDT,0.009644,0.0096510,0.0726,1774044501463
gate,binance,BASUSDT,0.009644,0.0096520,0.083,1774044501763
gate,binance,BASUSDT,0.009644,0.0096520,0.083,1774044502063
gate,binance,BASUSDT,0.009644,0.0096520,0.083,1774044502364
gate,binance,BASUSDT,0.009644,0.0096520,0.083,1774044502664
gate,binance,BASUSDT,0.009644,0.0096520,0.083,1774044502965
gate,binance,BASUSDT,0.009644,0.0096520,0.083,1774044503265
gate,binance,BASUSDT,0.009644,0.0096520,0.083,1774044503565
gate,binance,BASUSDT,0.009644,0.0096520,0.083,1774044503865
gate,binance,BASUSDT,0.009644,0.0096520,0.083,1774044504166
gate,binance,BASUSDT,0.009644,0.0096520,0.083,1774044504468
gate,binance,BASUSDT,0.009644,0.0096520,0.083,1774044504769
gate,binance,BASUSDT,0.009644,0.0096520,0.083,1774044505069
gate,binance,BASUSDT,0.009644,0.0096470,0.0311,1774044505369
gate,binance,BASUSDT,0.009643,0.0096470,0.0415,1774044505669
gate,binance,BASUSDT,0.009643,0.0096470,0.0415,1774044505969
gate,binance,BASUSDT,0.009643,0.0096470,0.0415,1774044506269
gate,binance,BASUSDT,0.009643,0.0096470,0.0415,1774044506570
gate,binance,BASUSDT,0.009643,0.0096470,0.0415,1774044506871
gate,binance,BASUSDT,0.009643,0.0096470,0.0415,1774044507171
gate,binance,BASUSDT,0.009643,0.0096470,0.0415,1774044507471
gate,binance,BASUSDT,0.009653,0.0096480,-0.0518,1774044507771
gate,binance,BASUSDT,0.009652,0.0096490,-0.0311,1774044508071
gate,binance,BASUSDT,0.009651,0.0096490,-0.0207,1774044508371
gate,binance,BASUSDT,0.009651,0.0096490,-0.0207,1774044508672
gate,binance,BASUSDT,0.009651,0.0096490,-0.0207,1774044508972
gate,binance,BASUSDT,0.009651,0.0096490,-0.0207,1774044509272
gate,binance,BASUSDT,0.009651,0.0096490,-0.0207,1774044509573
gate,binance,BASUSDT,0.009651,0.0096490,-0.0207,1774044509873
gate,binance,BASUSDT,0.009651,0.0096490,-0.0207,1774044510173
gate,binance,BASUSDT,0.009651,0.0096490,-0.0207,1774044510473
gate,binance,BASUSDT,0.009651,0.0096500,-0.0104,1774044510773
gate,binance,BASUSDT,0.009651,0.0096510,0.0,1774044511073
gate,binance,BASUSDT,0.009651,0.0096510,0.0,1774044511374
gate,binance,BASUSDT,0.009651,0.0096510,0.0,1774044511674
gate,binance,BASUSDT,0.009651,0.0096510,0.0,1774044511974
gate,binance,BASUSDT,0.009651,0.0096510,0.0,1774044512274
gate,binance,BASUSDT,0.009651,0.0096510,0.0,1774044512574
gate,binance,BASUSDT,0.009651,0.0096510,0.0,1774044512875
gate,binance,BASUSDT,0.009651,0.0096510,0.0,1774044513175
gate,binance,BASUSDT,0.009651,0.0096510,0.0,1774044513475
gate,binance,BASUSDT,0.009651,0.0096510,0.0,1774044513775
gate,binance,BASUSDT,0.009651,0.0096510,0.0,1774044514075
gate,binance,BASUSDT,0.009651,0.0096510,0.0,1774044514375
gate,binance,BASUSDT,0.009651,0.0096510,0.0,1774044514676
gate,binance,BASUSDT,0.009651,0.0096510,0.0,1774044514976
gate,binance,BASUSDT,0.00965,0.0096510,0.0104,1774044515276
gate,binance,BASUSDT,0.009649,0.0096510,0.0207,1774044515576
gate,binance,BASUSDT,0.009649,0.0096510,0.0207,1774044515877
gate,binance,BASUSDT,0.009649,0.0096510,0.0207,1774044516177
gate,binance,BASUSDT,0.009649,0.0096510,0.0207,1774044516477
gate,binance,BASUSDT,0.009649,0.0096520,0.0311,1774044516777
gate,binance,BASUSDT,0.009649,0.0096530,0.0415,1774044517077
gate,binance,BASUSDT,0.009649,0.0096530,0.0415,1774044517379
gate,binance,BASUSDT,0.009649,0.0096530,0.0415,1774044517679
gate,binance,BASUSDT,0.009649,0.0096530,0.0415,1774044517979
gate,binance,BASUSDT,0.009649,0.0096530,0.0415,1774044518279
gate,binance,BASUSDT,0.009649,0.0096530,0.0415,1774044518580
gate,binance,BASUSDT,0.009649,0.0096530,0.0415,1774044518880
gate,binance,BASUSDT,0.009649,0.0096530,0.0415,1774044519180
gate,binance,BASUSDT,0.009649,0.0096530,0.0415,1774044519481
gate,binance,BASUSDT,0.009649,0.0096530,0.0415,1774044519781
gate,binance,BASUSDT,0.009649,0.0096530,0.0415,1774044520081
gate,binance,BASUSDT,0.009649,0.0096530,0.0415,1774044520382
gate,binance,BASUSDT,0.009649,0.0096530,0.0415,1774044520682
gate,binance,BASUSDT,0.009649,0.0096530,0.0415,1774044520983
gate,binance,BASUSDT,0.009649,0.0096530,0.0415,1774044521283
gate,binance,BASUSDT,0.009649,0.0096530,0.0415,1774044521583
gate,binance,BASUSDT,0.009649,0.0096530,0.0415,1774044521883
gate,binance,BASUSDT,0.009649,0.0096530,0.0415,1774044522184
gate,binance,BASUSDT,0.009649,0.0096530,0.0415,1774044522484
gate,binance,BASUSDT,0.009647,0.0096530,0.0622,1774044522784
gate,binance,BASUSDT,0.009647,0.0096540,0.0726,1774044523095
gate,binance,BASUSDT,0.009647,0.0096540,0.0726,1774044523398
gate,binance,BASUSDT,0.009647,0.0096540,0.0726,1774044523705
gate,binance,BASUSDT,0.009648,0.0096540,0.0622,1774044524012
gate,binance,BASUSDT,0.009648,0.0096540,0.0622,1774044524313
gate,binance,BASUSDT,0.009648,0.0096540,0.0622,1774044524616
gate,binance,BASUSDT,0.009647,0.0096540,0.0726,1774044524919
gate,binance,BASUSDT,0.009647,0.0096540,0.0726,1774044525223
gate,binance,BASUSDT,0.009647,0.0096540,0.0726,1774044525523
gate,binance,BASUSDT,0.009647,0.0096540,0.0726,1774044525824
gate,binance,BASUSDT,0.009647,0.0096540,0.0726,1774044526124
gate,binance,BASUSDT,0.009647,0.0096540,0.0726,1774044526424
gate,binance,BASUSDT,0.009647,0.0096540,0.0726,1774044526725
gate,binance,BASUSDT,0.009647,0.0096540,0.0726,1774044527026
gate,binance,BASUSDT,0.009647,0.0096540,0.0726,1774044527326
gate,binance,BASUSDT,0.009647,0.0096540,0.0726,1774044527626
gate,binance,BASUSDT,0.009647,0.0096540,0.0726,1774044527926
gate,binance,BASUSDT,0.009647,0.0096540,0.0726,1774044528227
gate,binance,BASUSDT,0.009647,0.0096540,0.0726,1774044528527
gate,binance,BASUSDT,0.009647,0.0096540,0.0726,1774044528827
gate,binance,BASUSDT,0.009647,0.0096540,0.0726,1774044529127
gate,binance,BASUSDT,0.009647,0.0096540,0.0726,1774044529428
gate,binance,BASUSDT,0.009647,0.0096540,0.0726,1774044529728
gate,binance,BASUSDT,0.009647,0.0096540,0.0726,1774044530028
gate,binance,BASUSDT,0.009647,0.0096540,0.0726,1774044530328
gate,binance,BASUSDT,0.009647,0.0096540,0.0726,1774044530636
gate,binance,BASUSDT,0.009647,0.0096540,0.0726,1774044530936
gate,binance,BASUSDT,0.009647,0.0096540,0.0726,1774044531236
gate,binance,BASUSDT,0.009647,0.0096540,0.0726,1774044531536
gate,binance,BASUSDT,0.009647,0.0096540,0.0726,1774044531837
gate,binance,BASUSDT,0.009647,0.0096540,0.0726,1774044532137
gate,binance,BASUSDT,0.009647,0.0096540,0.0726,1774044532437
gate,binance,BASUSDT,0.009647,0.0096540,0.0726,1774044532738
gate,binance,BASUSDT,0.009647,0.0096540,0.0726,1774044533038
gate,binance,BASUSDT,0.009647,0.0096540,0.0726,1774044533338
gate,binance,BASUSDT,0.009647,0.0096540,0.0726,1774044533638
gate,binance,BASUSDT,0.009647,0.0096540,0.0726,1774044533939
gate,binance,BASUSDT,0.009647,0.0096540,0.0726,1774044534239
gate,binance,BASUSDT,0.009647,0.0096540,0.0726,1774044534539
gate,binance,BASUSDT,0.009647,0.0096540,0.0726,1774044534839
gate,binance,BASUSDT,0.009647,0.0096530,0.0622,1774044535139
gate,binance,BASUSDT,0.009647,0.0096530,0.0622,1774044535439
gate,binance,BASUSDT,0.009647,0.0096530,0.0622,1774044535739
gate,binance,BASUSDT,0.009647,0.0096530,0.0622,1774044536040
gate,binance,BASUSDT,0.009647,0.0096530,0.0622,1774044536340
gate,binance,BASUSDT,0.009647,0.0096530,0.0622,1774044536640
gate,binance,BASUSDT,0.009647,0.0096530,0.0622,1774044536940
gate,binance,BASUSDT,0.009647,0.0096530,0.0622,1774044537240
gate,binance,BASUSDT,0.009647,0.0096530,0.0622,1774044537540
gate,binance,BASUSDT,0.009647,0.0096530,0.0622,1774044537840
gate,binance,BASUSDT,0.009647,0.0096530,0.0622,1774044538150
gate,binance,BASUSDT,0.009646,0.0096530,0.0726,1774044538450
gate,binance,BASUSDT,0.009646,0.0096530,0.0726,1774044538750
gate,binance,BASUSDT,0.009645,0.0096530,0.0829,1774044539050
gate,binance,BASUSDT,0.009645,0.0096530,0.0829,1774044539350
gate,binance,BASUSDT,0.009645,0.0096530,0.0829,1774044539651
gate,binance,BASUSDT,0.009645,0.0096530,0.0829,1774044539951
gate,binance,BASUSDT,0.009645,0.0096530,0.0829,1774044540251
gate,binance,BASUSDT,0.009645,0.0096530,0.0829,1774044540551
gate,binance,BASUSDT,0.009636,0.0096440,0.083,1774044540851
gate,binance,BASUSDT,0.009636,0.0096440,0.083,1774044541152
gate,binance,BASUSDT,0.009636,0.0096440,0.083,1774044541452
gate,binance,BASUSDT,0.009636,0.0096440,0.083,1774044541752
gate,binance,BASUSDT,0.009636,0.0096440,0.083,1774044542052
gate,binance,BASUSDT,0.009636,0.0096440,0.083,1774044542352
gate,binance,BASUSDT,0.009636,0.0096440,0.083,1774044542652
gate,binance,BASUSDT,0.009645,0.0096440,-0.0104,1774044542953
gate,binance,BASUSDT,0.009645,0.0096440,-0.0104,1774044543253
gate,binance,BASUSDT,0.009645,0.0096440,-0.0104,1774044543553
gate,binance,BASUSDT,0.009645,0.0096440,-0.0104,1774044543853
gate,binance,BASUSDT,0.009645,0.0096440,-0.0104,1774044544154
gate,binance,BASUSDT,0.009645,0.0096440,-0.0104,1774044544454
gate,binance,BASUSDT,0.009645,0.0096440,-0.0104,1774044544754
gate,binance,BASUSDT,0.009645,0.0096440,-0.0104,1774044545054
gate,binance,BASUSDT,0.009645,0.0096440,-0.0104,1774044545355
gate,binance,BASUSDT,0.009645,0.0096440,-0.0104,1774044545655
gate,binance,BASUSDT,0.009645,0.0096440,-0.0104,1774044545955
gate,binance,BASUSDT,0.009645,0.0096440,-0.0104,1774044546255
gate,binance,BASUSDT,0.009645,0.0096440,-0.0104,1774044546555
gate,binance,BASUSDT,0.009645,0.0096440,-0.0104,1774044546856
gate,binance,BASUSDT,0.009645,0.0096440,-0.0104,1774044547156
gate,binance,BASUSDT,0.009645,0.0096440,-0.0104,1774044547456
gate,binance,BASUSDT,0.009645,0.0096440,-0.0104,1774044547756
gate,binance,BASUSDT,0.009645,0.0096440,-0.0104,1774044548056
gate,binance,BASUSDT,0.009645,0.0096440,-0.0104,1774044548357
gate,binance,BASUSDT,0.009645,0.0096440,-0.0104,1774044548657
gate,binance,BASUSDT,0.009645,0.0096440,-0.0104,1774044548957
gate,binance,BASUSDT,0.009645,0.0096440,-0.0104,1774044549257
gate,binance,BASUSDT,0.009645,0.0096440,-0.0104,1774044549558
gate,binance,BASUSDT,0.009645,0.0096440,-0.0104,1774044549858
gate,binance,BASUSDT,0.009645,0.0096440,-0.0104,1774044550159
gate,binance,BASUSDT,0.009645,0.0096440,-0.0104,1774044550459
gate,binance,BASUSDT,0.009645,0.0096440,-0.0104,1774044550760
gate,binance,BASUSDT,0.009645,0.0096440,-0.0104,1774044551060
gate,binance,BASUSDT,0.009645,0.0096440,-0.0104,1774044551360
gate,binance,BASUSDT,0.009645,0.0096440,-0.0104,1774044551660
gate,binance,BASUSDT,0.009645,0.0096440,-0.0104,1774044551961
gate,binance,BASUSDT,0.009645,0.0096440,-0.0104,1774044552261
gate,binance,BASUSDT,0.009645,0.0096440,-0.0104,1774044552561
gate,binance,BASUSDT,0.009645,0.0096440,-0.0104,1774044552861
gate,binance,BASUSDT,0.009643,0.0096440,0.0104,1774044553161
gate,binance,BASUSDT,0.009644,0.0096460,0.0207,1774044553462
gate,binance,BASUSDT,0.009643,0.0096460,0.0311,1774044553762
gate,binance,BASUSDT,0.009643,0.0096460,0.0311,1774044554063
gate,binance,BASUSDT,0.009643,0.0096460,0.0311,1774044554363
gate,binance,BASUSDT,0.009643,0.0096460,0.0311,1774044554663
gate,binance,BASUSDT,0.009643,0.0096460,0.0311,1774044554963
gate,binance,BASUSDT,0.009643,0.0096460,0.0311,1774044555263
gate,binance,BASUSDT,0.009643,0.0096460,0.0311,1774044555564
gate,binance,BASUSDT,0.009643,0.0096460,0.0311,1774044555864
gate,binance,BASUSDT,0.009644,0.0096520,0.083,1774044556164
gate,binance,BASUSDT,0.009646,0.0096470,0.0104,1774044556465
gate,binance,BASUSDT,0.009645,0.0096470,0.0207,1774044556765
gate,binance,BASUSDT,0.009645,0.0096470,0.0207,1774044557065
gate,binance,BASUSDT,0.009645,0.0096470,0.0207,1774044557365
gate,binance,BASUSDT,0.009645,0.0096470,0.0207,1774044557665
gate,binance,BASUSDT,0.009645,0.0096470,0.0207,1774044557965
gate,binance,BASUSDT,0.009645,0.0096470,0.0207,1774044558265
gate,binance,BASUSDT,0.009645,0.0096470,0.0207,1774044558565
gate,binance,BASUSDT,0.009645,0.0096470,0.0207,1774044558866
gate,binance,BASUSDT,0.009645,0.0096470,0.0207,1774044559166
gate,binance,BASUSDT,0.009645,0.0096470,0.0207,1774044559466
gate,binance,BASUSDT,0.009645,0.0096470,0.0207,1774044559766
gate,binance,BASUSDT,0.009645,0.0096470,0.0207,1774044560066
gate,binance,BASUSDT,0.009645,0.0096470,0.0207,1774044560366
gate,binance,BASUSDT,0.009645,0.0096470,0.0207,1774044560667
gate,binance,BASUSDT,0.009645,0.0096470,0.0207,1774044560967
gate,binance,BASUSDT,0.009645,0.0096470,0.0207,1774044561267
gate,binance,BASUSDT,0.009645,0.0096470,0.0207,1774044561568
gate,binance,BASUSDT,0.009645,0.0096470,0.0207,1774044561868
gate,binance,BASUSDT,0.009645,0.0096470,0.0207,1774044562168
gate,binance,BASUSDT,0.009645,0.0096470,0.0207,1774044562469
gate,binance,BASUSDT,0.009645,0.0096470,0.0207,1774044562769
gate,binance,BASUSDT,0.009645,0.0096470,0.0207,1774044563069
gate,binance,BASUSDT,0.009645,0.0096470,0.0207,1774044563370
gate,binance,BASUSDT,0.009645,0.0096470,0.0207,1774044563671
gate,binance,BASUSDT,0.009645,0.0096470,0.0207,1774044563971
gate,binance,BASUSDT,0.009645,0.0096470,0.0207,1774044564271
gate,binance,BASUSDT,0.009645,0.0096470,0.0207,1774044564571
gate,binance,BASUSDT,0.009645,0.0096470,0.0207,1774044564872
gate,binance,BASUSDT,0.009645,0.0096470,0.0207,1774044565173
gate,binance,BASUSDT,0.009645,0.0096470,0.0207,1774044565473
gate,binance,BASUSDT,0.009645,0.0096470,0.0207,1774044565773
gate,binance,BASUSDT,0.009644,0.0096480,0.0415,1774044566074
gate,binance,BASUSDT,0.009644,0.0096480,0.0415,1774044566374
gate,binance,BASUSDT,0.009644,0.0096480,0.0415,1774044566674
gate,binance,BASUSDT,0.009644,0.0096480,0.0415,1774044566974
gate,binance,BASUSDT,0.009644,0.0096480,0.0415,1774044567274
gate,binance,BASUSDT,0.009644,0.0096480,0.0415,1774044567574
gate,binance,BASUSDT,0.009644,0.0096480,0.0415,1774044567874
gate,binance,BASUSDT,0.009644,0.0096480,0.0415,1774044568174
gate,binance,BASUSDT,0.009644,0.0096520,0.083,1774044568475
gate,binance,BASUSDT,0.009644,0.0096520,0.083,1774044568775
gate,binance,BASUSDT,0.009644,0.0096520,0.083,1774044569075
gate,binance,BASUSDT,0.009644,0.0096520,0.083,1774044569375
gate,binance,BASUSDT,0.009644,0.0096520,0.083,1774044569675
gate,binance,BASUSDT,0.009644,0.0096520,0.083,1774044569975
gate,binance,BASUSDT,0.009644,0.0096520,0.083,1774044570275
gate,binance,BASUSDT,0.009644,0.0096520,0.083,1774044570577
gate,binance,BASUSDT,0.009644,0.0096520,0.083,1774044570890
gate,binance,BASUSDT,0.009644,0.0096520,0.083,1774044571193
gate,binance,BASUSDT,0.009644,0.0096520,0.083,1774044571493
gate,binance,BASUSDT,0.009644,0.0096520,0.083,1774044571793
gate,binance,BASUSDT,0.009644,0.0096520,0.083,1774044572093
gate,binance,BASUSDT,0.009644,0.0096520,0.083,1774044572394
gate,binance,BASUSDT,0.009643,0.0096520,0.0933,1774044572694
gate,binance,BASUSDT,0.009643,0.0096520,0.0933,1774044572996
gate,binance,BASUSDT,0.009643,0.0096520,0.0933,1774044573303
gate,binance,BASUSDT,0.009643,0.0096520,0.0933,1774044573611
gate,binance,BASUSDT,0.009643,0.0096520,0.0933,1774044573914
gate,binance,BASUSDT,0.009643,0.0096520,0.0933,1774044574217
gate,binance,BASUSDT,0.009643,0.0096520,0.0933,1774044574519
gate,binance,BASUSDT,0.009643,0.0096520,0.0933,1774044574822
gate,binance,BASUSDT,0.009643,0.0096520,0.0933,1774044575123
gate,binance,BASUSDT,0.009643,0.0096520,0.0933,1774044575423
gate,binance,BASUSDT,0.009643,0.0096520,0.0933,1774044575728
gate,binance,BASUSDT,0.009643,0.0096520,0.0933,1774044576028
gate,binance,BASUSDT,0.009643,0.0096520,0.0933,1774044576329
gate,binance,BASUSDT,0.009643,0.0096520,0.0933,1774044576629
gate,binance,BASUSDT,0.009643,0.0096520,0.0933,1774044576929
gate,binance,BASUSDT,0.009643,0.0096520,0.0933,1774044577229
gate,binance,BASUSDT,0.009643,0.0096520,0.0933,1774044577530
gate,binance,BASUSDT,0.009643,0.0096520,0.0933,1774044577830
gate,binance,BASUSDT,0.009643,0.0096520,0.0933,1774044578130
gate,binance,BASUSDT,0.009643,0.0096520,0.0933,1774044578430
gate,binance,BASUSDT,0.009643,0.0096520,0.0933,1774044578730
gate,binance,BASUSDT,0.009643,0.0096520,0.0933,1774044579030
gate,binance,BASUSDT,0.009643,0.0096520,0.0933,1774044579331
gate,binance,BASUSDT,0.009643,0.0096520,0.0933,1774044579631
gate,binance,BASUSDT,0.009643,0.0096520,0.0933,1774044579931
gate,binance,BASUSDT,0.009643,0.0096520,0.0933,1774044580231
gate,binance,BASUSDT,0.009643,0.0096520,0.0933,1774044580531
gate,binance,BASUSDT,0.009643,0.0096520,0.0933,1774044580831
gate,binance,BASUSDT,0.009643,0.0096520,0.0933,1774044581131
gate,binance,BASUSDT,0.009643,0.0096520,0.0933,1774044581431
gate,binance,BASUSDT,0.009643,0.0096520,0.0933,1774044581732
gate,binance,BASUSDT,0.009643,0.0096520,0.0933,1774044582032
gate,binance,BASUSDT,0.009643,0.0096520,0.0933,1774044582332
gate,binance,BASUSDT,0.009643,0.0096520,0.0933,1774044582632
gate,binance,BASUSDT,0.009643,0.0096520,0.0933,1774044582932
gate,binance,BASUSDT,0.009643,0.0096520,0.0933,1774044583232
gate,binance,BASUSDT,0.009643,0.0096520,0.0933,1774044583532
gate,binance,BASUSDT,0.009643,0.0096520,0.0933,1774044583832
gate,binance,BASUSDT,0.009643,0.0096520,0.0933,1774044584132
gate,binance,BASUSDT,0.009643,0.0096520,0.0933,1774044584437
gate,binance,BASUSDT,0.009643,0.0096520,0.0933,1774044584737
gate,binance,BASUSDT,0.009643,0.0096520,0.0933,1774044585037
gate,binance,BASUSDT,0.009643,0.0096520,0.0933,1774044585338
