spot_exch,fut_exch,symbol,ask_spot,bid_futures,spread_pct,ts
gate,bybit,BRUSDT,0.05648,0.05601,-0.8322,1774044601000
gate,bybit,BRUSDT,0.05648,0.05601,-0.8322,1774044604000
gate,bybit,BRUSDT,0.05603,0.05601,-0.0357,1774044610000
gate,bybit,BRUSDT,0.05603,0.05601,-0.0357,1774044616000
gate,bybit,BRUSDT,0.0565,0.05601,-0.8673,1774044619000
gate,bybit,BRUSDT,0.056,0.05601,0.0179,1774044625000
gate,bybit,BRUSDT,0.0565,0.05601,-0.8673,1774044628000
gate,bybit,BRUSDT,0.05604,0.05601,-0.0535,1774044634000
gate,bybit,BRUSDT,0.05601,0.05601,0.0,1774044637000
gate,bybit,BRUSDT,0.05651,0.05601,-0.8848,1774044640000
gate,bybit,BRUSDT,0.05601,0.05601,0.0,1774044643000
gate,bybit,BRUSDT,0.05601,0.05601,0.0,1774044646000
gate,bybit,BRUSDT,0.05603,0.05601,-0.0357,1774044649000
gate,bybit,BRUSDT,0.05603,0.05601,-0.0357,1774044652000
gate,bybit,BRUSDT,0.05603,0.05601,-0.0357,1774044655000
gate,bybit,BRUSDT,0.05603,0.05601,-0.0357,1774044658000
gate,bybit,BRUSDT,0.05603,0.05601,-0.0357,1774044660000
gate,bybit,BRUSDT,0.05603,0.05602,-0.0178,1774044664000
gate,bybit,BRUSDT,0.05603,0.05602,-0.0178,1774044667000
gate,bybit,BRUSDT,0.05603,0.05602,-0.0178,1774044670000
gate,bybit,BRUSDT,0.05603,0.05602,-0.0178,1774044673000
gate,bybit,BRUSDT,0.056,0.05602,0.0357,1774044676000
gate,bybit,BRUSDT,0.05603,0.05602,-0.0178,1774044679000
gate,bybit,BRUSDT,0.056,0.05602,0.0357,1774044682000
gate,bybit,BRUSDT,0.05651,0.05602,-0.8671,1774044691000
gate,bybit,BRUSDT,0.05601,0.05602,0.0179,1774044694000
gate,bybit,BRUSDT,0.05648,0.05602,-0.8144,1774044697000
gate,bybit,BRUSDT,0.05648,0.05602,-0.8144,1774044698000
gate,bybit,BRUSDT,0.05605,0.05602,-0.0535,1774044701000
gate,bybit,BRUSDT,0.05605,0.05602,-0.0535,1774044720000
gate,bybit,BRUSDT,0.05605,0.05599,-0.107,1774044724000
gate,bybit,BRUSDT,0.05605,0.05599,-0.107,1774044733000
gate,bybit,BRUSDT,0.05605,0.05599,-0.107,1774044739000
gate,bybit,BRUSDT,0.05605,0.05599,-0.107,1774044741000
gate,bybit,BRUSDT,0.05605,0.05599,-0.107,1774044742000
gate,bybit,BRUSDT,0.05605,0.05599,-0.107,1774044744000
gate,bybit,BRUSDT,0.05605,0.05596,-0.1606,1774044745000
gate,bybit,BRUSDT,0.05605,0.05594,-0.1963,1774044746000
gate,bybit,BRUSDT,0.05605,0.05594,-0.1963,1774044747000
gate,bybit,BRUSDT,0.05605,0.05594,-0.1963,1774044748000
gate,bybit,BRUSDT,0.05605,0.05594,-0.1963,1774044749000
gate,bybit,BRUSDT,0.05605,0.05594,-0.1963,1774044750000
gate,bybit,BRUSDT,0.05605,0.05594,-0.1963,1774044751000
gate,bybit,BRUSDT,0.05605,0.05594,-0.1963,1774044752000
gate,bybit,BRUSDT,0.05605,0.05594,-0.1963,1774044756000
gate,bybit,BRUSDT,0.05605,0.05594,-0.1963,1774044757000
gate,bybit,BRUSDT,0.05605,0.05594,-0.1963,1774044758000
gate,bybit,BRUSDT,0.05605,0.05594,-0.1963,1774044763000
gate,bybit,BRUSDT,0.05605,0.05594,-0.1963,1774044765000
gate,bybit,BRUSDT,0.05605,0.05594,-0.1963,1774044766000
gate,bybit,BRUSDT,0.05605,0.05594,-0.1963,1774044767000
gate,bybit,BRUSDT,0.05605,0.05594,-0.1963,1774044768000
gate,bybit,BRUSDT,0.05605,0.05594,-0.1963,1774044769000
gate,bybit,BRUSDT,0.05605,0.05594,-0.1963,1774044770000
gate,bybit,BRUSDT,0.05605,0.05594,-0.1963,1774044771000
gate,bybit,BRUSDT,0.05605,0.05594,-0.1963,1774044772000
gate,bybit,BRUSDT,0.05605,0.05594,-0.1963,1774044773000
gate,bybit,BRUSDT,0.05605,0.05594,-0.1963,1774044774000
gate,bybit,BRUSDT,0.05605,0.05594,-0.1963,1774044775000
gate,bybit,BRUSDT,0.05605,0.05594,-0.1963,1774044776000
gate,bybit,BRUSDT,0.05605,0.05594,-0.1963,1774044777000
gate,bybit,BRUSDT,0.05605,0.05594,-0.1963,1774044778000
gate,bybit,BRUSDT,0.05605,0.05594,-0.1963,1774044779000
gate,bybit,BRUSDT,0.05605,0.05594,-0.1963,1774044780000
gate,bybit,BRUSDT,0.05603,0.05594,-0.1606,1774044781000
gate,bybit,BRUSDT,0.05602,0.05594,-0.1428,1774044787000
gate,bybit,BRUSDT,0.05602,0.05594,-0.1428,1774044790000
gate,bybit,BRUSDT,0.05598,0.05594,-0.0715,1774044792000
gate,bybit,BRUSDT,0.05602,0.05594,-0.1428,1774044794000
gate,bybit,BRUSDT,0.05598,0.05594,-0.0715,1774044799000
gate,bybit,BRUSDT,0.05598,0.05594,-0.0715,1774044805000
gate,bybit,BRUSDT,0.05601,0.05594,-0.125,1774044807000
gate,bybit,BRUSDT,0.05597,0.05594,-0.0536,1774044814000
gate,bybit,BRUSDT,0.05597,0.05594,-0.0536,1774044815000
gate,bybit,BRUSDT,0.05638,0.05594,-0.7804,1774044840000
gate,bybit,BRUSDT,0.05638,0.05591,-0.8336,1774044878000
gate,bybit,BRUSDT,0.056,0.05591,-0.1607,1774044893000
gate,bybit,BRUSDT,0.05638,0.05591,-0.8336,1774044895000
gate,bybit,BRUSDT,0.05638,0.05591,-0.8336,1774044900000
gate,bybit,BRUSDT,0.05651,0.05591,-1.0618,1774044901000
gate,bybit,BRUSDT,0.05637,0.05591,-0.816,1774044903000
gate,bybit,BRUSDT,0.05637,0.05591,-0.816,1774044904000
gate,bybit,BRUSDT,0.05596,0.05591,-0.0893,1774044905000
gate,bybit,BRUSDT,0.05636,0.05591,-0.7984,1774044907000
gate,bybit,BRUSDT,0.05636,0.05591,-0.7984,1774044908000
gate,bybit,BRUSDT,0.05596,0.05591,-0.0893,1774044909000
gate,bybit,BRUSDT,0.05638,0.05591,-0.8336,1774044910000
gate,bybit,BRUSDT,0.05593,0.05591,-0.0358,1774044911000
gate,bybit,BRUSDT,0.05593,0.05591,-0.0358,1774044914000
gate,bybit,BRUSDT,0.05637,0.05591,-0.816,1774044915000
gate,bybit,BRUSDT,0.05596,0.05585,-0.1966,1774044917000
gate,bybit,BRUSDT,0.05636,0.05585,-0.9049,1774044918000
gate,bybit,BRUSDT,0.05636,0.05585,-0.9049,1774044919000
gate,bybit,BRUSDT,0.05635,0.05585,-0.8873,1774044921000
gate,bybit,BRUSDT,0.05635,0.05585,-0.8873,1774044922000
gate,bybit,BRUSDT,0.05635,0.05585,-0.8873,1774044923000
gate,bybit,BRUSDT,0.05635,0.05585,-0.8873,1774044924000
gate,bybit,BRUSDT,0.05597,0.05585,-0.2144,1774044925000
gate,bybit,BRUSDT,0.05638,0.05585,-0.94,1774044930000
gate,bybit,BRUSDT,0.05638,0.05585,-0.94,1774044931000
gate,bybit,BRUSDT,0.05638,0.05585,-0.94,1774044932000
gate,bybit,BRUSDT,0.05598,0.05585,-0.2322,1774044934000
gate,bybit,BRUSDT,0.05598,0.05585,-0.2322,1774044936000
gate,bybit,BRUSDT,0.05637,0.05585,-0.9225,1774044937000
gate,bybit,BRUSDT,0.05598,0.05585,-0.2322,1774044943000
gate,bybit,BRUSDT,0.05598,0.0559,-0.1429,1774044944000
gate,bybit,BRUSDT,0.05598,0.05593,-0.0893,1774044951000
gate,bybit,BRUSDT,0.05598,0.05585,-0.2322,1774044952000
gate,bybit,BRUSDT,0.05598,0.05585,-0.2322,1774044957000
gate,bybit,BRUSDT,0.05638,0.05585,-0.94,1774044960000
gate,bybit,BRUSDT,0.05597,0.05585,-0.2144,1774044961000
gate,bybit,BRUSDT,0.05597,0.05585,-0.2144,1774044963000
gate,bybit,BRUSDT,0.05597,0.05585,-0.2144,1774044964000
gate,bybit,BRUSDT,0.05597,0.05585,-0.2144,1774044965000
gate,bybit,BRUSDT,0.05597,0.05585,-0.2144,1774044966000
gate,bybit,BRUSDT,0.05597,0.05585,-0.2144,1774044967000
gate,bybit,BRUSDT,0.05599,0.05589,-0.1786,1774044968000
gate,bybit,BRUSDT,0.05599,0.05585,-0.25,1774044974000
gate,bybit,BRUSDT,0.05599,0.05585,-0.25,1774044982000
gate,bybit,BRUSDT,0.05599,0.05585,-0.25,1774044983000
gate,bybit,BRUSDT,0.05599,0.05585,-0.25,1774044989000
gate,bybit,BRUSDT,0.05599,0.05585,-0.25,1774044999000
gate,bybit,BRUSDT,0.05599,0.05585,-0.25,1774045005000
gate,bybit,BRUSDT,0.05599,0.05585,-0.25,1774045008000
gate,bybit,BRUSDT,0.05599,0.05585,-0.25,1774045009000
gate,bybit,BRUSDT,0.05599,0.05585,-0.25,1774045014000
gate,bybit,BRUSDT,0.05599,0.05585,-0.25,1774045015000
gate,bybit,BRUSDT,0.05599,0.05585,-0.25,1774045016000
gate,bybit,BRUSDT,0.05599,0.05585,-0.25,1774045019000
gate,bybit,BRUSDT,0.05599,0.05586,-0.2322,1774045020000
gate,bybit,BRUSDT,0.05637,0.05587,-0.887,1774045021000
gate,bybit,BRUSDT,0.05604,0.05587,-0.3034,1774045022000
gate,bybit,BRUSDT,0.05604,0.05588,-0.2855,1774045023000
gate,bybit,BRUSDT,0.05604,0.05588,-0.2855,1774045024000
gate,bybit,BRUSDT,0.05604,0.05588,-0.2855,1774045025000
gate,bybit,BRUSDT,0.05604,0.05588,-0.2855,1774045026000
gate,bybit,BRUSDT,0.05604,0.05588,-0.2855,1774045027000
gate,bybit,BRUSDT,0.05604,0.05588,-0.2855,1774045028000
gate,bybit,BRUSDT,0.05604,0.05588,-0.2855,1774045029000
gate,bybit,BRUSDT,0.05604,0.05588,-0.2855,1774045030000
gate,bybit,BRUSDT,0.05604,0.05588,-0.2855,1774045031000
gate,bybit,BRUSDT,0.05604,0.05588,-0.2855,1774045032000
gate,bybit,BRUSDT,0.05604,0.05588,-0.2855,1774045033000
gate,bybit,BRUSDT,0.05604,0.05588,-0.2855,1774045034000
gate,bybit,BRUSDT,0.05604,0.05597,-0.1249,1774045035000
gate,bybit,BRUSDT,0.05605,0.05598,-0.1249,1774045039000
gate,bybit,BRUSDT,0.05605,0.05598,-0.1249,1774045040000
gate,bybit,BRUSDT,0.05605,0.05598,-0.1249,1774045042000
gate,bybit,BRUSDT,0.05599,0.05586,-0.2322,1774045043000
gate,bybit,BRUSDT,0.05613,0.05595,-0.3207,1774045046000
gate,bybit,BRUSDT,0.05603,0.05596,-0.1249,1774045047000
gate,bybit,BRUSDT,0.05603,0.05601,-0.0357,1774045048000
gate,bybit,BRUSDT,0.05603,0.05601,-0.0357,1774045049000
gate,bybit,BRUSDT,0.05603,0.05601,-0.0357,1774045050000
gate,bybit,BRUSDT,0.05599,0.05595,-0.0714,1774045051000
gate,bybit,BRUSDT,0.05599,0.05595,-0.0714,1774045052000
gate,bybit,BRUSDT,0.05634,0.05601,-0.5857,1774045053000
gate,bybit,BRUSDT,0.05601,0.05602,0.0179,1774045054000
gate,bybit,BRUSDT,0.05632,0.05602,-0.5327,1774045055000
gate,bybit,BRUSDT,0.05603,0.05602,-0.0178,1774045056000
gate,bybit,BRUSDT,0.05632,0.05605,-0.4794,1774045057000
gate,bybit,BRUSDT,0.0563,0.05608,-0.3908,1774045058000
gate,bybit,BRUSDT,0.05604,0.05602,-0.0357,1774045059000
gate,bybit,BRUSDT,0.05601,0.05602,0.0179,1774045060000
gate,bybit,BRUSDT,0.05627,0.05607,-0.3554,1774045065000
gate,bybit,BRUSDT,0.05601,0.05607,0.1071,1774045067000
gate,bybit,BRUSDT,0.05606,0.05607,0.0178,1774045070000
gate,bybit,BRUSDT,0.05606,0.05612,0.107,1774045072000
gate,bybit,BRUSDT,0.05606,0.05617,0.1962,1774045074000
gate,bybit,BRUSDT,0.05606,0.05607,0.0178,1774045075000
gate,bybit,BRUSDT,0.05606,0.05608,0.0357,1774045080000
gate,bybit,BRUSDT,0.05648,0.05615,-0.5843,1774045088000
gate,bybit,BRUSDT,0.05607,0.05615,0.1427,1774045090000
gate,bybit,BRUSDT,0.0565,0.05617,-0.5841,1774045091000
gate,bybit,BRUSDT,0.05609,0.05618,0.1605,1774045092000
gate,bybit,BRUSDT,0.05609,0.05617,0.1426,1774045096000
gate,bybit,BRUSDT,0.05609,0.05617,0.1426,1774045100000
gate,bybit,BRUSDT,0.05609,0.05614,0.0891,1774045113000
gate,bybit,BRUSDT,0.05614,0.05614,0.0,1774045120000
gate,bybit,BRUSDT,0.05614,0.05609,-0.0891,1774045137000
gate,bybit,BRUSDT,0.05614,0.05604,-0.1781,1774045138000
gate,bybit,BRUSDT,0.05608,0.05594,-0.2496,1774045140000
gate,bybit,BRUSDT,0.05606,0.05592,-0.2497,1774045162000
gate,bybit,BRUSDT,0.05606,0.05594,-0.2141,1774045167000
gate,bybit,BRUSDT,0.05606,0.05591,-0.2676,1774045200000
gate,bybit,BRUSDT,0.05603,0.05591,-0.2142,1774045202000
gate,bybit,BRUSDT,0.05606,0.05591,-0.2676,1774045203000
gate,bybit,BRUSDT,0.05606,0.05591,-0.2676,1774045207000
gate,bybit,BRUSDT,0.05606,0.05591,-0.2676,1774045211000
gate,bybit,BRUSDT,0.05606,0.05591,-0.2676,1774045222000
gate,bybit,BRUSDT,0.05606,0.05591,-0.2676,1774045232000
gate,bybit,BRUSDT,0.05606,0.05591,-0.2676,1774045242000
gate,bybit,BRUSDT,0.05606,0.05591,-0.2676,1774045244000
gate,bybit,BRUSDT,0.05606,0.05591,-0.2676,1774045250000
gate,bybit,BRUSDT,0.05606,0.05591,-0.2676,1774045251000
gate,bybit,BRUSDT,0.05606,0.05591,-0.2676,1774045252000
gate,bybit,BRUSDT,0.05606,0.05587,-0.3389,1774045260000
gate,bybit,BRUSDT,0.05604,0.05587,-0.3034,1774045264000
gate,bybit,BRUSDT,0.05604,0.05587,-0.3034,1774045273000
gate,bybit,BRUSDT,0.05602,0.05587,-0.2678,1774045279000
gate,bybit,BRUSDT,0.05604,0.05587,-0.3034,1774045282000
gate,bybit,BRUSDT,0.05604,0.05587,-0.3034,1774045285000
gate,bybit,BRUSDT,0.05603,0.05587,-0.2856,1774045288000
gate,bybit,BRUSDT,0.056,0.05587,-0.2321,1774045290000
gate,bybit,BRUSDT,0.05653,0.05587,-1.1675,1774045294000
gate,bybit,BRUSDT,0.05602,0.05587,-0.2678,1774045297000
gate,bybit,BRUSDT,0.05647,0.0559,-1.0094,1774045300000
gate,bybit,BRUSDT,0.05646,0.05587,-1.045,1774045303000
gate,bybit,BRUSDT,0.05605,0.05587,-0.3211,1774045304000
gate,bybit,BRUSDT,0.05603,0.05587,-0.2856,1774045306000
gate,bybit,BRUSDT,0.05603,0.05587,-0.2856,1774045307000
gate,bybit,BRUSDT,0.05603,0.05587,-0.2856,1774045311000
gate,bybit,BRUSDT,0.05603,0.05587,-0.2856,1774045320000
gate,bybit,BRUSDT,0.05601,0.05587,-0.25,1774045321000
gate,bybit,BRUSDT,0.05603,0.05587,-0.2856,1774045322000
gate,bybit,BRUSDT,0.05599,0.05584,-0.2679,1774045327000
gate,bybit,BRUSDT,0.05648,0.05584,-1.1331,1774045333000
gate,bybit,BRUSDT,0.05599,0.05584,-0.2679,1774045336000
gate,bybit,BRUSDT,0.05599,0.05584,-0.2679,1774045337000
gate,bybit,BRUSDT,0.05646,0.05584,-1.0981,1774045338000
gate,bybit,BRUSDT,0.05599,0.05584,-0.2679,1774045342000
gate,bybit,BRUSDT,0.05642,0.05584,-1.028,1774045345000
gate,bybit,BRUSDT,0.0564,0.05584,-0.9929,1774045348000
gate,bybit,BRUSDT,0.056,0.05584,-0.2857,1774045350000
gate,bybit,BRUSDT,0.05603,0.05584,-0.3391,1774045351000
gate,bybit,BRUSDT,0.056,0.05584,-0.2857,1774045353000
gate,bybit,BRUSDT,0.05652,0.05584,-1.2031,1774045357000
gate,bybit,BRUSDT,0.056,0.05584,-0.2857,1774045358000
gate,bybit,BRUSDT,0.05602,0.05584,-0.3213,1774045361000
gate,bybit,BRUSDT,0.05648,0.05584,-1.1331,1774045362000
gate,bybit,BRUSDT,0.05599,0.05584,-0.2679,1774045363000
gate,bybit,BRUSDT,0.05599,0.05584,-0.2679,1774045364000
gate,bybit,BRUSDT,0.05651,0.05584,-1.1856,1774045365000
gate,bybit,BRUSDT,0.05649,0.05584,-1.1506,1774045368000
gate,bybit,BRUSDT,0.05599,0.05584,-0.2679,1774045372000
gate,bybit,BRUSDT,0.0565,0.05584,-1.1681,1774045375000
gate,bybit,BRUSDT,0.0565,0.05584,-1.1681,1774045378000
gate,bybit,BRUSDT,0.05647,0.05585,-1.0979,1774045380000
gate,bybit,BRUSDT,0.05652,0.05585,-1.1854,1774045384000
gate,bybit,BRUSDT,0.05633,0.05585,-0.8521,1774045387000
gate,bybit,BRUSDT,0.05597,0.05585,-0.2144,1774045390000
gate,bybit,BRUSDT,0.05637,0.05585,-0.9225,1774045399000
gate,bybit,BRUSDT,0.05601,0.05585,-0.2857,1774045402000
gate,bybit,BRUSDT,0.05635,0.05585,-0.8873,1774045408000
gate,bybit,BRUSDT,0.05597,0.05585,-0.2144,1774045411000
gate,bybit,BRUSDT,0.05638,0.05585,-0.94,1774045414000
gate,bybit,BRUSDT,0.05597,0.05585,-0.2144,1774045417000
gate,bybit,BRUSDT,0.05597,0.05585,-0.2144,1774045420000
gate,bybit,BRUSDT,0.05597,0.05585,-0.2144,1774045423000
gate,bybit,BRUSDT,0.05597,0.05585,-0.2144,1774045426000
gate,bybit,BRUSDT,0.05597,0.05585,-0.2144,1774045428000
gate,bybit,BRUSDT,0.05597,0.05585,-0.2144,1774045432000
gate,bybit,BRUSDT,0.05597,0.05585,-0.2144,1774045435000
gate,bybit,BRUSDT,0.05612,0.05591,-0.3742,1774045438000
gate,bybit,BRUSDT,0.05611,0.05592,-0.3386,1774045440000
gate,bybit,BRUSDT,0.05611,0.05592,-0.3386,1774045442000
gate,bybit,BRUSDT,0.05611,0.05592,-0.3386,1774045447000
gate,bybit,BRUSDT,0.05611,0.05593,-0.3208,1774045456000
gate,bybit,BRUSDT,0.05611,0.05593,-0.3208,1774045464000
gate,bybit,BRUSDT,0.05611,0.05593,-0.3208,1774045468000
gate,bybit,BRUSDT,0.05614,0.05593,-0.3741,1774045475000
gate,bybit,BRUSDT,0.05614,0.05593,-0.3741,1774045485000
gate,bybit,BRUSDT,0.05614,0.05593,-0.3741,1774045486000
gate,bybit,BRUSDT,0.05614,0.05593,-0.3741,1774045496000
gate,bybit,BRUSDT,0.05614,0.05593,-0.3741,1774045500000
gate,bybit,BRUSDT,0.05609,0.05587,-0.3922,1774045501000
gate,bybit,BRUSDT,0.05609,0.05587,-0.3922,1774045512000
gate,bybit,BRUSDT,0.05609,0.05587,-0.3922,1774045528000
gate,bybit,BRUSDT,0.05609,0.05587,-0.3922,1774045529000
gate,bybit,BRUSDT,0.05609,0.05587,-0.3922,1774045530000
gate,bybit,BRUSDT,0.05609,0.05587,-0.3922,1774045531000
gate,bybit,BRUSDT,0.05609,0.05587,-0.3922,1774045532000
gate,bybit,BRUSDT,0.05609,0.05587,-0.3922,1774045533000
gate,bybit,BRUSDT,0.05604,0.05588,-0.2855,1774045560000
gate,bybit,BRUSDT,0.05602,0.05588,-0.2499,1774045564000
gate,bybit,BRUSDT,0.05602,0.05588,-0.2499,1774045567000
gate,bybit,BRUSDT,0.05602,0.05588,-0.2499,1774045570000
gate,bybit,BRUSDT,0.05602,0.05588,-0.2499,1774045572000
gate,bybit,BRUSDT,0.05638,0.05588,-0.8868,1774045581000
gate,bybit,BRUSDT,0.05606,0.05588,-0.3211,1774045603000
gate,bybit,BRUSDT,0.05606,0.05588,-0.3211,1774045623000
gate,bybit,BRUSDT,0.05601,0.0566,1.0534,1774045623566
gate,bybit,BRUSDT,0.05766,0.05691,-1.3007,1774045623866
gate,bybit,BRUSDT,0.05747,0.05682,-1.131,1774045624166
gate,bybit,BRUSDT,0.05747,0.05677,-1.218,1774045624466
gate,bybit,BRUSDT,0.05747,0.0568,-1.1658,1774045624766
gate,bybit,BRUSDT,0.05747,0.05677,-1.218,1774045625066
gate,bybit,BRUSDT,0.05731,0.05677,-0.9422,1774045625366
gate,bybit,BRUSDT,0.05731,0.05677,-0.9422,1774045625671
gate,bybit,BRUSDT,0.05731,0.05677,-0.9422,1774045625972
gate,bybit,BRUSDT,0.05731,0.05677,-0.9422,1774045626272
gate,bybit,BRUSDT,0.05731,0.05678,-0.9248,1774045626572
gate,bybit,BRUSDT,0.05731,0.05674,-0.9946,1774045626873
gate,bybit,BRUSDT,0.05688,0.05674,-0.2461,1774045627173
gate,bybit,BRUSDT,0.05686,0.05674,-0.211,1774045627473
gate,bybit,BRUSDT,0.05686,0.05674,-0.211,1774045627773
gate,bybit,BRUSDT,0.05686,0.05674,-0.211,1774045628073
gate,bybit,BRUSDT,0.05731,0.05674,-0.9946,1774045628373
gate,bybit,BRUSDT,0.05731,0.05674,-0.9946,1774045628673
gate,bybit,BRUSDT,0.05731,0.05674,-0.9946,1774045628974
gate,bybit,BRUSDT,0.05731,0.05674,-0.9946,1774045629275
gate,bybit,BRUSDT,0.05731,0.05674,-0.9946,1774045629575
gate,bybit,BRUSDT,0.05731,0.05674,-0.9946,1774045629876
gate,bybit,BRUSDT,0.05731,0.05674,-0.9946,1774045630176
gate,bybit,BRUSDT,0.05731,0.05674,-0.9946,1774045630476
gate,bybit,BRUSDT,0.05731,0.05674,-0.9946,1774045630776
gate,bybit,BRUSDT,0.05681,0.05674,-0.1232,1774045631076
gate,bybit,BRUSDT,0.05681,0.05674,-0.1232,1774045631376
gate,bybit,BRUSDT,0.05681,0.05674,-0.1232,1774045631677
gate,bybit,BRUSDT,0.05681,0.05674,-0.1232,1774045631977
gate,bybit,BRUSDT,0.05681,0.05674,-0.1232,1774045632277
gate,bybit,BRUSDT,0.05681,0.05674,-0.1232,1774045632577
gate,bybit,BRUSDT,0.05681,0.05674,-0.1232,1774045632877
gate,bybit,BRUSDT,0.05679,0.05674,-0.088,1774045633178
gate,bybit,BRUSDT,0.05679,0.05674,-0.088,1774045633478
gate,bybit,BRUSDT,0.05679,0.05674,-0.088,1774045633778
gate,bybit,BRUSDT,0.05679,0.05674,-0.088,1774045634078
gate,bybit,BRUSDT,0.05679,0.05674,-0.088,1774045634378
gate,bybit,BRUSDT,0.05679,0.05674,-0.088,1774045634678
gate,bybit,BRUSDT,0.05679,0.05674,-0.088,1774045634979
gate,bybit,BRUSDT,0.05679,0.0566,-0.3346,1774045635279
gate,bybit,BRUSDT,0.05689,0.05665,-0.4219,1774045635583
gate,bybit,BRUSDT,0.05731,0.0566,-1.2389,1774045635883
gate,bybit,BRUSDT,0.0567,0.0566,-0.1764,1774045636183
gate,bybit,BRUSDT,0.0567,0.05667,-0.0529,1774045636483
gate,bybit,BRUSDT,0.05668,0.0566,-0.1411,1774045636783
gate,bybit,BRUSDT,0.0571,0.05654,-0.9807,1774045637084
gate,bybit,BRUSDT,0.0571,0.05649,-1.0683,1774045637384
gate,bybit,BRUSDT,0.0571,0.05655,-0.9632,1774045637684
gate,bybit,BRUSDT,0.0571,0.05655,-0.9632,1774045637984
gate,bybit,BRUSDT,0.05709,0.05655,-0.9459,1774045638284
gate,bybit,BRUSDT,0.05709,0.05655,-0.9459,1774045638584
gate,bybit,BRUSDT,0.05709,0.05655,-0.9459,1774045638885
gate,bybit,BRUSDT,0.0571,0.0566,-0.8757,1774045639185
gate,bybit,BRUSDT,0.0571,0.05651,-1.0333,1774045639485
gate,bybit,BRUSDT,0.0571,0.05651,-1.0333,1774045639785
gate,bybit,BRUSDT,0.0571,0.05651,-1.0333,1774045640085
gate,bybit,BRUSDT,0.05662,0.05647,-0.2649,1774045640386
gate,bybit,BRUSDT,0.05658,0.05647,-0.1944,1774045640686
gate,bybit,BRUSDT,0.05658,0.05651,-0.1237,1774045640986
gate,bybit,BRUSDT,0.05708,0.05647,-1.0687,1774045641286
gate,bybit,BRUSDT,0.05656,0.05647,-0.1591,1774045641586
gate,bybit,BRUSDT,0.05656,0.05647,-0.1591,1774045641886
gate,bybit,BRUSDT,0.05656,0.05647,-0.1591,1774045642186
gate,bybit,BRUSDT,0.05657,0.05647,-0.1768,1774045642486
gate,bybit,BRUSDT,0.05657,0.05647,-0.1768,1774045642786
gate,bybit,BRUSDT,0.05657,0.05647,-0.1768,1774045643091
gate,bybit,BRUSDT,0.05657,0.05647,-0.1768,1774045643391
gate,bybit,BRUSDT,0.05657,0.05647,-0.1768,1774045643691
gate,bybit,BRUSDT,0.05657,0.05647,-0.1768,1774045643991
gate,bybit,BRUSDT,0.05657,0.05648,-0.1591,1774045644293
gate,bybit,BRUSDT,0.05657,0.05648,-0.1591,1774045644593
gate,bybit,BRUSDT,0.05657,0.05648,-0.1591,1774045644893
gate,bybit,BRUSDT,0.05657,0.05648,-0.1591,1774045645193
gate,bybit,BRUSDT,0.05657,0.05648,-0.1591,1774045645494
gate,bybit,BRUSDT,0.05657,0.05648,-0.1591,1774045645797
gate,bybit,BRUSDT,0.05657,0.05648,-0.1591,1774045646100
gate,bybit,BRUSDT,0.05657,0.05648,-0.1591,1774045646403
gate,bybit,BRUSDT,0.05657,0.05648,-0.1591,1774045646706
gate,bybit,BRUSDT,0.05657,0.05648,-0.1591,1774045647007
gate,bybit,BRUSDT,0.05657,0.05648,-0.1591,1774045647309
gate,bybit,BRUSDT,0.05657,0.05648,-0.1591,1774045647609
gate,bybit,BRUSDT,0.05657,0.05648,-0.1591,1774045647910
gate,bybit,BRUSDT,0.05657,0.05648,-0.1591,1774045648211
gate,bybit,BRUSDT,0.05657,0.05648,-0.1591,1774045648512
gate,bybit,BRUSDT,0.05657,0.05648,-0.1591,1774045648814
gate,bybit,BRUSDT,0.05657,0.05648,-0.1591,1774045649116
gate,bybit,BRUSDT,0.05657,0.05648,-0.1591,1774045649419
gate,bybit,BRUSDT,0.05657,0.05648,-0.1591,1774045649720
gate,bybit,BRUSDT,0.05657,0.05648,-0.1591,1774045650020
gate,bybit,BRUSDT,0.05657,0.05647,-0.1768,1774045650321
gate,bybit,BRUSDT,0.05657,0.05647,-0.1768,1774045650624
gate,bybit,BRUSDT,0.05657,0.05647,-0.1768,1774045650925
gate,bybit,BRUSDT,0.05657,0.05647,-0.1768,1774045651225
gate,bybit,BRUSDT,0.05657,0.05647,-0.1768,1774045651525
gate,bybit,BRUSDT,0.05657,0.05647,-0.1768,1774045651826
gate,bybit,BRUSDT,0.05657,0.05647,-0.1768,1774045652126
gate,bybit,BRUSDT,0.05657,0.05647,-0.1768,1774045652427
gate,bybit,BRUSDT,0.05657,0.05647,-0.1768,1774045652727
gate,bybit,BRUSDT,0.05657,0.05647,-0.1768,1774045653028
gate,bybit,BRUSDT,0.05657,0.05647,-0.1768,1774045653329
gate,bybit,BRUSDT,0.05657,0.05647,-0.1768,1774045653629
gate,bybit,BRUSDT,0.05708,0.05647,-1.0687,1774045653930
gate,bybit,BRUSDT,0.05652,0.05647,-0.0885,1774045654231
gate,bybit,BRUSDT,0.05652,0.0565,-0.0354,1774045654531
gate,bybit,BRUSDT,0.05667,0.05652,-0.2647,1774045654831
gate,bybit,BRUSDT,0.05701,0.05647,-0.9472,1774045655131
gate,bybit,BRUSDT,0.05701,0.05647,-0.9472,1774045655431
gate,bybit,BRUSDT,0.05701,0.05647,-0.9472,1774045655731
gate,bybit,BRUSDT,0.05701,0.05647,-0.9472,1774045656031
gate,bybit,BRUSDT,0.05701,0.05647,-0.9472,1774045656332
gate,bybit,BRUSDT,0.05701,0.05647,-0.9472,1774045656632
gate,bybit,BRUSDT,0.05701,0.05647,-0.9472,1774045656932
gate,bybit,BRUSDT,0.057,0.05647,-0.9298,1774045657232
gate,bybit,BRUSDT,0.057,0.05647,-0.9298,1774045657536
gate,bybit,BRUSDT,0.057,0.05647,-0.9298,1774045657836
gate,bybit,BRUSDT,0.05652,0.05647,-0.0885,1774045658144
gate,bybit,BRUSDT,0.05652,0.05647,-0.0885,1774045658455
gate,bybit,BRUSDT,0.05652,0.05647,-0.0885,1774045658755
gate,bybit,BRUSDT,0.05652,0.05647,-0.0885,1774045659055
gate,bybit,BRUSDT,0.05652,0.05647,-0.0885,1774045659356
gate,bybit,BRUSDT,0.057,0.05647,-0.9298,1774045659656
gate,bybit,BRUSDT,0.0565,0.05647,-0.0531,1774045659956
gate,bybit,BRUSDT,0.0565,0.05647,-0.0531,1774045660258
gate,bybit,BRUSDT,0.05701,0.05642,-1.0349,1774045660558
gate,bybit,BRUSDT,0.0565,0.05634,-0.2832,1774045660858
gate,bybit,BRUSDT,0.0565,0.05634,-0.2832,1774045661167
gate,bybit,BRUSDT,0.0565,0.05634,-0.2832,1774045661467
gate,bybit,BRUSDT,0.0565,0.05634,-0.2832,1774045661767
gate,bybit,BRUSDT,0.0565,0.05634,-0.2832,1774045662067
gate,bybit,BRUSDT,0.0565,0.05634,-0.2832,1774045662367
gate,bybit,BRUSDT,0.0565,0.05634,-0.2832,1774045662667
gate,bybit,BRUSDT,0.05701,0.05634,-1.1752,1774045662968
gate,bybit,BRUSDT,0.05648,0.05634,-0.2479,1774045663275
gate,bybit,BRUSDT,0.05648,0.05635,-0.2302,1774045663575
gate,bybit,BRUSDT,0.05648,0.05635,-0.2302,1774045663876
gate,bybit,BRUSDT,0.05648,0.05636,-0.2125,1774045664176
gate,bybit,BRUSDT,0.05648,0.05636,-0.2125,1774045664476
gate,bybit,BRUSDT,0.05648,0.05634,-0.2479,1774045664776
gate,bybit,BRUSDT,0.05648,0.05634,-0.2479,1774045665076
gate,bybit,BRUSDT,0.05648,0.05634,-0.2479,1774045665376
gate,bybit,BRUSDT,0.05648,0.05634,-0.2479,1774045665676
gate,bybit,BRUSDT,0.05701,0.05633,-1.1928,1774045665977
gate,bybit,BRUSDT,0.05701,0.05634,-1.1752,1774045666277
gate,bybit,BRUSDT,0.05659,0.05636,-0.4064,1774045666577
gate,bybit,BRUSDT,0.05659,0.05636,-0.4064,1774045666877
gate,bybit,BRUSDT,0.05701,0.05637,-1.1226,1774045667177
gate,bybit,BRUSDT,0.05658,0.05637,-0.3712,1774045667477
gate,bybit,BRUSDT,0.05658,0.05637,-0.3712,1774045667778
gate,bybit,BRUSDT,0.05658,0.05637,-0.3712,1774045668078
gate,bybit,BRUSDT,0.05658,0.05637,-0.3712,1774045668378
gate,bybit,BRUSDT,0.057,0.05637,-1.1053,1774045668679
gate,bybit,BRUSDT,0.05651,0.05637,-0.2477,1774045668979
gate,bybit,BRUSDT,0.05701,0.05633,-1.1928,1774045669279
gate,bybit,BRUSDT,0.05701,0.05633,-1.1928,1774045669579
gate,bybit,BRUSDT,0.0565,0.05633,-0.3009,1774045669879
gate,bybit,BRUSDT,0.0565,0.05633,-0.3009,1774045670180
gate,bybit,BRUSDT,0.0565,0.05633,-0.3009,1774045670480
gate,bybit,BRUSDT,0.0565,0.05633,-0.3009,1774045670781
gate,bybit,BRUSDT,0.0565,0.05633,-0.3009,1774045671081
gate,bybit,BRUSDT,0.0565,0.05634,-0.2832,1774045671381
gate,bybit,BRUSDT,0.05701,0.05634,-1.1752,1774045671682
gate,bybit,BRUSDT,0.05701,0.05634,-1.1752,1774045671982
gate,bybit,BRUSDT,0.05701,0.05634,-1.1752,1774045672282
gate,bybit,BRUSDT,0.05647,0.05634,-0.2302,1774045672582
gate,bybit,BRUSDT,0.05647,0.05634,-0.2302,1774045672883
gate,bybit,BRUSDT,0.05647,0.05634,-0.2302,1774045673183
gate,bybit,BRUSDT,0.05647,0.05634,-0.2302,1774045673483
gate,bybit,BRUSDT,0.05647,0.05634,-0.2302,1774045673783
gate,bybit,BRUSDT,0.05647,0.05634,-0.2302,1774045674084
gate,bybit,BRUSDT,0.05647,0.05635,-0.2125,1774045674384
gate,bybit,BRUSDT,0.05647,0.05635,-0.2125,1774045674684
gate,bybit,BRUSDT,0.05647,0.05635,-0.2125,1774045674984
gate,bybit,BRUSDT,0.05647,0.05639,-0.1417,1774045675284
gate,bybit,BRUSDT,0.05658,0.05639,-0.3358,1774045675584
gate,bybit,BRUSDT,0.05658,0.05639,-0.3358,1774045675884
gate,bybit,BRUSDT,0.05658,0.05639,-0.3358,1774045676185
gate,bybit,BRUSDT,0.05655,0.05639,-0.2829,1774045676485
gate,bybit,BRUSDT,0.05655,0.05639,-0.2829,1774045676785
gate,bybit,BRUSDT,0.05655,0.05639,-0.2829,1774045677085
gate,bybit,BRUSDT,0.05701,0.05639,-1.0875,1774045677386
gate,bybit,BRUSDT,0.05652,0.05639,-0.23,1774045677686
gate,bybit,BRUSDT,0.05701,0.05639,-1.0875,1774045678002
gate,bybit,BRUSDT,0.0565,0.05639,-0.1947,1774045678312
gate,bybit,BRUSDT,0.0565,0.05639,-0.1947,1774045678627
gate,bybit,BRUSDT,0.0565,0.05639,-0.1947,1774045678927
gate,bybit,BRUSDT,0.0565,0.05639,-0.1947,1774045679235
gate,bybit,BRUSDT,0.0565,0.05639,-0.1947,1774045679535
gate,bybit,BRUSDT,0.0565,0.05639,-0.1947,1774045679835
gate,bybit,BRUSDT,0.0565,0.05639,-0.1947,1774045680141
gate,bybit,BRUSDT,0.0565,0.05639,-0.1947,1774045680447
gate,bybit,BRUSDT,0.05701,0.05636,-1.1402,1774045680760
gate,bybit,BRUSDT,0.05701,0.05639,-1.0875,1774045681071
gate,bybit,BRUSDT,0.05701,0.05639,-1.0875,1774045681385
gate,bybit,BRUSDT,0.05659,0.05639,-0.3534,1774045681701
gate,bybit,BRUSDT,0.05659,0.0564,-0.3357,1774045682009
gate,bybit,BRUSDT,0.05701,0.0564,-1.07,1774045682318
gate,bybit,BRUSDT,0.05701,0.0564,-1.07,1774045682628
gate,bybit,BRUSDT,0.05701,0.0564,-1.07,1774045682940
gate,bybit,BRUSDT,0.05701,0.0564,-1.07,1774045683249
gate,bybit,BRUSDT,0.05701,0.05641,-1.0524,1774045683567
gate,bybit,BRUSDT,0.05701,0.05641,-1.0524,1774045683868
gate,bybit,BRUSDT,0.05701,0.05641,-1.0524,1774045684168
gate,bybit,BRUSDT,0.05701,0.05641,-1.0524,1774045684468
gate,bybit,BRUSDT,0.05701,0.05641,-1.0524,1774045684768
gate,bybit,BRUSDT,0.05701,0.05641,-1.0524,1774045685069
gate,bybit,BRUSDT,0.05701,0.05641,-1.0524,1774045685369
gate,bybit,BRUSDT,0.05659,0.05641,-0.3181,1774045685669
gate,bybit,BRUSDT,0.05659,0.05641,-0.3181,1774045685969
gate,bybit,BRUSDT,0.05659,0.0564,-0.3357,1774045686283
gate,bybit,BRUSDT,0.05659,0.0564,-0.3357,1774045686583
gate,bybit,BRUSDT,0.05659,0.0564,-0.3357,1774045686883
gate,bybit,BRUSDT,0.05659,0.0564,-0.3357,1774045687183
gate,bybit,BRUSDT,0.05659,0.0564,-0.3357,1774045687484
gate,bybit,BRUSDT,0.05659,0.0564,-0.3357,1774045687784
gate,bybit,BRUSDT,0.05659,0.0564,-0.3357,1774045688084
gate,bybit,BRUSDT,0.05659,0.0564,-0.3357,1774045688388
gate,bybit,BRUSDT,0.05659,0.0564,-0.3357,1774045688688
gate,bybit,BRUSDT,0.05659,0.0564,-0.3357,1774045688988
gate,bybit,BRUSDT,0.05659,0.0564,-0.3357,1774045689288
gate,bybit,BRUSDT,0.05659,0.0564,-0.3357,1774045689589
gate,bybit,BRUSDT,0.057,0.0564,-1.0526,1774045689889
gate,bybit,BRUSDT,0.0566,0.05641,-0.3357,1774045690197
gate,bybit,BRUSDT,0.0566,0.05641,-0.3357,1774045690504
gate,bybit,BRUSDT,0.0566,0.05641,-0.3357,1774045690808
gate,bybit,BRUSDT,0.0566,0.05641,-0.3357,1774045691109
gate,bybit,BRUSDT,0.0566,0.05641,-0.3357,1774045691410
gate,bybit,BRUSDT,0.0566,0.05641,-0.3357,1774045691710
gate,bybit,BRUSDT,0.0566,0.05641,-0.3357,1774045692011
gate,bybit,BRUSDT,0.0566,0.05642,-0.318,1774045692316
gate,bybit,BRUSDT,0.0566,0.05642,-0.318,1774045692619
gate,bybit,BRUSDT,0.0566,0.05642,-0.318,1774045692922
gate,bybit,BRUSDT,0.0566,0.05642,-0.318,1774045693225
gate,bybit,BRUSDT,0.0566,0.05642,-0.318,1774045693526
gate,bybit,BRUSDT,0.0566,0.05642,-0.318,1774045693826
gate,bybit,BRUSDT,0.0566,0.05642,-0.318,1774045694126
gate,bybit,BRUSDT,0.0566,0.05642,-0.318,1774045694426
gate,bybit,BRUSDT,0.0566,0.05642,-0.318,1774045694726
gate,bybit,BRUSDT,0.0566,0.05642,-0.318,1774045695027
gate,bybit,BRUSDT,0.0566,0.05642,-0.318,1774045695329
gate,bybit,BRUSDT,0.0566,0.05642,-0.318,1774045695629
gate,bybit,BRUSDT,0.05659,0.05642,-0.3004,1774045695930
gate,bybit,BRUSDT,0.05659,0.05642,-0.3004,1774045696230
gate,bybit,BRUSDT,0.05659,0.05642,-0.3004,1774045696530
gate,bybit,BRUSDT,0.05659,0.05642,-0.3004,1774045696830
gate,bybit,BRUSDT,0.05659,0.05642,-0.3004,1774045697130
gate,bybit,BRUSDT,0.05659,0.05642,-0.3004,1774045697431
gate,bybit,BRUSDT,0.05659,0.05642,-0.3004,1774045697731
gate,bybit,BRUSDT,0.05659,0.05642,-0.3004,1774045698032
gate,bybit,BRUSDT,0.05659,0.05641,-0.3181,1774045698333
gate,bybit,BRUSDT,0.05659,0.05641,-0.3181,1774045698633
gate,bybit,BRUSDT,0.05659,0.05641,-0.3181,1774045698933
gate,bybit,BRUSDT,0.05659,0.05641,-0.3181,1774045699233
gate,bybit,BRUSDT,0.05659,0.05641,-0.3181,1774045699533
gate,bybit,BRUSDT,0.05659,0.05641,-0.3181,1774045699834
gate,bybit,BRUSDT,0.0566,0.05641,-0.3357,1774045700149
gate,bybit,BRUSDT,0.0567,0.05643,-0.4762,1774045700449
gate,bybit,BRUSDT,0.0567,0.05643,-0.4762,1774045700750
gate,bybit,BRUSDT,0.057,0.05643,-1.0,1774045701050
gate,bybit,BRUSDT,0.05667,0.05643,-0.4235,1774045701350
gate,bybit,BRUSDT,0.05667,0.05643,-0.4235,1774045701650
gate,bybit,BRUSDT,0.05667,0.05643,-0.4235,1774045701950
gate,bybit,BRUSDT,0.05667,0.05643,-0.4235,1774045702251
gate,bybit,BRUSDT,0.05698,0.05646,-0.9126,1774045702551
gate,bybit,BRUSDT,0.05717,0.05646,-1.2419,1774045702852
gate,bybit,BRUSDT,0.05671,0.05646,-0.4408,1774045703152
gate,bybit,BRUSDT,0.05671,0.0565,-0.3703,1774045703453
gate,bybit,BRUSDT,0.05671,0.05651,-0.3527,1774045703753
gate,bybit,BRUSDT,0.05671,0.05651,-0.3527,1774045704053
gate,bybit,BRUSDT,0.05671,0.05651,-0.3527,1774045704353
gate,bybit,BRUSDT,0.05671,0.05651,-0.3527,1774045704653
gate,bybit,BRUSDT,0.05671,0.05651,-0.3527,1774045704954
gate,bybit,BRUSDT,0.05671,0.05651,-0.3527,1774045705254
gate,bybit,BRUSDT,0.05671,0.05651,-0.3527,1774045705554
gate,bybit,BRUSDT,0.05671,0.05651,-0.3527,1774045705855
gate,bybit,BRUSDT,0.05671,0.05651,-0.3527,1774045706155
gate,bybit,BRUSDT,0.05671,0.05651,-0.3527,1774045706455
gate,bybit,BRUSDT,0.05671,0.05651,-0.3527,1774045706756
gate,bybit,BRUSDT,0.05671,0.05651,-0.3527,1774045707056
gate,bybit,BRUSDT,0.05671,0.05651,-0.3527,1774045707356
gate,bybit,BRUSDT,0.05671,0.05651,-0.3527,1774045707657
gate,bybit,BRUSDT,0.05671,0.05651,-0.3527,1774045707957
gate,bybit,BRUSDT,0.05671,0.05651,-0.3527,1774045708257
gate,bybit,BRUSDT,0.05671,0.05651,-0.3527,1774045708557
gate,bybit,BRUSDT,0.05671,0.05651,-0.3527,1774045708858
gate,bybit,BRUSDT,0.05671,0.05651,-0.3527,1774045709158
gate,bybit,BRUSDT,0.05671,0.05651,-0.3527,1774045709458
gate,bybit,BRUSDT,0.05671,0.05651,-0.3527,1774045709758
gate,bybit,BRUSDT,0.05671,0.05651,-0.3527,1774045710058
gate,bybit,BRUSDT,0.05671,0.05651,-0.3527,1774045710358
gate,bybit,BRUSDT,0.05671,0.05651,-0.3527,1774045710658
gate,bybit,BRUSDT,0.05671,0.05651,-0.3527,1774045710959
gate,bybit,BRUSDT,0.05671,0.05651,-0.3527,1774045711259
gate,bybit,BRUSDT,0.05671,0.05651,-0.3527,1774045711559
gate,bybit,BRUSDT,0.05671,0.05651,-0.3527,1774045711859
gate,bybit,BRUSDT,0.05671,0.05651,-0.3527,1774045712159
gate,bybit,BRUSDT,0.05671,0.05651,-0.3527,1774045712463
gate,bybit,BRUSDT,0.05671,0.05651,-0.3527,1774045712763
gate,bybit,BRUSDT,0.05671,0.05651,-0.3527,1774045713063
gate,bybit,BRUSDT,0.05671,0.05651,-0.3527,1774045713363
gate,bybit,BRUSDT,0.05671,0.05651,-0.3527,1774045713664
gate,bybit,BRUSDT,0.05671,0.05651,-0.3527,1774045713964
gate,bybit,BRUSDT,0.05671,0.05651,-0.3527,1774045714265
gate,bybit,BRUSDT,0.05671,0.05651,-0.3527,1774045714565
gate,bybit,BRUSDT,0.05671,0.05651,-0.3527,1774045714865
gate,bybit,BRUSDT,0.05671,0.05651,-0.3527,1774045715166
gate,bybit,BRUSDT,0.05671,0.05651,-0.3527,1774045715466
gate,bybit,BRUSDT,0.05671,0.05651,-0.3527,1774045715766
gate,bybit,BRUSDT,0.05671,0.05651,-0.3527,1774045716066
gate,bybit,BRUSDT,0.05671,0.05651,-0.3527,1774045716371
gate,bybit,BRUSDT,0.05671,0.05651,-0.3527,1774045716671
gate,bybit,BRUSDT,0.05671,0.05651,-0.3527,1774045716971
gate,bybit,BRUSDT,0.05671,0.05651,-0.3527,1774045717271
gate,bybit,BRUSDT,0.05671,0.05651,-0.3527,1774045717571
gate,bybit,BRUSDT,0.05671,0.05651,-0.3527,1774045717882
gate,bybit,BRUSDT,0.05671,0.05651,-0.3527,1774045718182
gate,bybit,BRUSDT,0.05671,0.05651,-0.3527,1774045718482
gate,bybit,BRUSDT,0.05671,0.05651,-0.3527,1774045718783
gate,bybit,BRUSDT,0.05671,0.05651,-0.3527,1774045719083
gate,bybit,BRUSDT,0.05671,0.05651,-0.3527,1774045719383
gate,bybit,BRUSDT,0.05671,0.05651,-0.3527,1774045719683
gate,bybit,BRUSDT,0.05671,0.05651,-0.3527,1774045719984
gate,bybit,BRUSDT,0.05671,0.05651,-0.3527,1774045720284
gate,bybit,BRUSDT,0.05671,0.05651,-0.3527,1774045720584
gate,bybit,BRUSDT,0.05671,0.05651,-0.3527,1774045720884
gate,bybit,BRUSDT,0.05671,0.05651,-0.3527,1774045721184
gate,bybit,BRUSDT,0.05671,0.05651,-0.3527,1774045721484
gate,bybit,BRUSDT,0.05671,0.05651,-0.3527,1774045721784
gate,bybit,BRUSDT,0.05671,0.05651,-0.3527,1774045722084
gate,bybit,BRUSDT,0.05671,0.05651,-0.3527,1774045722385
gate,bybit,BRUSDT,0.05671,0.05651,-0.3527,1774045722685
gate,bybit,BRUSDT,0.05671,0.05651,-0.3527,1774045722985
gate,bybit,BRUSDT,0.05671,0.05651,-0.3527,1774045723285
gate,bybit,BRUSDT,0.05671,0.05651,-0.3527,1774045723585
gate,bybit,BRUSDT,0.05671,0.05653,-0.3174,1774045723885
gate,bybit,BRUSDT,0.05671,0.05653,-0.3174,1774045724185
gate,bybit,BRUSDT,0.0567,0.05653,-0.2998,1774045724485
gate,bybit,BRUSDT,0.0567,0.05653,-0.2998,1774045724786
gate,bybit,BRUSDT,0.0567,0.05653,-0.2998,1774045725086
gate,bybit,BRUSDT,0.0567,0.05653,-0.2998,1774045725386
gate,bybit,BRUSDT,0.0567,0.05653,-0.2998,1774045725687
gate,bybit,BRUSDT,0.0567,0.05653,-0.2998,1774045725987
gate,bybit,BRUSDT,0.0567,0.05653,-0.2998,1774045726287
gate,bybit,BRUSDT,0.0567,0.05653,-0.2998,1774045726588
gate,bybit,BRUSDT,0.0567,0.05653,-0.2998,1774045726888
gate,bybit,BRUSDT,0.0567,0.05653,-0.2998,1774045727188
gate,bybit,BRUSDT,0.0567,0.05653,-0.2998,1774045727488
gate,bybit,BRUSDT,0.0567,0.05653,-0.2998,1774045727789
gate,bybit,BRUSDT,0.0567,0.05653,-0.2998,1774045728089
gate,bybit,BRUSDT,0.0567,0.05653,-0.2998,1774045728389
gate,bybit,BRUSDT,0.0567,0.05653,-0.2998,1774045728689
gate,bybit,BRUSDT,0.0567,0.05653,-0.2998,1774045728990
gate,bybit,BRUSDT,0.0567,0.05653,-0.2998,1774045729290
gate,bybit,BRUSDT,0.0567,0.05653,-0.2998,1774045729590
gate,bybit,BRUSDT,0.0567,0.05653,-0.2998,1774045729890
gate,bybit,BRUSDT,0.0567,0.05653,-0.2998,1774045730190
gate,bybit,BRUSDT,0.0567,0.05653,-0.2998,1774045730491
gate,bybit,BRUSDT,0.0567,0.05653,-0.2998,1774045730792
gate,bybit,BRUSDT,0.0567,0.05653,-0.2998,1774045731092
gate,bybit,BRUSDT,0.0567,0.05653,-0.2998,1774045731392
gate,bybit,BRUSDT,0.0567,0.05653,-0.2998,1774045731692
gate,bybit,BRUSDT,0.0567,0.05653,-0.2998,1774045731992
gate,bybit,BRUSDT,0.0567,0.05653,-0.2998,1774045732292
gate,bybit,BRUSDT,0.0567,0.05653,-0.2998,1774045732593
gate,bybit,BRUSDT,0.0567,0.05653,-0.2998,1774045732893
gate,bybit,BRUSDT,0.0567,0.05653,-0.2998,1774045733193
gate,bybit,BRUSDT,0.0567,0.05653,-0.2998,1774045733493
gate,bybit,BRUSDT,0.0567,0.05653,-0.2998,1774045733793
gate,bybit,BRUSDT,0.0567,0.05655,-0.2646,1774045734093
gate,bybit,BRUSDT,0.0567,0.05655,-0.2646,1774045734393
gate,bybit,BRUSDT,0.0567,0.05655,-0.2646,1774045734695
gate,bybit,BRUSDT,0.0567,0.05655,-0.2646,1774045734999
gate,bybit,BRUSDT,0.0567,0.05655,-0.2646,1774045735306
gate,bybit,BRUSDT,0.0567,0.05655,-0.2646,1774045735607
gate,bybit,BRUSDT,0.0567,0.05655,-0.2646,1774045735907
gate,bybit,BRUSDT,0.0567,0.05655,-0.2646,1774045736212
gate,bybit,BRUSDT,0.0567,0.05655,-0.2646,1774045736513
gate,bybit,BRUSDT,0.0567,0.05655,-0.2646,1774045736814
gate,bybit,BRUSDT,0.0567,0.05655,-0.2646,1774045737118
gate,bybit,BRUSDT,0.0567,0.05655,-0.2646,1774045737419
gate,bybit,BRUSDT,0.0567,0.05655,-0.2646,1774045737719
gate,bybit,BRUSDT,0.0567,0.05655,-0.2646,1774045738030
gate,bybit,BRUSDT,0.0567,0.05655,-0.2646,1774045738330
gate,bybit,BRUSDT,0.0567,0.05655,-0.2646,1774045738630
gate,bybit,BRUSDT,0.0567,0.05648,-0.388,1774045738930
gate,bybit,BRUSDT,0.0567,0.05648,-0.388,1774045739234
gate,bybit,BRUSDT,0.05668,0.05648,-0.3529,1774045739535
gate,bybit,BRUSDT,0.05668,0.05648,-0.3529,1774045739835
gate,bybit,BRUSDT,0.05668,0.05648,-0.3529,1774045740135
gate,bybit,BRUSDT,0.05668,0.05648,-0.3529,1774045740440
gate,bybit,BRUSDT,0.05668,0.05648,-0.3529,1774045740752
gate,bybit,BRUSDT,0.05666,0.05647,-0.3353,1774045741052
gate,bybit,BRUSDT,0.05666,0.05647,-0.3353,1774045741353
gate,bybit,BRUSDT,0.05666,0.05648,-0.3177,1774045741655
gate,bybit,BRUSDT,0.05666,0.05648,-0.3177,1774045741956
gate,bybit,BRUSDT,0.05666,0.05648,-0.3177,1774045742256
gate,bybit,BRUSDT,0.05666,0.05648,-0.3177,1774045742556
gate,bybit,BRUSDT,0.05666,0.05648,-0.3177,1774045742873
gate,bybit,BRUSDT,0.05663,0.05648,-0.2649,1774045743173
gate,bybit,BRUSDT,0.05663,0.05649,-0.2472,1774045743473
gate,bybit,BRUSDT,0.05663,0.05649,-0.2472,1774045743779
gate,bybit,BRUSDT,0.05663,0.05649,-0.2472,1774045744079
gate,bybit,BRUSDT,0.05663,0.05649,-0.2472,1774045744380
gate,bybit,BRUSDT,0.05663,0.05649,-0.2472,1774045744680
gate,bybit,BRUSDT,0.05663,0.05649,-0.2472,1774045744980
gate,bybit,BRUSDT,0.05663,0.05649,-0.2472,1774045745280
gate,bybit,BRUSDT,0.05663,0.05649,-0.2472,1774045745580
gate,bybit,BRUSDT,0.05663,0.05649,-0.2472,1774045745881
gate,bybit,BRUSDT,0.05663,0.05648,-0.2649,1774045746181
gate,bybit,BRUSDT,0.05663,0.05649,-0.2472,1774045746481
gate,bybit,BRUSDT,0.05663,0.05649,-0.2472,1774045746782
gate,bybit,BRUSDT,0.05663,0.05649,-0.2472,1774045747082
gate,bybit,BRUSDT,0.05663,0.05649,-0.2472,1774045747382
gate,bybit,BRUSDT,0.05663,0.05649,-0.2472,1774045747682
gate,bybit,BRUSDT,0.05663,0.05649,-0.2472,1774045747982
gate,bybit,BRUSDT,0.05663,0.05649,-0.2472,1774045748282
gate,bybit,BRUSDT,0.05663,0.05649,-0.2472,1774045748583
gate,bybit,BRUSDT,0.05663,0.05649,-0.2472,1774045748883
gate,bybit,BRUSDT,0.05663,0.05648,-0.2649,1774045749183
gate,bybit,BRUSDT,0.05663,0.05649,-0.2472,1774045749483
gate,bybit,BRUSDT,0.05663,0.05649,-0.2472,1774045749783
gate,bybit,BRUSDT,0.05663,0.05649,-0.2472,1774045750083
gate,bybit,BRUSDT,0.05663,0.0565,-0.2296,1774045750384
gate,bybit,BRUSDT,0.05663,0.0565,-0.2296,1774045750684
gate,bybit,BRUSDT,0.05663,0.0565,-0.2296,1774045750984
gate,bybit,BRUSDT,0.05663,0.0565,-0.2296,1774045751284
gate,bybit,BRUSDT,0.05663,0.0565,-0.2296,1774045751593
gate,bybit,BRUSDT,0.05663,0.0565,-0.2296,1774045751900
gate,bybit,BRUSDT,0.05663,0.0565,-0.2296,1774045752200
gate,bybit,BRUSDT,0.05663,0.05651,-0.2119,1774045752504
gate,bybit,BRUSDT,0.05663,0.05651,-0.2119,1774045752806
gate,bybit,BRUSDT,0.05663,0.05651,-0.2119,1774045753108
gate,bybit,BRUSDT,0.05663,0.05651,-0.2119,1774045753409
gate,bybit,BRUSDT,0.05663,0.05651,-0.2119,1774045753711
gate,bybit,BRUSDT,0.05663,0.05651,-0.2119,1774045754011
gate,bybit,BRUSDT,0.05663,0.05651,-0.2119,1774045754312
gate,bybit,BRUSDT,0.05663,0.05651,-0.2119,1774045754614
gate,bybit,BRUSDT,0.05663,0.05651,-0.2119,1774045754916
gate,bybit,BRUSDT,0.05663,0.0565,-0.2296,1774045755219
gate,bybit,BRUSDT,0.05663,0.05651,-0.2119,1774045755521
gate,bybit,BRUSDT,0.05663,0.05651,-0.2119,1774045755821
gate,bybit,BRUSDT,0.05663,0.05651,-0.2119,1774045756124
gate,bybit,BRUSDT,0.05663,0.05651,-0.2119,1774045756424
gate,bybit,BRUSDT,0.05661,0.05651,-0.1766,1774045756725
gate,bybit,BRUSDT,0.05661,0.05651,-0.1766,1774045757025
gate,bybit,BRUSDT,0.05661,0.05651,-0.1766,1774045757326
gate,bybit,BRUSDT,0.05661,0.05651,-0.1766,1774045757626
gate,bybit,BRUSDT,0.05661,0.05651,-0.1766,1774045757926
gate,bybit,BRUSDT,0.05661,0.0565,-0.1943,1774045758226
gate,bybit,BRUSDT,0.05661,0.0565,-0.1943,1774045758526
gate,bybit,BRUSDT,0.05661,0.0565,-0.1943,1774045758827
gate,bybit,BRUSDT,0.05661,0.0565,-0.1943,1774045759127
gate,bybit,BRUSDT,0.05661,0.0565,-0.1943,1774045759427
gate,bybit,BRUSDT,0.05661,0.0565,-0.1943,1774045759731
gate,bybit,BRUSDT,0.05661,0.0565,-0.1943,1774045760031
gate,bybit,BRUSDT,0.05661,0.0565,-0.1943,1774045760331
gate,bybit,BRUSDT,0.05661,0.0565,-0.1943,1774045760631
gate,bybit,BRUSDT,0.05661,0.0565,-0.1943,1774045760932
gate,bybit,BRUSDT,0.05661,0.0565,-0.1943,1774045761233
gate,bybit,BRUSDT,0.05661,0.0565,-0.1943,1774045761533
gate,bybit,BRUSDT,0.05661,0.0565,-0.1943,1774045761834
gate,bybit,BRUSDT,0.05661,0.0565,-0.1943,1774045762134
gate,bybit,BRUSDT,0.05661,0.0565,-0.1943,1774045762434
gate,bybit,BRUSDT,0.05661,0.0565,-0.1943,1774045762734
gate,bybit,BRUSDT,0.05661,0.0565,-0.1943,1774045763034
gate,bybit,BRUSDT,0.05661,0.0565,-0.1943,1774045763334
gate,bybit,BRUSDT,0.05661,0.0565,-0.1943,1774045763634
gate,bybit,BRUSDT,0.05661,0.0565,-0.1943,1774045763934
gate,bybit,BRUSDT,0.05661,0.0565,-0.1943,1774045764235
gate,bybit,BRUSDT,0.05661,0.0565,-0.1943,1774045764535
gate,bybit,BRUSDT,0.05661,0.0565,-0.1943,1774045764835
gate,bybit,BRUSDT,0.05661,0.0565,-0.1943,1774045765135
gate,bybit,BRUSDT,0.05661,0.0565,-0.1943,1774045765435
gate,bybit,BRUSDT,0.05661,0.05647,-0.2473,1774045765735
gate,bybit,BRUSDT,0.05661,0.05647,-0.2473,1774045766036
gate,bybit,BRUSDT,0.05661,0.05647,-0.2473,1774045766336
gate,bybit,BRUSDT,0.05661,0.05647,-0.2473,1774045766636
gate,bybit,BRUSDT,0.05661,0.05647,-0.2473,1774045766937
gate,bybit,BRUSDT,0.05661,0.05647,-0.2473,1774045767237
gate,bybit,BRUSDT,0.05668,0.05647,-0.3705,1774045767537
gate,bybit,BRUSDT,0.05668,0.05647,-0.3705,1774045767838
gate,bybit,BRUSDT,0.05668,0.05647,-0.3705,1774045768138
gate,bybit,BRUSDT,0.05668,0.05647,-0.3705,1774045768438
gate,bybit,BRUSDT,0.05668,0.05647,-0.3705,1774045768739
gate,bybit,BRUSDT,0.05665,0.05647,-0.3177,1774045769039
gate,bybit,BRUSDT,0.05665,0.05647,-0.3177,1774045769339
gate,bybit,BRUSDT,0.05668,0.05647,-0.3705,1774045769639
gate,bybit,BRUSDT,0.05663,0.05647,-0.2825,1774045769939
gate,bybit,BRUSDT,0.05663,0.05647,-0.2825,1774045770239
gate,bybit,BRUSDT,0.05663,0.05647,-0.2825,1774045770539
gate,bybit,BRUSDT,0.05663,0.05647,-0.2825,1774045770840
gate,bybit,BRUSDT,0.05663,0.05647,-0.2825,1774045771140
gate,bybit,BRUSDT,0.05663,0.05647,-0.2825,1774045771440
gate,bybit,BRUSDT,0.05663,0.05647,-0.2825,1774045771741
gate,bybit,BRUSDT,0.05663,0.05647,-0.2825,1774045772041
gate,bybit,BRUSDT,0.05663,0.05647,-0.2825,1774045772341
gate,bybit,BRUSDT,0.05663,0.05647,-0.2825,1774045772641
gate,bybit,BRUSDT,0.05663,0.05647,-0.2825,1774045772941
gate,bybit,BRUSDT,0.05663,0.05647,-0.2825,1774045773241
gate,bybit,BRUSDT,0.05663,0.05647,-0.2825,1774045773541
gate,bybit,BRUSDT,0.05663,0.05647,-0.2825,1774045773842
gate,bybit,BRUSDT,0.05663,0.05647,-0.2825,1774045774142
gate,bybit,BRUSDT,0.05663,0.05647,-0.2825,1774045774443
gate,bybit,BRUSDT,0.05663,0.05647,-0.2825,1774045774743
gate,bybit,BRUSDT,0.05663,0.05647,-0.2825,1774045775043
gate,bybit,BRUSDT,0.05663,0.05647,-0.2825,1774045775344
gate,bybit,BRUSDT,0.05663,0.05647,-0.2825,1774045775644
gate,bybit,BRUSDT,0.05663,0.05647,-0.2825,1774045775944
gate,bybit,BRUSDT,0.05663,0.05647,-0.2825,1774045776244
gate,bybit,BRUSDT,0.05663,0.05647,-0.2825,1774045776544
gate,bybit,BRUSDT,0.05663,0.05647,-0.2825,1774045776845
gate,bybit,BRUSDT,0.05663,0.05647,-0.2825,1774045777145
gate,bybit,BRUSDT,0.05663,0.05647,-0.2825,1774045777445
gate,bybit,BRUSDT,0.05663,0.05647,-0.2825,1774045777745
gate,bybit,BRUSDT,0.05662,0.05647,-0.2649,1774045778046
gate,bybit,BRUSDT,0.05662,0.05647,-0.2649,1774045778346
gate,bybit,BRUSDT,0.05662,0.05647,-0.2649,1774045778646
gate,bybit,BRUSDT,0.05663,0.05647,-0.2825,1774045778946
gate,bybit,BRUSDT,0.05663,0.05647,-0.2825,1774045779253
gate,bybit,BRUSDT,0.05663,0.05647,-0.2825,1774045779553
gate,bybit,BRUSDT,0.05663,0.05647,-0.2825,1774045779853
gate,bybit,BRUSDT,0.05663,0.05647,-0.2825,1774045780154
gate,bybit,BRUSDT,0.05663,0.05647,-0.2825,1774045780455
gate,bybit,BRUSDT,0.05663,0.05647,-0.2825,1774045780755
gate,bybit,BRUSDT,0.05663,0.05647,-0.2825,1774045781056
gate,bybit,BRUSDT,0.05663,0.05647,-0.2825,1774045781356
gate,bybit,BRUSDT,0.05663,0.05647,-0.2825,1774045781656
gate,bybit,BRUSDT,0.05663,0.05647,-0.2825,1774045781957
gate,bybit,BRUSDT,0.05663,0.05647,-0.2825,1774045782257
gate,bybit,BRUSDT,0.05663,0.05647,-0.2825,1774045782557
gate,bybit,BRUSDT,0.05663,0.05647,-0.2825,1774045782857
gate,bybit,BRUSDT,0.05663,0.05647,-0.2825,1774045783158
gate,bybit,BRUSDT,0.05663,0.05647,-0.2825,1774045783458
gate,bybit,BRUSDT,0.05663,0.05647,-0.2825,1774045783758
gate,bybit,BRUSDT,0.05663,0.05647,-0.2825,1774045784058
gate,bybit,BRUSDT,0.05663,0.05647,-0.2825,1774045784359
gate,bybit,BRUSDT,0.05663,0.05647,-0.2825,1774045784659
gate,bybit,BRUSDT,0.05663,0.05647,-0.2825,1774045784960
gate,bybit,BRUSDT,0.05663,0.05647,-0.2825,1774045785260
gate,bybit,BRUSDT,0.05663,0.05647,-0.2825,1774045785560
gate,bybit,BRUSDT,0.05664,0.05647,-0.3001,1774045785860
gate,bybit,BRUSDT,0.05664,0.05647,-0.3001,1774045786161
gate,bybit,BRUSDT,0.05664,0.05647,-0.3001,1774045786465
gate,bybit,BRUSDT,0.05664,0.05647,-0.3001,1774045786765
gate,bybit,BRUSDT,0.05664,0.05647,-0.3001,1774045787066
gate,bybit,BRUSDT,0.05661,0.05647,-0.2473,1774045787367
gate,bybit,BRUSDT,0.05661,0.05647,-0.2473,1774045787667
gate,bybit,BRUSDT,0.05661,0.05647,-0.2473,1774045787967
gate,bybit,BRUSDT,0.05661,0.05647,-0.2473,1774045788268
gate,bybit,BRUSDT,0.05661,0.05647,-0.2473,1774045788569
gate,bybit,BRUSDT,0.05661,0.05647,-0.2473,1774045788869
gate,bybit,BRUSDT,0.05661,0.05647,-0.2473,1774045789169
gate,bybit,BRUSDT,0.05661,0.05647,-0.2473,1774045789469
gate,bybit,BRUSDT,0.05661,0.05647,-0.2473,1774045789769
gate,bybit,BRUSDT,0.05661,0.05647,-0.2473,1774045790070
gate,bybit,BRUSDT,0.05661,0.05647,-0.2473,1774045790370
gate,bybit,BRUSDT,0.05661,0.05647,-0.2473,1774045790670
gate,bybit,BRUSDT,0.05661,0.05647,-0.2473,1774045790970
gate,bybit,BRUSDT,0.05661,0.05647,-0.2473,1774045791270
gate,bybit,BRUSDT,0.05661,0.05647,-0.2473,1774045791570
gate,bybit,BRUSDT,0.05661,0.05647,-0.2473,1774045791870
gate,bybit,BRUSDT,0.05661,0.05647,-0.2473,1774045792170
gate,bybit,BRUSDT,0.05661,0.05647,-0.2473,1774045792472
gate,bybit,BRUSDT,0.05661,0.05647,-0.2473,1774045792772
gate,bybit,BRUSDT,0.05661,0.05647,-0.2473,1774045793072
gate,bybit,BRUSDT,0.05661,0.05647,-0.2473,1774045793372
gate,bybit,BRUSDT,0.05661,0.05647,-0.2473,1774045793672
gate,bybit,BRUSDT,0.05661,0.05647,-0.2473,1774045793972
gate,bybit,BRUSDT,0.05661,0.05647,-0.2473,1774045794273
gate,bybit,BRUSDT,0.05661,0.05647,-0.2473,1774045794573
gate,bybit,BRUSDT,0.05664,0.05647,-0.3001,1774045794873
gate,bybit,BRUSDT,0.05664,0.05647,-0.3001,1774045795173
gate,bybit,BRUSDT,0.05664,0.05647,-0.3001,1774045795473
gate,bybit,BRUSDT,0.05664,0.05647,-0.3001,1774045795774
gate,bybit,BRUSDT,0.05663,0.05647,-0.2825,1774045796074
gate,bybit,BRUSDT,0.05663,0.05647,-0.2825,1774045796374
gate,bybit,BRUSDT,0.05663,0.05647,-0.2825,1774045796674
gate,bybit,BRUSDT,0.05663,0.05647,-0.2825,1774045796975
gate,bybit,BRUSDT,0.05663,0.05647,-0.2825,1774045797276
gate,bybit,BRUSDT,0.05663,0.05647,-0.2825,1774045797576
gate,bybit,BRUSDT,0.05663,0.05647,-0.2825,1774045797877
gate,bybit,BRUSDT,0.05663,0.05647,-0.2825,1774045798177
gate,bybit,BRUSDT,0.05663,0.05647,-0.2825,1774045798477
gate,bybit,BRUSDT,0.05663,0.05647,-0.2825,1774045798777
gate,bybit,BRUSDT,0.05663,0.05647,-0.2825,1774045799077
gate,bybit,BRUSDT,0.05663,0.05647,-0.2825,1774045799377
gate,bybit,BRUSDT,0.05663,0.05647,-0.2825,1774045799677
gate,bybit,BRUSDT,0.05663,0.05647,-0.2825,1774045799977
gate,bybit,BRUSDT,0.05663,0.05647,-0.2825,1774045800283
gate,bybit,BRUSDT,0.05663,0.05647,-0.2825,1774045800593
gate,bybit,BRUSDT,0.05662,0.05648,-0.2473,1774045800904
gate,bybit,BRUSDT,0.0566,0.05648,-0.212,1774045801216
gate,bybit,BRUSDT,0.0566,0.05648,-0.212,1774045801534
gate,bybit,BRUSDT,0.0566,0.05648,-0.212,1774045801849
gate,bybit,BRUSDT,0.0566,0.05647,-0.2297,1774045802149
gate,bybit,BRUSDT,0.0566,0.05648,-0.212,1774045802452
gate,bybit,BRUSDT,0.0566,0.05648,-0.212,1774045802753
gate,bybit,BRUSDT,0.0566,0.05648,-0.212,1774045803054
gate,bybit,BRUSDT,0.0566,0.05648,-0.212,1774045803355
gate,bybit,BRUSDT,0.0566,0.05648,-0.212,1774045803655
gate,bybit,BRUSDT,0.0566,0.05648,-0.212,1774045803955
gate,bybit,BRUSDT,0.0566,0.05648,-0.212,1774045804256
gate,bybit,BRUSDT,0.0566,0.05648,-0.212,1774045804558
gate,bybit,BRUSDT,0.0566,0.05647,-0.2297,1774045804859
gate,bybit,BRUSDT,0.0566,0.05647,-0.2297,1774045805159
gate,bybit,BRUSDT,0.0566,0.05647,-0.2297,1774045805464
gate,bybit,BRUSDT,0.0566,0.05647,-0.2297,1774045805764
gate,bybit,BRUSDT,0.0566,0.05647,-0.2297,1774045806064
gate,bybit,BRUSDT,0.0566,0.05648,-0.212,1774045806365
gate,bybit,BRUSDT,0.0566,0.05648,-0.212,1774045806665
gate,bybit,BRUSDT,0.0566,0.05648,-0.212,1774045806965
gate,bybit,BRUSDT,0.0566,0.05648,-0.212,1774045807265
gate,bybit,BRUSDT,0.0566,0.05648,-0.212,1774045807565
gate,bybit,BRUSDT,0.0566,0.05648,-0.212,1774045807865
gate,bybit,BRUSDT,0.0566,0.05648,-0.212,1774045808166
gate,bybit,BRUSDT,0.0566,0.05648,-0.212,1774045808466
gate,bybit,BRUSDT,0.0566,0.05648,-0.212,1774045808766
gate,bybit,BRUSDT,0.0566,0.05648,-0.212,1774045809066
gate,bybit,BRUSDT,0.0566,0.05648,-0.212,1774045809366
gate,bybit,BRUSDT,0.0566,0.05648,-0.212,1774045809666
gate,bybit,BRUSDT,0.0566,0.05648,-0.212,1774045809967
gate,bybit,BRUSDT,0.05664,0.05648,-0.2825,1774045810267
gate,bybit,BRUSDT,0.05664,0.05648,-0.2825,1774045810567
gate,bybit,BRUSDT,0.05664,0.05648,-0.2825,1774045810868
gate,bybit,BRUSDT,0.05664,0.05648,-0.2825,1774045811168
gate,bybit,BRUSDT,0.05664,0.05648,-0.2825,1774045811468
gate,bybit,BRUSDT,0.05664,0.05648,-0.2825,1774045811768
gate,bybit,BRUSDT,0.05664,0.05648,-0.2825,1774045812068
gate,bybit,BRUSDT,0.05664,0.05648,-0.2825,1774045812369
gate,bybit,BRUSDT,0.05664,0.05648,-0.2825,1774045812669
gate,bybit,BRUSDT,0.05664,0.05648,-0.2825,1774045812969
gate,bybit,BRUSDT,0.05664,0.05648,-0.2825,1774045813269
gate,bybit,BRUSDT,0.05664,0.05648,-0.2825,1774045813569
gate,bybit,BRUSDT,0.05664,0.05648,-0.2825,1774045813869
gate,bybit,BRUSDT,0.05664,0.05648,-0.2825,1774045814170
gate,bybit,BRUSDT,0.05664,0.05648,-0.2825,1774045814470
gate,bybit,BRUSDT,0.05664,0.05648,-0.2825,1774045814770
gate,bybit,BRUSDT,0.05664,0.05648,-0.2825,1774045815070
gate,bybit,BRUSDT,0.05664,0.05648,-0.2825,1774045815370
gate,bybit,BRUSDT,0.05664,0.05648,-0.2825,1774045815670
gate,bybit,BRUSDT,0.05664,0.05648,-0.2825,1774045815970
gate,bybit,BRUSDT,0.05664,0.05648,-0.2825,1774045816272
gate,bybit,BRUSDT,0.05664,0.05648,-0.2825,1774045816574
gate,bybit,BRUSDT,0.05664,0.05648,-0.2825,1774045816883
gate,bybit,BRUSDT,0.05664,0.05648,-0.2825,1774045817195
gate,bybit,BRUSDT,0.05664,0.05648,-0.2825,1774045817498
gate,bybit,BRUSDT,0.05664,0.05648,-0.2825,1774045817803
gate,bybit,BRUSDT,0.05664,0.05648,-0.2825,1774045818106
gate,bybit,BRUSDT,0.05664,0.05647,-0.3001,1774045818407
gate,bybit,BRUSDT,0.05664,0.05647,-0.3001,1774045818709
gate,bybit,BRUSDT,0.05664,0.05647,-0.3001,1774045819009
gate,bybit,BRUSDT,0.05664,0.05647,-0.3001,1774045819313
gate,bybit,BRUSDT,0.05664,0.05647,-0.3001,1774045819616
gate,bybit,BRUSDT,0.05664,0.05647,-0.3001,1774045819918
gate,bybit,BRUSDT,0.05664,0.05647,-0.3001,1774045820220
gate,bybit,BRUSDT,0.05664,0.05647,-0.3001,1774045820529
gate,bybit,BRUSDT,0.05664,0.05647,-0.3001,1774045820830
gate,bybit,BRUSDT,0.05664,0.05647,-0.3001,1774045821130
gate,bybit,BRUSDT,0.05664,0.05647,-0.3001,1774045821430
gate,bybit,BRUSDT,0.05664,0.05647,-0.3001,1774045821730
gate,bybit,BRUSDT,0.05664,0.05647,-0.3001,1774045822043
gate,bybit,BRUSDT,0.05664,0.05647,-0.3001,1774045822349
gate,bybit,BRUSDT,0.05664,0.05647,-0.3001,1774045822655
gate,bybit,BRUSDT,0.05664,0.05647,-0.3001,1774045822956
gate,bybit,BRUSDT,0.05664,0.05647,-0.3001,1774045823256
gate,bybit,BRUSDT,0.05664,0.05647,-0.3001,1774045823556
gate,bybit,BRUSDT,0.05664,0.05647,-0.3001,1774045823856
gate,bybit,BRUSDT,0.05664,0.05647,-0.3001,1774045824158
gate,bybit,BRUSDT,0.05664,0.05647,-0.3001,1774045824458
gate,bybit,BRUSDT,0.05664,0.05647,-0.3001,1774045824758
gate,bybit,BRUSDT,0.05664,0.05647,-0.3001,1774045825058
gate,bybit,BRUSDT,0.05664,0.05647,-0.3001,1774045825358
gate,bybit,BRUSDT,0.05664,0.05647,-0.3001,1774045825658
gate,bybit,BRUSDT,0.05664,0.05647,-0.3001,1774045825958
gate,bybit,BRUSDT,0.05664,0.05647,-0.3001,1774045826259
gate,bybit,BRUSDT,0.05664,0.05647,-0.3001,1774045826559
gate,bybit,BRUSDT,0.05664,0.05647,-0.3001,1774045826859
gate,bybit,BRUSDT,0.05664,0.05647,-0.3001,1774045827159
gate,bybit,BRUSDT,0.05664,0.05647,-0.3001,1774045827459
gate,bybit,BRUSDT,0.05664,0.05647,-0.3001,1774045827759
gate,bybit,BRUSDT,0.05664,0.05647,-0.3001,1774045828059
gate,bybit,BRUSDT,0.05664,0.05647,-0.3001,1774045828360
gate,bybit,BRUSDT,0.05664,0.05647,-0.3001,1774045828660
gate,bybit,BRUSDT,0.05664,0.05647,-0.3001,1774045828960
gate,bybit,BRUSDT,0.05664,0.05647,-0.3001,1774045829261
gate,bybit,BRUSDT,0.05664,0.05647,-0.3001,1774045829561
gate,bybit,BRUSDT,0.05664,0.05647,-0.3001,1774045829861
gate,bybit,BRUSDT,0.05664,0.05647,-0.3001,1774045830161
gate,bybit,BRUSDT,0.05664,0.05647,-0.3001,1774045830461
gate,bybit,BRUSDT,0.05664,0.05647,-0.3001,1774045830762
gate,bybit,BRUSDT,0.05664,0.05647,-0.3001,1774045831062
gate,bybit,BRUSDT,0.05664,0.05647,-0.3001,1774045831362
gate,bybit,BRUSDT,0.05664,0.05647,-0.3001,1774045831662
gate,bybit,BRUSDT,0.05664,0.05647,-0.3001,1774045831963
gate,bybit,BRUSDT,0.05664,0.05647,-0.3001,1774045832263
gate,bybit,BRUSDT,0.05664,0.05647,-0.3001,1774045832563
gate,bybit,BRUSDT,0.05664,0.05647,-0.3001,1774045832863
gate,bybit,BRUSDT,0.05664,0.05647,-0.3001,1774045833163
gate,bybit,BRUSDT,0.05664,0.05647,-0.3001,1774045833463
gate,bybit,BRUSDT,0.05664,0.05647,-0.3001,1774045833764
gate,bybit,BRUSDT,0.05664,0.05647,-0.3001,1774045834064
gate,bybit,BRUSDT,0.05664,0.05647,-0.3001,1774045834364
gate,bybit,BRUSDT,0.05664,0.05647,-0.3001,1774045834664
gate,bybit,BRUSDT,0.05664,0.05647,-0.3001,1774045834964
gate,bybit,BRUSDT,0.05664,0.05647,-0.3001,1774045835264
gate,bybit,BRUSDT,0.05664,0.05647,-0.3001,1774045835564
gate,bybit,BRUSDT,0.05664,0.05647,-0.3001,1774045835865
gate,bybit,BRUSDT,0.05664,0.05647,-0.3001,1774045836165
gate,bybit,BRUSDT,0.05664,0.05647,-0.3001,1774045836466
gate,bybit,BRUSDT,0.05664,0.05647,-0.3001,1774045836767
gate,bybit,BRUSDT,0.05664,0.05647,-0.3001,1774045837067
gate,bybit,BRUSDT,0.05664,0.05647,-0.3001,1774045837367
gate,bybit,BRUSDT,0.05664,0.05647,-0.3001,1774045837667
gate,bybit,BRUSDT,0.05664,0.05647,-0.3001,1774045837967
gate,bybit,BRUSDT,0.05664,0.05647,-0.3001,1774045838267
gate,bybit,BRUSDT,0.05664,0.05647,-0.3001,1774045838568
gate,bybit,BRUSDT,0.05664,0.05647,-0.3001,1774045838868
gate,bybit,BRUSDT,0.05663,0.05647,-0.2825,1774045839179
gate,bybit,BRUSDT,0.05663,0.05647,-0.2825,1774045839479
gate,bybit,BRUSDT,0.05663,0.05647,-0.2825,1774045839779
gate,bybit,BRUSDT,0.05663,0.05647,-0.2825,1774045840079
gate,bybit,BRUSDT,0.05663,0.05647,-0.2825,1774045840379
gate,bybit,BRUSDT,0.05663,0.05647,-0.2825,1774045840680
gate,bybit,BRUSDT,0.05663,0.05647,-0.2825,1774045840980
gate,bybit,BRUSDT,0.05663,0.05647,-0.2825,1774045841280
gate,bybit,BRUSDT,0.05663,0.05647,-0.2825,1774045841580
gate,bybit,BRUSDT,0.05663,0.05647,-0.2825,1774045841880
gate,bybit,BRUSDT,0.05663,0.05647,-0.2825,1774045842180
gate,bybit,BRUSDT,0.05663,0.05647,-0.2825,1774045842481
gate,bybit,BRUSDT,0.05663,0.05647,-0.2825,1774045842789
gate,bybit,BRUSDT,0.05663,0.05647,-0.2825,1774045843097
gate,bybit,BRUSDT,0.05663,0.05647,-0.2825,1774045843404
gate,bybit,BRUSDT,0.05663,0.05647,-0.2825,1774045843708
gate,bybit,BRUSDT,0.05663,0.05647,-0.2825,1774045844012
gate,bybit,BRUSDT,0.05663,0.05647,-0.2825,1774045844317
gate,bybit,BRUSDT,0.05663,0.05647,-0.2825,1774045844618
gate,bybit,BRUSDT,0.05663,0.05647,-0.2825,1774045844919
gate,bybit,BRUSDT,0.05663,0.05647,-0.2825,1774045845224
gate,bybit,BRUSDT,0.05663,0.05647,-0.2825,1774045845525
gate,bybit,BRUSDT,0.05663,0.05647,-0.2825,1774045845826
gate,bybit,BRUSDT,0.05663,0.05647,-0.2825,1774045846126
gate,bybit,BRUSDT,0.05663,0.05647,-0.2825,1774045846426
gate,bybit,BRUSDT,0.05663,0.05647,-0.2825,1774045846732
gate,bybit,BRUSDT,0.05663,0.05647,-0.2825,1774045847032
gate,bybit,BRUSDT,0.05663,0.05647,-0.2825,1774045847334
gate,bybit,BRUSDT,0.05662,0.05647,-0.2649,1774045847634
gate,bybit,BRUSDT,0.05662,0.05647,-0.2649,1774045847934
gate,bybit,BRUSDT,0.05662,0.05647,-0.2649,1774045848235
gate,bybit,BRUSDT,0.05662,0.05647,-0.2649,1774045848538
gate,bybit,BRUSDT,0.05662,0.05647,-0.2649,1774045848838
gate,bybit,BRUSDT,0.05662,0.05647,-0.2649,1774045849138
gate,bybit,BRUSDT,0.05662,0.05647,-0.2649,1774045849438
gate,bybit,BRUSDT,0.05662,0.05647,-0.2649,1774045849738
gate,bybit,BRUSDT,0.05662,0.05647,-0.2649,1774045850039
gate,bybit,BRUSDT,0.05662,0.05647,-0.2649,1774045850339
gate,bybit,BRUSDT,0.0566,0.05647,-0.2297,1774045850640
gate,bybit,BRUSDT,0.0566,0.05647,-0.2297,1774045850940
gate,bybit,BRUSDT,0.0566,0.05647,-0.2297,1774045851241
gate,bybit,BRUSDT,0.0566,0.05647,-0.2297,1774045851542
gate,bybit,BRUSDT,0.0566,0.05647,-0.2297,1774045851842
gate,bybit,BRUSDT,0.0566,0.05647,-0.2297,1774045852143
gate,bybit,BRUSDT,0.0566,0.05647,-0.2297,1774045852443
gate,bybit,BRUSDT,0.0566,0.05647,-0.2297,1774045852753
gate,bybit,BRUSDT,0.0566,0.05647,-0.2297,1774045853064
gate,bybit,BRUSDT,0.0566,0.05647,-0.2297,1774045853371
gate,bybit,BRUSDT,0.0566,0.05647,-0.2297,1774045853672
gate,bybit,BRUSDT,0.0566,0.05647,-0.2297,1774045853973
gate,bybit,BRUSDT,0.0566,0.05647,-0.2297,1774045854273
gate,bybit,BRUSDT,0.0566,0.05647,-0.2297,1774045854573
gate,bybit,BRUSDT,0.0566,0.05647,-0.2297,1774045854873
gate,bybit,BRUSDT,0.0566,0.05647,-0.2297,1774045855174
gate,bybit,BRUSDT,0.0566,0.05647,-0.2297,1774045855474
gate,bybit,BRUSDT,0.0566,0.05647,-0.2297,1774045855774
gate,bybit,BRUSDT,0.0566,0.05647,-0.2297,1774045856075
gate,bybit,BRUSDT,0.0566,0.05647,-0.2297,1774045856375
gate,bybit,BRUSDT,0.0566,0.05647,-0.2297,1774045856675
gate,bybit,BRUSDT,0.0566,0.05647,-0.2297,1774045856975
gate,bybit,BRUSDT,0.0566,0.05647,-0.2297,1774045857276
gate,bybit,BRUSDT,0.0566,0.05647,-0.2297,1774045857578
gate,bybit,BRUSDT,0.0566,0.05647,-0.2297,1774045857878
gate,bybit,BRUSDT,0.0566,0.05647,-0.2297,1774045858178
gate,bybit,BRUSDT,0.0566,0.05647,-0.2297,1774045858478
gate,bybit,BRUSDT,0.0566,0.05647,-0.2297,1774045858779
gate,bybit,BRUSDT,0.0566,0.05647,-0.2297,1774045859079
gate,bybit,BRUSDT,0.0566,0.05647,-0.2297,1774045859379
gate,bybit,BRUSDT,0.0566,0.05647,-0.2297,1774045859679
gate,bybit,BRUSDT,0.0566,0.05647,-0.2297,1774045859980
gate,bybit,BRUSDT,0.0566,0.05647,-0.2297,1774045860287
gate,bybit,BRUSDT,0.0566,0.05647,-0.2297,1774045860588
gate,bybit,BRUSDT,0.0566,0.05647,-0.2297,1774045860896
gate,bybit,BRUSDT,0.0566,0.05647,-0.2297,1774045861204
gate,bybit,BRUSDT,0.0566,0.05647,-0.2297,1774045861512
gate,bybit,BRUSDT,0.0566,0.05647,-0.2297,1774045861815
gate,bybit,BRUSDT,0.0566,0.05647,-0.2297,1774045862119
gate,bybit,BRUSDT,0.0566,0.05647,-0.2297,1774045862428
gate,bybit,BRUSDT,0.0566,0.05647,-0.2297,1774045862731
gate,bybit,BRUSDT,0.0566,0.05647,-0.2297,1774045863031
gate,bybit,BRUSDT,0.0566,0.05647,-0.2297,1774045863333
gate,bybit,BRUSDT,0.0566,0.05647,-0.2297,1774045863633
gate,bybit,BRUSDT,0.0566,0.05647,-0.2297,1774045863933
gate,bybit,BRUSDT,0.0566,0.05647,-0.2297,1774045864238
gate,bybit,BRUSDT,0.0566,0.05647,-0.2297,1774045864539
gate,bybit,BRUSDT,0.0566,0.05647,-0.2297,1774045864839
gate,bybit,BRUSDT,0.0566,0.05647,-0.2297,1774045865140
gate,bybit,BRUSDT,0.0566,0.05647,-0.2297,1774045865440
gate,bybit,BRUSDT,0.0566,0.05647,-0.2297,1774045865741
gate,bybit,BRUSDT,0.0566,0.05647,-0.2297,1774045866045
gate,bybit,BRUSDT,0.0566,0.05647,-0.2297,1774045866346
gate,bybit,BRUSDT,0.05659,0.05647,-0.2121,1774045866646
gate,bybit,BRUSDT,0.05659,0.05647,-0.2121,1774045866946
gate,bybit,BRUSDT,0.05659,0.05647,-0.2121,1774045867246
gate,bybit,BRUSDT,0.05659,0.05647,-0.2121,1774045867546
gate,bybit,BRUSDT,0.05659,0.05647,-0.2121,1774045867846
gate,bybit,BRUSDT,0.05659,0.05647,-0.2121,1774045868155
gate,bybit,BRUSDT,0.05659,0.05647,-0.2121,1774045868458
gate,bybit,BRUSDT,0.05659,0.05647,-0.2121,1774045868758
gate,bybit,BRUSDT,0.05659,0.05647,-0.2121,1774045869058
gate,bybit,BRUSDT,0.05659,0.05647,-0.2121,1774045869358
gate,bybit,BRUSDT,0.05659,0.05647,-0.2121,1774045869659
gate,bybit,BRUSDT,0.05659,0.05647,-0.2121,1774045869959
gate,bybit,BRUSDT,0.05659,0.05647,-0.2121,1774045870259
gate,bybit,BRUSDT,0.05659,0.05647,-0.2121,1774045870559
gate,bybit,BRUSDT,0.05659,0.05647,-0.2121,1774045870859
gate,bybit,BRUSDT,0.05659,0.05647,-0.2121,1774045871159
gate,bybit,BRUSDT,0.05659,0.05647,-0.2121,1774045871460
gate,bybit,BRUSDT,0.05659,0.05647,-0.2121,1774045871760
gate,bybit,BRUSDT,0.05659,0.05647,-0.2121,1774045872062
gate,bybit,BRUSDT,0.05659,0.05647,-0.2121,1774045872369
gate,bybit,BRUSDT,0.05659,0.05647,-0.2121,1774045872670
gate,bybit,BRUSDT,0.05659,0.05647,-0.2121,1774045872971
gate,bybit,BRUSDT,0.05659,0.05647,-0.2121,1774045873272
gate,bybit,BRUSDT,0.05659,0.05647,-0.2121,1774045873573
gate,bybit,BRUSDT,0.05659,0.05647,-0.2121,1774045873873
gate,bybit,BRUSDT,0.05659,0.05647,-0.2121,1774045874174
gate,bybit,BRUSDT,0.05659,0.05647,-0.2121,1774045874474
gate,bybit,BRUSDT,0.05659,0.05647,-0.2121,1774045874774
gate,bybit,BRUSDT,0.05659,0.05647,-0.2121,1774045875075
gate,bybit,BRUSDT,0.05659,0.05647,-0.2121,1774045875376
gate,bybit,BRUSDT,0.05659,0.05647,-0.2121,1774045875676
gate,bybit,BRUSDT,0.05659,0.05647,-0.2121,1774045875976
gate,bybit,BRUSDT,0.05659,0.05647,-0.2121,1774045876276
gate,bybit,BRUSDT,0.05659,0.05647,-0.2121,1774045876576
gate,bybit,BRUSDT,0.05659,0.05647,-0.2121,1774045876877
gate,bybit,BRUSDT,0.05659,0.05647,-0.2121,1774045877177
gate,bybit,BRUSDT,0.05659,0.05647,-0.2121,1774045877479
gate,bybit,BRUSDT,0.05659,0.05647,-0.2121,1774045877779
gate,bybit,BRUSDT,0.05659,0.05647,-0.2121,1774045878079
gate,bybit,BRUSDT,0.05659,0.05647,-0.2121,1774045878380
gate,bybit,BRUSDT,0.05659,0.05647,-0.2121,1774045878680
gate,bybit,BRUSDT,0.05659,0.05647,-0.2121,1774045878980
gate,bybit,BRUSDT,0.05659,0.05647,-0.2121,1774045879281
gate,bybit,BRUSDT,0.05659,0.05647,-0.2121,1774045879581
gate,bybit,BRUSDT,0.05659,0.05647,-0.2121,1774045879882
gate,bybit,BRUSDT,0.05659,0.05647,-0.2121,1774045880182
gate,bybit,BRUSDT,0.05659,0.05647,-0.2121,1774045880482
gate,bybit,BRUSDT,0.05659,0.05647,-0.2121,1774045880782
gate,bybit,BRUSDT,0.05659,0.05647,-0.2121,1774045881082
gate,bybit,BRUSDT,0.05659,0.05647,-0.2121,1774045881382
gate,bybit,BRUSDT,0.05659,0.05647,-0.2121,1774045881682
gate,bybit,BRUSDT,0.05659,0.05647,-0.2121,1774045881983
gate,bybit,BRUSDT,0.05659,0.05647,-0.2121,1774045882283
gate,bybit,BRUSDT,0.05659,0.05647,-0.2121,1774045882583
gate,bybit,BRUSDT,0.05659,0.05647,-0.2121,1774045882883
gate,bybit,BRUSDT,0.05659,0.05647,-0.2121,1774045883183
gate,bybit,BRUSDT,0.05659,0.05647,-0.2121,1774045883483
gate,bybit,BRUSDT,0.05659,0.05647,-0.2121,1774045883783
gate,bybit,BRUSDT,0.05659,0.05647,-0.2121,1774045884084
gate,bybit,BRUSDT,0.05659,0.05647,-0.2121,1774045884384
gate,bybit,BRUSDT,0.05659,0.05647,-0.2121,1774045884684
gate,bybit,BRUSDT,0.05659,0.05647,-0.2121,1774045884985
gate,bybit,BRUSDT,0.05659,0.05647,-0.2121,1774045885285
gate,bybit,BRUSDT,0.05659,0.05647,-0.2121,1774045885585
gate,bybit,BRUSDT,0.05659,0.05647,-0.2121,1774045885885
gate,bybit,BRUSDT,0.05659,0.05647,-0.2121,1774045886186
gate,bybit,BRUSDT,0.05659,0.05647,-0.2121,1774045886486
gate,bybit,BRUSDT,0.05659,0.05647,-0.2121,1774045886787
gate,bybit,BRUSDT,0.05659,0.05647,-0.2121,1774045887087
gate,bybit,BRUSDT,0.05659,0.05647,-0.2121,1774045887388
gate,bybit,BRUSDT,0.05659,0.05647,-0.2121,1774045887688
gate,bybit,BRUSDT,0.05659,0.05647,-0.2121,1774045887988
gate,bybit,BRUSDT,0.05659,0.05647,-0.2121,1774045888288
gate,bybit,BRUSDT,0.05659,0.05647,-0.2121,1774045888592
gate,bybit,BRUSDT,0.05659,0.05647,-0.2121,1774045888892
gate,bybit,BRUSDT,0.05659,0.05647,-0.2121,1774045889204
gate,bybit,BRUSDT,0.05659,0.05647,-0.2121,1774045889517
gate,bybit,BRUSDT,0.05659,0.05647,-0.2121,1774045889823
gate,bybit,BRUSDT,0.05659,0.05647,-0.2121,1774045890133
gate,bybit,BRUSDT,0.05659,0.05647,-0.2121,1774045890437
gate,bybit,BRUSDT,0.05659,0.05647,-0.2121,1774045890738
gate,bybit,BRUSDT,0.05659,0.05647,-0.2121,1774045891038
gate,bybit,BRUSDT,0.05659,0.05647,-0.2121,1774045891338
gate,bybit,BRUSDT,0.05659,0.05647,-0.2121,1774045891638
gate,bybit,BRUSDT,0.05661,0.05647,-0.2473,1774045891938
gate,bybit,BRUSDT,0.05661,0.05647,-0.2473,1774045892238
gate,bybit,BRUSDT,0.05661,0.05647,-0.2473,1774045892538
gate,bybit,BRUSDT,0.05661,0.05647,-0.2473,1774045892839
gate,bybit,BRUSDT,0.05661,0.05647,-0.2473,1774045893139
gate,bybit,BRUSDT,0.05661,0.05647,-0.2473,1774045893439
gate,bybit,BRUSDT,0.05661,0.05647,-0.2473,1774045893740
gate,bybit,BRUSDT,0.05661,0.05647,-0.2473,1774045894040
gate,bybit,BRUSDT,0.05661,0.05647,-0.2473,1774045894344
gate,bybit,BRUSDT,0.05661,0.05647,-0.2473,1774045894651
gate,bybit,BRUSDT,0.05661,0.05647,-0.2473,1774045894951
gate,bybit,BRUSDT,0.05661,0.05647,-0.2473,1774045895251
gate,bybit,BRUSDT,0.05661,0.05647,-0.2473,1774045895552
gate,bybit,BRUSDT,0.05661,0.05647,-0.2473,1774045895852
gate,bybit,BRUSDT,0.05661,0.05647,-0.2473,1774045896152
gate,bybit,BRUSDT,0.05661,0.05647,-0.2473,1774045896452
gate,bybit,BRUSDT,0.05661,0.05647,-0.2473,1774045896752
gate,bybit,BRUSDT,0.05661,0.05647,-0.2473,1774045897053
gate,bybit,BRUSDT,0.05661,0.05647,-0.2473,1774045897353
gate,bybit,BRUSDT,0.05661,0.05647,-0.2473,1774045897653
gate,bybit,BRUSDT,0.05661,0.05647,-0.2473,1774045897953
gate,bybit,BRUSDT,0.05661,0.05647,-0.2473,1774045898253
gate,bybit,BRUSDT,0.05661,0.05647,-0.2473,1774045898554
gate,bybit,BRUSDT,0.05661,0.05647,-0.2473,1774045898854
gate,bybit,BRUSDT,0.05661,0.05647,-0.2473,1774045899154
gate,bybit,BRUSDT,0.05661,0.05647,-0.2473,1774045899455
gate,bybit,BRUSDT,0.05661,0.05647,-0.2473,1774045899755
gate,bybit,BRUSDT,0.05661,0.05647,-0.2473,1774045900055
gate,bybit,BRUSDT,0.05661,0.05647,-0.2473,1774045900355
gate,bybit,BRUSDT,0.05661,0.05647,-0.2473,1774045900655
gate,bybit,BRUSDT,0.05661,0.05647,-0.2473,1774045900955
gate,bybit,BRUSDT,0.05661,0.05647,-0.2473,1774045901255
gate,bybit,BRUSDT,0.05661,0.05647,-0.2473,1774045901555
gate,bybit,BRUSDT,0.05661,0.05647,-0.2473,1774045901856
gate,bybit,BRUSDT,0.05661,0.05647,-0.2473,1774045902156
gate,bybit,BRUSDT,0.05661,0.05647,-0.2473,1774045902456
gate,bybit,BRUSDT,0.05661,0.05647,-0.2473,1774045902757
gate,bybit,BRUSDT,0.05661,0.05647,-0.2473,1774045903057
gate,bybit,BRUSDT,0.05661,0.05647,-0.2473,1774045903358
gate,bybit,BRUSDT,0.05661,0.05647,-0.2473,1774045903659
gate,bybit,BRUSDT,0.05661,0.05647,-0.2473,1774045903959
gate,bybit,BRUSDT,0.05661,0.05647,-0.2473,1774045904259
gate,bybit,BRUSDT,0.05661,0.05647,-0.2473,1774045904559
gate,bybit,BRUSDT,0.05661,0.05647,-0.2473,1774045904859
gate,bybit,BRUSDT,0.05661,0.05647,-0.2473,1774045905159
gate,bybit,BRUSDT,0.05661,0.05647,-0.2473,1774045905459
gate,bybit,BRUSDT,0.05661,0.05647,-0.2473,1774045905759
gate,bybit,BRUSDT,0.05661,0.05647,-0.2473,1774045906059
gate,bybit,BRUSDT,0.05661,0.05647,-0.2473,1774045906359
gate,bybit,BRUSDT,0.05661,0.05647,-0.2473,1774045906659
gate,bybit,BRUSDT,0.05661,0.05647,-0.2473,1774045906960
gate,bybit,BRUSDT,0.05661,0.05647,-0.2473,1774045907260
gate,bybit,BRUSDT,0.05661,0.05647,-0.2473,1774045907560
gate,bybit,BRUSDT,0.05661,0.05647,-0.2473,1774045907860
gate,bybit,BRUSDT,0.05661,0.05647,-0.2473,1774045908160
gate,bybit,BRUSDT,0.05661,0.05647,-0.2473,1774045908460
gate,bybit,BRUSDT,0.05661,0.05647,-0.2473,1774045908760
gate,bybit,BRUSDT,0.05661,0.05647,-0.2473,1774045909061
gate,bybit,BRUSDT,0.05661,0.05647,-0.2473,1774045909361
gate,bybit,BRUSDT,0.05661,0.05647,-0.2473,1774045909661
gate,bybit,BRUSDT,0.05661,0.05647,-0.2473,1774045909962
gate,bybit,BRUSDT,0.05661,0.05647,-0.2473,1774045910262
gate,bybit,BRUSDT,0.05661,0.05647,-0.2473,1774045910562
gate,bybit,BRUSDT,0.05661,0.05647,-0.2473,1774045910863
gate,bybit,BRUSDT,0.05661,0.05647,-0.2473,1774045911163
gate,bybit,BRUSDT,0.05661,0.05647,-0.2473,1774045911463
gate,bybit,BRUSDT,0.05661,0.05647,-0.2473,1774045911763
gate,bybit,BRUSDT,0.05661,0.05647,-0.2473,1774045912063
gate,bybit,BRUSDT,0.05661,0.05647,-0.2473,1774045912363
gate,bybit,BRUSDT,0.05661,0.05647,-0.2473,1774045912664
gate,bybit,BRUSDT,0.05661,0.05647,-0.2473,1774045912965
gate,bybit,BRUSDT,0.05661,0.05647,-0.2473,1774045913265
gate,bybit,BRUSDT,0.05661,0.05647,-0.2473,1774045913565
gate,bybit,BRUSDT,0.05661,0.05647,-0.2473,1774045913866
gate,bybit,BRUSDT,0.05661,0.05647,-0.2473,1774045914166
gate,bybit,BRUSDT,0.05661,0.05647,-0.2473,1774045914466
gate,bybit,BRUSDT,0.05661,0.05647,-0.2473,1774045914766
gate,bybit,BRUSDT,0.05661,0.05647,-0.2473,1774045915066
gate,bybit,BRUSDT,0.05661,0.05647,-0.2473,1774045915368
gate,bybit,BRUSDT,0.05661,0.05647,-0.2473,1774045915668
gate,bybit,BRUSDT,0.05661,0.05647,-0.2473,1774045915968
gate,bybit,BRUSDT,0.05661,0.05647,-0.2473,1774045916268
gate,bybit,BRUSDT,0.05661,0.05647,-0.2473,1774045916568
gate,bybit,BRUSDT,0.05661,0.05647,-0.2473,1774045916868
gate,bybit,BRUSDT,0.05661,0.05647,-0.2473,1774045917169
gate,bybit,BRUSDT,0.05661,0.05647,-0.2473,1774045917478
gate,bybit,BRUSDT,0.05661,0.05647,-0.2473,1774045917779
gate,bybit,BRUSDT,0.05661,0.05647,-0.2473,1774045918079
gate,bybit,BRUSDT,0.05661,0.05647,-0.2473,1774045918379
gate,bybit,BRUSDT,0.05661,0.05647,-0.2473,1774045918679
gate,bybit,BRUSDT,0.05661,0.05647,-0.2473,1774045918979
gate,bybit,BRUSDT,0.05661,0.05647,-0.2473,1774045919280
gate,bybit,BRUSDT,0.05661,0.05647,-0.2473,1774045919580
gate,bybit,BRUSDT,0.05661,0.05647,-0.2473,1774045919880
gate,bybit,BRUSDT,0.05661,0.05647,-0.2473,1774045920182
gate,bybit,BRUSDT,0.05661,0.05647,-0.2473,1774045920497
gate,bybit,BRUSDT,0.05661,0.05647,-0.2473,1774045920809
gate,bybit,BRUSDT,0.0566,0.05648,-0.212,1774045921119
gate,bybit,BRUSDT,0.0566,0.05648,-0.212,1774045921431
gate,bybit,BRUSDT,0.0566,0.05648,-0.212,1774045921744
gate,bybit,BRUSDT,0.0566,0.05648,-0.212,1774045922061
gate,bybit,BRUSDT,0.0566,0.05648,-0.212,1774045922370
gate,bybit,BRUSDT,0.0566,0.05648,-0.212,1774045922677
gate,bybit,BRUSDT,0.0566,0.05648,-0.212,1774045922981
gate,bybit,BRUSDT,0.0566,0.05648,-0.212,1774045923288
gate,bybit,BRUSDT,0.0566,0.05648,-0.212,1774045923592
gate,bybit,BRUSDT,0.0566,0.05648,-0.212,1774045923898
gate,bybit,BRUSDT,0.0566,0.05648,-0.212,1774045924202
gate,bybit,BRUSDT,0.0566,0.05648,-0.212,1774045924507
gate,bybit,BRUSDT,0.0566,0.05648,-0.212,1774045924810
gate,bybit,BRUSDT,0.0566,0.05648,-0.212,1774045925116
gate,bybit,BRUSDT,0.0566,0.05648,-0.212,1774045925421
gate,bybit,BRUSDT,0.0566,0.05648,-0.212,1774045925724
gate,bybit,BRUSDT,0.0566,0.05648,-0.212,1774045926024
gate,bybit,BRUSDT,0.0566,0.05648,-0.212,1774045926326
gate,bybit,BRUSDT,0.0566,0.05648,-0.212,1774045926626
gate,bybit,BRUSDT,0.0566,0.05648,-0.212,1774045926926
gate,bybit,BRUSDT,0.0566,0.05648,-0.212,1774045927229
gate,bybit,BRUSDT,0.0566,0.05648,-0.212,1774045927531
gate,bybit,BRUSDT,0.0566,0.05648,-0.212,1774045927831
gate,bybit,BRUSDT,0.0566,0.05648,-0.212,1774045928131
gate,bybit,BRUSDT,0.0566,0.05648,-0.212,1774045928431
gate,bybit,BRUSDT,0.0566,0.05648,-0.212,1774045928731
gate,bybit,BRUSDT,0.0566,0.05648,-0.212,1774045929032
gate,bybit,BRUSDT,0.0566,0.05648,-0.212,1774045929332
gate,bybit,BRUSDT,0.0566,0.05648,-0.212,1774045929632
gate,bybit,BRUSDT,0.0566,0.05648,-0.212,1774045929932
gate,bybit,BRUSDT,0.0566,0.05648,-0.212,1774045930232
gate,bybit,BRUSDT,0.0566,0.05648,-0.212,1774045930532
gate,bybit,BRUSDT,0.0566,0.05648,-0.212,1774045930833
gate,bybit,BRUSDT,0.0566,0.05648,-0.212,1774045931133
gate,bybit,BRUSDT,0.0566,0.05648,-0.212,1774045931433
gate,bybit,BRUSDT,0.0566,0.05648,-0.212,1774045931733
gate,bybit,BRUSDT,0.0566,0.05648,-0.212,1774045932033
gate,bybit,BRUSDT,0.0566,0.05648,-0.212,1774045932334
gate,bybit,BRUSDT,0.0566,0.05648,-0.212,1774045932634
gate,bybit,BRUSDT,0.0566,0.05648,-0.212,1774045932934
gate,bybit,BRUSDT,0.0566,0.05648,-0.212,1774045933235
gate,bybit,BRUSDT,0.0566,0.05648,-0.212,1774045933535
gate,bybit,BRUSDT,0.0566,0.05648,-0.212,1774045933835
gate,bybit,BRUSDT,0.0566,0.05648,-0.212,1774045934136
gate,bybit,BRUSDT,0.0566,0.05651,-0.159,1774045934436
gate,bybit,BRUSDT,0.0566,0.05652,-0.1413,1774045934736
gate,bybit,BRUSDT,0.05677,0.05652,-0.4404,1774045935037
gate,bybit,BRUSDT,0.05677,0.05652,-0.4404,1774045935351
gate,bybit,BRUSDT,0.05677,0.05652,-0.4404,1774045935665
gate,bybit,BRUSDT,0.05676,0.05652,-0.4228,1774045935973
gate,bybit,BRUSDT,0.05677,0.05652,-0.4404,1774045936280
gate,bybit,BRUSDT,0.05677,0.05652,-0.4404,1774045936581
gate,bybit,BRUSDT,0.05677,0.05652,-0.4404,1774045936881
gate,bybit,BRUSDT,0.05677,0.05652,-0.4404,1774045937182
gate,bybit,BRUSDT,0.05677,0.05652,-0.4404,1774045937482
gate,bybit,BRUSDT,0.05677,0.05652,-0.4404,1774045937782
gate,bybit,BRUSDT,0.05677,0.05652,-0.4404,1774045938082
gate,bybit,BRUSDT,0.05677,0.05652,-0.4404,1774045938395
gate,bybit,BRUSDT,0.05677,0.05652,-0.4404,1774045938709
gate,bybit,BRUSDT,0.05677,0.05652,-0.4404,1774045939023
gate,bybit,BRUSDT,0.05677,0.05652,-0.4404,1774045939333
gate,bybit,BRUSDT,0.05677,0.05652,-0.4404,1774045939646
gate,bybit,BRUSDT,0.05677,0.05652,-0.4404,1774045939948
gate,bybit,BRUSDT,0.05677,0.05652,-0.4404,1774045940248
gate,bybit,BRUSDT,0.05677,0.05652,-0.4404,1774045940549
gate,bybit,BRUSDT,0.05677,0.05652,-0.4404,1774045940849
gate,bybit,BRUSDT,0.05677,0.05652,-0.4404,1774045941158
gate,bybit,BRUSDT,0.05677,0.05652,-0.4404,1774045941471
gate,bybit,BRUSDT,0.05677,0.05652,-0.4404,1774045941787
gate,bybit,BRUSDT,0.05677,0.05652,-0.4404,1774045942093
gate,bybit,BRUSDT,0.05674,0.05652,-0.3877,1774045942399
gate,bybit,BRUSDT,0.05674,0.05652,-0.3877,1774045942722
gate,bybit,BRUSDT,0.05674,0.05652,-0.3877,1774045943037
gate,bybit,BRUSDT,0.05673,0.05652,-0.3702,1774045943354
gate,bybit,BRUSDT,0.05673,0.05652,-0.3702,1774045943666
gate,bybit,BRUSDT,0.05673,0.05652,-0.3702,1774045943972
gate,bybit,BRUSDT,0.05674,0.05652,-0.3877,1774045944287
gate,bybit,BRUSDT,0.05671,0.05652,-0.335,1774045944591
gate,bybit,BRUSDT,0.05671,0.05652,-0.335,1774045944892
gate,bybit,BRUSDT,0.05671,0.05652,-0.335,1774045945193
gate,bybit,BRUSDT,0.05671,0.05652,-0.335,1774045945493
gate,bybit,BRUSDT,0.05671,0.05652,-0.335,1774045945794
gate,bybit,BRUSDT,0.05671,0.05652,-0.335,1774045946098
gate,bybit,BRUSDT,0.05671,0.05652,-0.335,1774045946403
gate,bybit,BRUSDT,0.05671,0.05652,-0.335,1774045946706
gate,bybit,BRUSDT,0.05671,0.05652,-0.335,1774045947009
gate,bybit,BRUSDT,0.05671,0.05652,-0.335,1774045947312
gate,bybit,BRUSDT,0.05669,0.05652,-0.2999,1774045947616
gate,bybit,BRUSDT,0.05669,0.05652,-0.2999,1774045947920
gate,bybit,BRUSDT,0.05669,0.05652,-0.2999,1774045948223
gate,bybit,BRUSDT,0.05669,0.05652,-0.2999,1774045948524
gate,bybit,BRUSDT,0.05669,0.05652,-0.2999,1774045948824
gate,bybit,BRUSDT,0.05669,0.05652,-0.2999,1774045949125
gate,bybit,BRUSDT,0.05669,0.05652,-0.2999,1774045949428
gate,bybit,BRUSDT,0.05669,0.05652,-0.2999,1774045949728
gate,bybit,BRUSDT,0.05669,0.05652,-0.2999,1774045950028
gate,bybit,BRUSDT,0.05669,0.05652,-0.2999,1774045950329
gate,bybit,BRUSDT,0.05669,0.05652,-0.2999,1774045950634
gate,bybit,BRUSDT,0.05669,0.05652,-0.2999,1774045950934
gate,bybit,BRUSDT,0.05669,0.05652,-0.2999,1774045951235
gate,bybit,BRUSDT,0.05669,0.05652,-0.2999,1774045951535
gate,bybit,BRUSDT,0.05669,0.05652,-0.2999,1774045951835
gate,bybit,BRUSDT,0.05669,0.05652,-0.2999,1774045952136
gate,bybit,BRUSDT,0.05669,0.05652,-0.2999,1774045952436
gate,bybit,BRUSDT,0.05669,0.05652,-0.2999,1774045952736
gate,bybit,BRUSDT,0.05669,0.05652,-0.2999,1774045953036
gate,bybit,BRUSDT,0.05669,0.05652,-0.2999,1774045953337
gate,bybit,BRUSDT,0.05669,0.05652,-0.2999,1774045953641
gate,bybit,BRUSDT,0.05669,0.05652,-0.2999,1774045953941
gate,bybit,BRUSDT,0.05669,0.05652,-0.2999,1774045954241
gate,bybit,BRUSDT,0.05669,0.05652,-0.2999,1774045954542
gate,bybit,BRUSDT,0.05669,0.05652,-0.2999,1774045954852
gate,bybit,BRUSDT,0.05669,0.05652,-0.2999,1774045955152
gate,bybit,BRUSDT,0.05669,0.05652,-0.2999,1774045955453
gate,bybit,BRUSDT,0.05669,0.05652,-0.2999,1774045955754
gate,bybit,BRUSDT,0.05669,0.05652,-0.2999,1774045956054
gate,bybit,BRUSDT,0.05669,0.05652,-0.2999,1774045956354
gate,bybit,BRUSDT,0.05669,0.05652,-0.2999,1774045956655
gate,bybit,BRUSDT,0.05669,0.05652,-0.2999,1774045956955
gate,bybit,BRUSDT,0.05669,0.05652,-0.2999,1774045957255
gate,bybit,BRUSDT,0.05669,0.05652,-0.2999,1774045957556
gate,bybit,BRUSDT,0.05669,0.05652,-0.2999,1774045957856
gate,bybit,BRUSDT,0.05669,0.05652,-0.2999,1774045958156
gate,bybit,BRUSDT,0.05669,0.05652,-0.2999,1774045958456
gate,bybit,BRUSDT,0.05669,0.05652,-0.2999,1774045958756
gate,bybit,BRUSDT,0.05669,0.05652,-0.2999,1774045959056
gate,bybit,BRUSDT,0.05668,0.05652,-0.2823,1774045959356
gate,bybit,BRUSDT,0.05668,0.05652,-0.2823,1774045959657
gate,bybit,BRUSDT,0.05668,0.05652,-0.2823,1774045959957
gate,bybit,BRUSDT,0.05667,0.05652,-0.2647,1774045960257
gate,bybit,BRUSDT,0.05667,0.05652,-0.2647,1774045960557
gate,bybit,BRUSDT,0.05667,0.05652,-0.2647,1774045960858
gate,bybit,BRUSDT,0.05667,0.05652,-0.2647,1774045961158
gate,bybit,BRUSDT,0.05667,0.05652,-0.2647,1774045961458
gate,bybit,BRUSDT,0.05667,0.05652,-0.2647,1774045961758
gate,bybit,BRUSDT,0.05667,0.05652,-0.2647,1774045962058
gate,bybit,BRUSDT,0.05667,0.05652,-0.2647,1774045962358
gate,bybit,BRUSDT,0.05667,0.05652,-0.2647,1774045962658
gate,bybit,BRUSDT,0.05667,0.05652,-0.2647,1774045962959
gate,bybit,BRUSDT,0.05667,0.05652,-0.2647,1774045963259
gate,bybit,BRUSDT,0.05667,0.05652,-0.2647,1774045963559
gate,bybit,BRUSDT,0.05667,0.05652,-0.2647,1774045963859
gate,bybit,BRUSDT,0.05667,0.05652,-0.2647,1774045964169
gate,bybit,BRUSDT,0.05667,0.05652,-0.2647,1774045964471
gate,bybit,BRUSDT,0.05667,0.05652,-0.2647,1774045964771
gate,bybit,BRUSDT,0.05667,0.05652,-0.2647,1774045965072
gate,bybit,BRUSDT,0.05666,0.05652,-0.2471,1774045965372
gate,bybit,BRUSDT,0.05666,0.05652,-0.2471,1774045965672
gate,bybit,BRUSDT,0.05666,0.05652,-0.2471,1774045965973
gate,bybit,BRUSDT,0.05666,0.05652,-0.2471,1774045966273
gate,bybit,BRUSDT,0.05666,0.05652,-0.2471,1774045966573
gate,bybit,BRUSDT,0.05666,0.05652,-0.2471,1774045966873
gate,bybit,BRUSDT,0.05666,0.05652,-0.2471,1774045967174
gate,bybit,BRUSDT,0.05666,0.05652,-0.2471,1774045967475
gate,bybit,BRUSDT,0.05666,0.05654,-0.2118,1774045967775
gate,bybit,BRUSDT,0.05666,0.05654,-0.2118,1774045968076
gate,bybit,BRUSDT,0.05666,0.05653,-0.2294,1774045968376
gate,bybit,BRUSDT,0.05666,0.05653,-0.2294,1774045968676
gate,bybit,BRUSDT,0.05666,0.05654,-0.2118,1774045968976
gate,bybit,BRUSDT,0.05666,0.05653,-0.2294,1774045969276
gate,bybit,BRUSDT,0.05666,0.05653,-0.2294,1774045969576
gate,bybit,BRUSDT,0.05666,0.05653,-0.2294,1774045969876
gate,bybit,BRUSDT,0.05666,0.05653,-0.2294,1774045970177
gate,bybit,BRUSDT,0.05666,0.05653,-0.2294,1774045970477
gate,bybit,BRUSDT,0.05666,0.05653,-0.2294,1774045970777
gate,bybit,BRUSDT,0.05666,0.05653,-0.2294,1774045971077
gate,bybit,BRUSDT,0.05666,0.05653,-0.2294,1774045971378
gate,bybit,BRUSDT,0.05666,0.05653,-0.2294,1774045971678
gate,bybit,BRUSDT,0.05666,0.05653,-0.2294,1774045971978
gate,bybit,BRUSDT,0.05666,0.05653,-0.2294,1774045972278
gate,bybit,BRUSDT,0.05666,0.05653,-0.2294,1774045972578
gate,bybit,BRUSDT,0.05666,0.05653,-0.2294,1774045972878
gate,bybit,BRUSDT,0.05666,0.05653,-0.2294,1774045973178
gate,bybit,BRUSDT,0.05666,0.05653,-0.2294,1774045973478
gate,bybit,BRUSDT,0.05666,0.05653,-0.2294,1774045973779
gate,bybit,BRUSDT,0.05666,0.05653,-0.2294,1774045974079
gate,bybit,BRUSDT,0.05666,0.05653,-0.2294,1774045974379
gate,bybit,BRUSDT,0.05666,0.05653,-0.2294,1774045974679
gate,bybit,BRUSDT,0.05666,0.05653,-0.2294,1774045974979
gate,bybit,BRUSDT,0.05666,0.05653,-0.2294,1774045975279
gate,bybit,BRUSDT,0.05666,0.05653,-0.2294,1774045975579
gate,bybit,BRUSDT,0.05666,0.05653,-0.2294,1774045975879
gate,bybit,BRUSDT,0.05666,0.05653,-0.2294,1774045976179
gate,bybit,BRUSDT,0.05666,0.05653,-0.2294,1774045976479
gate,bybit,BRUSDT,0.05666,0.05653,-0.2294,1774045976779
gate,bybit,BRUSDT,0.05666,0.05653,-0.2294,1774045977080
gate,bybit,BRUSDT,0.05666,0.05653,-0.2294,1774045977380
gate,bybit,BRUSDT,0.05666,0.05653,-0.2294,1774045977681
gate,bybit,BRUSDT,0.05666,0.05653,-0.2294,1774045977982
gate,bybit,BRUSDT,0.05666,0.05653,-0.2294,1774045978282
gate,bybit,BRUSDT,0.05666,0.05653,-0.2294,1774045978582
gate,bybit,BRUSDT,0.05666,0.05653,-0.2294,1774045978883
gate,bybit,BRUSDT,0.05666,0.05653,-0.2294,1774045979183
gate,bybit,BRUSDT,0.05666,0.05653,-0.2294,1774045979483
gate,bybit,BRUSDT,0.05666,0.05653,-0.2294,1774045979783
gate,bybit,BRUSDT,0.05666,0.05653,-0.2294,1774045980083
gate,bybit,BRUSDT,0.05666,0.05653,-0.2294,1774045980383
gate,bybit,BRUSDT,0.05666,0.05653,-0.2294,1774045980692
gate,bybit,BRUSDT,0.05666,0.05653,-0.2294,1774045981000
gate,bybit,BRUSDT,0.05666,0.05653,-0.2294,1774045981313
gate,bybit,BRUSDT,0.05666,0.05653,-0.2294,1774045981627
gate,bybit,BRUSDT,0.05666,0.05653,-0.2294,1774045981938
gate,bybit,BRUSDT,0.05666,0.05653,-0.2294,1774045982244
gate,bybit,BRUSDT,0.05666,0.05653,-0.2294,1774045982554
gate,bybit,BRUSDT,0.05666,0.05653,-0.2294,1774045982869
gate,bybit,BRUSDT,0.05666,0.05653,-0.2294,1774045983176
gate,bybit,BRUSDT,0.05666,0.05653,-0.2294,1774045983482
gate,bybit,BRUSDT,0.05666,0.05653,-0.2294,1774045983788
gate,bybit,BRUSDT,0.05666,0.05653,-0.2294,1774045984094
gate,bybit,BRUSDT,0.05666,0.05653,-0.2294,1774045984420
gate,bybit,BRUSDT,0.05666,0.05653,-0.2294,1774045984729
gate,bybit,BRUSDT,0.05666,0.05653,-0.2294,1774045985029
gate,bybit,BRUSDT,0.05666,0.05655,-0.1941,1774045985335
gate,bybit,BRUSDT,0.05666,0.05655,-0.1941,1774045985635
gate,bybit,BRUSDT,0.05666,0.05655,-0.1941,1774045985935
gate,bybit,BRUSDT,0.05666,0.05655,-0.1941,1774045986235
gate,bybit,BRUSDT,0.05666,0.05655,-0.1941,1774045986536
gate,bybit,BRUSDT,0.05666,0.05655,-0.1941,1774045986836
gate,bybit,BRUSDT,0.05666,0.05655,-0.1941,1774045987138
gate,bybit,BRUSDT,0.05666,0.05655,-0.1941,1774045987439
gate,bybit,BRUSDT,0.05666,0.05655,-0.1941,1774045987739
gate,bybit,BRUSDT,0.05666,0.05655,-0.1941,1774045988039
gate,bybit,BRUSDT,0.05678,0.05655,-0.4051,1774045988340
gate,bybit,BRUSDT,0.05678,0.05655,-0.4051,1774045988640
gate,bybit,BRUSDT,0.05678,0.05655,-0.4051,1774045988941
gate,bybit,BRUSDT,0.05678,0.05655,-0.4051,1774045989241
gate,bybit,BRUSDT,0.05678,0.05655,-0.4051,1774045989542
gate,bybit,BRUSDT,0.05678,0.05655,-0.4051,1774045989842
gate,bybit,BRUSDT,0.05678,0.05655,-0.4051,1774045990144
gate,bybit,BRUSDT,0.05678,0.05655,-0.4051,1774045990444
gate,bybit,BRUSDT,0.05678,0.05655,-0.4051,1774045990744
gate,bybit,BRUSDT,0.05678,0.05655,-0.4051,1774045991044
gate,bybit,BRUSDT,0.05678,0.05655,-0.4051,1774045991345
gate,bybit,BRUSDT,0.05678,0.05655,-0.4051,1774045991645
gate,bybit,BRUSDT,0.05678,0.05655,-0.4051,1774045991948
gate,bybit,BRUSDT,0.05678,0.05655,-0.4051,1774045992263
gate,bybit,BRUSDT,0.05678,0.05655,-0.4051,1774045992563
gate,bybit,BRUSDT,0.05678,0.05655,-0.4051,1774045992865
gate,bybit,BRUSDT,0.05678,0.05655,-0.4051,1774045993165
gate,bybit,BRUSDT,0.05678,0.05655,-0.4051,1774045993465
gate,bybit,BRUSDT,0.05678,0.05655,-0.4051,1774045993765
gate,bybit,BRUSDT,0.05678,0.05655,-0.4051,1774045994065
gate,bybit,BRUSDT,0.05678,0.05655,-0.4051,1774045994368
gate,bybit,BRUSDT,0.05678,0.05655,-0.4051,1774045994668
gate,bybit,BRUSDT,0.05678,0.05655,-0.4051,1774045994968
gate,bybit,BRUSDT,0.05678,0.05655,-0.4051,1774045995268
gate,bybit,BRUSDT,0.05678,0.05655,-0.4051,1774045995568
gate,bybit,BRUSDT,0.05678,0.05655,-0.4051,1774045995869
gate,bybit,BRUSDT,0.05678,0.05655,-0.4051,1774045996170
gate,bybit,BRUSDT,0.05678,0.05655,-0.4051,1774045996470
gate,bybit,BRUSDT,0.05678,0.05655,-0.4051,1774045996771
gate,bybit,BRUSDT,0.05678,0.05655,-0.4051,1774045997071
gate,bybit,BRUSDT,0.05678,0.05655,-0.4051,1774045997372
gate,bybit,BRUSDT,0.05678,0.05655,-0.4051,1774045997672
gate,bybit,BRUSDT,0.05678,0.05655,-0.4051,1774045997972
gate,bybit,BRUSDT,0.05678,0.05655,-0.4051,1774045998272
gate,bybit,BRUSDT,0.05678,0.05655,-0.4051,1774045998573
gate,bybit,BRUSDT,0.05678,0.05655,-0.4051,1774045998873
gate,bybit,BRUSDT,0.05678,0.05655,-0.4051,1774045999173
gate,bybit,BRUSDT,0.05678,0.05655,-0.4051,1774045999473
gate,bybit,BRUSDT,0.05678,0.05655,-0.4051,1774045999773
gate,bybit,BRUSDT,0.05678,0.05655,-0.4051,1774046000073
gate,bybit,BRUSDT,0.05678,0.05655,-0.4051,1774046000380
gate,bybit,BRUSDT,0.05678,0.05655,-0.4051,1774046000681
gate,bybit,BRUSDT,0.05678,0.05655,-0.4051,1774046000981
gate,bybit,BRUSDT,0.05678,0.05655,-0.4051,1774046001281
gate,bybit,BRUSDT,0.05678,0.05659,-0.3346,1774046001581
gate,bybit,BRUSDT,0.05678,0.05659,-0.3346,1774046001881
gate,bybit,BRUSDT,0.05678,0.05659,-0.3346,1774046002181
gate,bybit,BRUSDT,0.05678,0.05659,-0.3346,1774046002483
gate,bybit,BRUSDT,0.05677,0.05659,-0.3171,1774046002783
gate,bybit,BRUSDT,0.05677,0.05659,-0.3171,1774046003083
gate,bybit,BRUSDT,0.05677,0.05659,-0.3171,1774046003383
gate,bybit,BRUSDT,0.05677,0.05659,-0.3171,1774046003684
gate,bybit,BRUSDT,0.05677,0.05659,-0.3171,1774046003984
gate,bybit,BRUSDT,0.05677,0.05659,-0.3171,1774046004284
gate,bybit,BRUSDT,0.05677,0.05659,-0.3171,1774046004592
gate,bybit,BRUSDT,0.05677,0.05659,-0.3171,1774046004892
gate,bybit,BRUSDT,0.05677,0.05659,-0.3171,1774046005193
gate,bybit,BRUSDT,0.05677,0.05659,-0.3171,1774046005493
gate,bybit,BRUSDT,0.05677,0.05659,-0.3171,1774046005794
gate,bybit,BRUSDT,0.05677,0.05659,-0.3171,1774046006097
gate,bybit,BRUSDT,0.05677,0.05659,-0.3171,1774046006401
gate,bybit,BRUSDT,0.05677,0.05659,-0.3171,1774046006706
gate,bybit,BRUSDT,0.05677,0.05659,-0.3171,1774046007008
gate,bybit,BRUSDT,0.05677,0.05659,-0.3171,1774046007308
gate,bybit,BRUSDT,0.05677,0.05659,-0.3171,1774046007610
gate,bybit,BRUSDT,0.05677,0.05659,-0.3171,1774046007910
gate,bybit,BRUSDT,0.05677,0.05659,-0.3171,1774046008211
gate,bybit,BRUSDT,0.05677,0.05659,-0.3171,1774046008513
gate,bybit,BRUSDT,0.05677,0.05659,-0.3171,1774046008814
gate,bybit,BRUSDT,0.05677,0.05659,-0.3171,1774046009117
gate,bybit,BRUSDT,0.05677,0.05659,-0.3171,1774046009418
gate,bybit,BRUSDT,0.05677,0.05659,-0.3171,1774046009721
gate,bybit,BRUSDT,0.05677,0.05659,-0.3171,1774046010023
gate,bybit,BRUSDT,0.05677,0.05659,-0.3171,1774046010331
gate,bybit,BRUSDT,0.05677,0.05659,-0.3171,1774046010638
gate,bybit,BRUSDT,0.05677,0.05659,-0.3171,1774046010938
gate,bybit,BRUSDT,0.05677,0.05659,-0.3171,1774046011238
gate,bybit,BRUSDT,0.05677,0.05659,-0.3171,1774046011538
gate,bybit,BRUSDT,0.05677,0.05659,-0.3171,1774046011838
gate,bybit,BRUSDT,0.05677,0.05659,-0.3171,1774046012138
gate,bybit,BRUSDT,0.05677,0.05659,-0.3171,1774046012438
gate,bybit,BRUSDT,0.05677,0.05659,-0.3171,1774046012739
gate,bybit,BRUSDT,0.05677,0.05659,-0.3171,1774046013039
gate,bybit,BRUSDT,0.05677,0.05659,-0.3171,1774046013339
gate,bybit,BRUSDT,0.05677,0.05659,-0.3171,1774046013642
gate,bybit,BRUSDT,0.05677,0.05659,-0.3171,1774046013943
gate,bybit,BRUSDT,0.05677,0.05659,-0.3171,1774046014254
gate,bybit,BRUSDT,0.05677,0.05659,-0.3171,1774046014556
gate,bybit,BRUSDT,0.05677,0.05659,-0.3171,1774046014856
gate,bybit,BRUSDT,0.05677,0.05659,-0.3171,1774046015156
gate,bybit,BRUSDT,0.05677,0.05659,-0.3171,1774046015456
gate,bybit,BRUSDT,0.05677,0.05659,-0.3171,1774046015756
gate,bybit,BRUSDT,0.05677,0.05659,-0.3171,1774046016056
gate,bybit,BRUSDT,0.05677,0.05659,-0.3171,1774046016357
gate,bybit,BRUSDT,0.05677,0.05659,-0.3171,1774046016657
gate,bybit,BRUSDT,0.05677,0.05659,-0.3171,1774046016957
gate,bybit,BRUSDT,0.05677,0.05659,-0.3171,1774046017257
gate,bybit,BRUSDT,0.05677,0.05659,-0.3171,1774046017558
gate,bybit,BRUSDT,0.05677,0.05659,-0.3171,1774046017858
gate,bybit,BRUSDT,0.05677,0.05659,-0.3171,1774046018158
gate,bybit,BRUSDT,0.05677,0.05659,-0.3171,1774046018458
gate,bybit,BRUSDT,0.05677,0.05659,-0.3171,1774046018758
gate,bybit,BRUSDT,0.05677,0.05659,-0.3171,1774046019059
gate,bybit,BRUSDT,0.05677,0.05659,-0.3171,1774046019359
gate,bybit,BRUSDT,0.05677,0.05659,-0.3171,1774046019659
gate,bybit,BRUSDT,0.05677,0.05659,-0.3171,1774046019960
gate,bybit,BRUSDT,0.05677,0.05659,-0.3171,1774046020260
gate,bybit,BRUSDT,0.05677,0.05659,-0.3171,1774046020560
gate,bybit,BRUSDT,0.05677,0.05659,-0.3171,1774046020860
gate,bybit,BRUSDT,0.05677,0.05659,-0.3171,1774046021160
gate,bybit,BRUSDT,0.05677,0.05659,-0.3171,1774046021460
gate,bybit,BRUSDT,0.05677,0.05659,-0.3171,1774046021760
gate,bybit,BRUSDT,0.05677,0.05659,-0.3171,1774046022060
gate,bybit,BRUSDT,0.05677,0.05659,-0.3171,1774046022362
gate,bybit,BRUSDT,0.05677,0.05659,-0.3171,1774046022662
gate,bybit,BRUSDT,0.05677,0.05659,-0.3171,1774046022962
gate,bybit,BRUSDT,0.05677,0.05659,-0.3171,1774046023263
gate,bybit,BRUSDT,0.05677,0.05659,-0.3171,1774046023563
gate,bybit,BRUSDT,0.05677,0.05659,-0.3171,1774046023863
gate,bybit,BRUSDT,0.05677,0.05659,-0.3171,1774046024163
gate,bybit,BRUSDT,0.05677,0.05659,-0.3171,1774046024463
gate,bybit,BRUSDT,0.05677,0.05659,-0.3171,1774046024764
gate,bybit,BRUSDT,0.05677,0.05659,-0.3171,1774046025064
gate,bybit,BRUSDT,0.05677,0.05659,-0.3171,1774046025364
gate,bybit,BRUSDT,0.05677,0.05659,-0.3171,1774046025665
gate,bybit,BRUSDT,0.05677,0.05659,-0.3171,1774046025965
gate,bybit,BRUSDT,0.05676,0.05659,-0.2995,1774046026265
gate,bybit,BRUSDT,0.05676,0.05659,-0.2995,1774046026565
gate,bybit,BRUSDT,0.05676,0.05659,-0.2995,1774046026865
gate,bybit,BRUSDT,0.05676,0.05659,-0.2995,1774046027166
gate,bybit,BRUSDT,0.05675,0.05659,-0.2819,1774046027466
gate,bybit,BRUSDT,0.05675,0.05659,-0.2819,1774046027766
gate,bybit,BRUSDT,0.05675,0.05659,-0.2819,1774046028066
gate,bybit,BRUSDT,0.05675,0.05659,-0.2819,1774046028367
gate,bybit,BRUSDT,0.05675,0.05659,-0.2819,1774046028680
gate,bybit,BRUSDT,0.05675,0.05659,-0.2819,1774046028992
gate,bybit,BRUSDT,0.05675,0.05659,-0.2819,1774046029297
gate,bybit,BRUSDT,0.05675,0.05659,-0.2819,1774046029601
gate,bybit,BRUSDT,0.05675,0.05659,-0.2819,1774046029912
gate,bybit,BRUSDT,0.05675,0.05659,-0.2819,1774046030216
gate,bybit,BRUSDT,0.05675,0.05659,-0.2819,1774046030521
gate,bybit,BRUSDT,0.05675,0.05659,-0.2819,1774046030822
gate,bybit,BRUSDT,0.05675,0.05659,-0.2819,1774046031129
gate,bybit,BRUSDT,0.05675,0.05659,-0.2819,1774046031429
gate,bybit,BRUSDT,0.05675,0.05659,-0.2819,1774046031730
gate,bybit,BRUSDT,0.05675,0.05659,-0.2819,1774046032030
gate,bybit,BRUSDT,0.05675,0.05659,-0.2819,1774046032330
gate,bybit,BRUSDT,0.05675,0.05659,-0.2819,1774046032630
gate,bybit,BRUSDT,0.05675,0.05659,-0.2819,1774046032931
gate,bybit,BRUSDT,0.05675,0.05659,-0.2819,1774046033231
gate,bybit,BRUSDT,0.05675,0.05659,-0.2819,1774046033531
gate,bybit,BRUSDT,0.05675,0.05659,-0.2819,1774046033831
gate,bybit,BRUSDT,0.05675,0.05659,-0.2819,1774046034131
gate,bybit,BRUSDT,0.05675,0.05659,-0.2819,1774046034431
gate,bybit,BRUSDT,0.05675,0.05659,-0.2819,1774046034732
gate,bybit,BRUSDT,0.05675,0.05659,-0.2819,1774046035032
gate,bybit,BRUSDT,0.05675,0.05659,-0.2819,1774046035332
gate,bybit,BRUSDT,0.05675,0.05659,-0.2819,1774046035632
gate,bybit,BRUSDT,0.05675,0.05659,-0.2819,1774046035932
gate,bybit,BRUSDT,0.05675,0.05659,-0.2819,1774046036235
gate,bybit,BRUSDT,0.05675,0.05659,-0.2819,1774046036535
gate,bybit,BRUSDT,0.05675,0.05659,-0.2819,1774046036835
gate,bybit,BRUSDT,0.05675,0.05659,-0.2819,1774046037136
gate,bybit,BRUSDT,0.05675,0.05659,-0.2819,1774046037436
gate,bybit,BRUSDT,0.05675,0.05659,-0.2819,1774046037736
gate,bybit,BRUSDT,0.05675,0.05659,-0.2819,1774046038036
gate,bybit,BRUSDT,0.05675,0.05659,-0.2819,1774046038336
gate,bybit,BRUSDT,0.05675,0.05659,-0.2819,1774046038637
gate,bybit,BRUSDT,0.05675,0.05659,-0.2819,1774046038937
gate,bybit,BRUSDT,0.05675,0.05659,-0.2819,1774046039237
gate,bybit,BRUSDT,0.05675,0.05659,-0.2819,1774046039537
gate,bybit,BRUSDT,0.05675,0.05659,-0.2819,1774046039838
gate,bybit,BRUSDT,0.05675,0.05659,-0.2819,1774046040138
gate,bybit,BRUSDT,0.05675,0.0566,-0.2643,1774046040443
gate,bybit,BRUSDT,0.05675,0.05661,-0.2467,1774046040751
gate,bybit,BRUSDT,0.05675,0.05663,-0.2115,1774046041051
gate,bybit,BRUSDT,0.05675,0.05664,-0.1938,1774046041353
gate,bybit,BRUSDT,0.05675,0.05664,-0.1938,1774046041654
gate,bybit,BRUSDT,0.05675,0.05664,-0.1938,1774046041955
gate,bybit,BRUSDT,0.05675,0.05664,-0.1938,1774046042256
gate,bybit,BRUSDT,0.05675,0.05664,-0.1938,1774046042556
gate,bybit,BRUSDT,0.05675,0.05664,-0.1938,1774046042856
gate,bybit,BRUSDT,0.05675,0.05664,-0.1938,1774046043156
gate,bybit,BRUSDT,0.05675,0.05664,-0.1938,1774046043457
gate,bybit,BRUSDT,0.05675,0.05664,-0.1938,1774046043757
gate,bybit,BRUSDT,0.05675,0.05664,-0.1938,1774046044057
gate,bybit,BRUSDT,0.05675,0.05664,-0.1938,1774046044358
gate,bybit,BRUSDT,0.05675,0.05664,-0.1938,1774046044658
gate,bybit,BRUSDT,0.05675,0.05664,-0.1938,1774046044958
gate,bybit,BRUSDT,0.05675,0.05664,-0.1938,1774046045258
gate,bybit,BRUSDT,0.05675,0.05664,-0.1938,1774046045558
gate,bybit,BRUSDT,0.05675,0.05664,-0.1938,1774046045859
gate,bybit,BRUSDT,0.05675,0.05664,-0.1938,1774046046159
gate,bybit,BRUSDT,0.05675,0.05664,-0.1938,1774046046459
gate,bybit,BRUSDT,0.05675,0.05664,-0.1938,1774046046760
gate,bybit,BRUSDT,0.05675,0.05664,-0.1938,1774046047060
gate,bybit,BRUSDT,0.05675,0.05664,-0.1938,1774046047360
gate,bybit,BRUSDT,0.05675,0.05664,-0.1938,1774046047660
gate,bybit,BRUSDT,0.05675,0.05664,-0.1938,1774046047966
gate,bybit,BRUSDT,0.05675,0.05664,-0.1938,1774046048266
gate,bybit,BRUSDT,0.05675,0.05664,-0.1938,1774046048566
gate,bybit,BRUSDT,0.05675,0.05664,-0.1938,1774046048867
gate,bybit,BRUSDT,0.05675,0.05664,-0.1938,1774046049167
gate,bybit,BRUSDT,0.05675,0.05664,-0.1938,1774046049467
gate,bybit,BRUSDT,0.05675,0.05664,-0.1938,1774046049768
gate,bybit,BRUSDT,0.05675,0.05664,-0.1938,1774046050068
gate,bybit,BRUSDT,0.05675,0.05664,-0.1938,1774046050368
gate,bybit,BRUSDT,0.05675,0.05664,-0.1938,1774046050668
gate,bybit,BRUSDT,0.05684,0.05664,-0.3519,1774046050969
gate,bybit,BRUSDT,0.05684,0.05664,-0.3519,1774046051270
gate,bybit,BRUSDT,0.05684,0.05664,-0.3519,1774046051570
gate,bybit,BRUSDT,0.05684,0.05664,-0.3519,1774046051870
gate,bybit,BRUSDT,0.05684,0.05664,-0.3519,1774046052170
gate,bybit,BRUSDT,0.05684,0.05664,-0.3519,1774046052471
gate,bybit,BRUSDT,0.05684,0.05664,-0.3519,1774046052771
gate,bybit,BRUSDT,0.05684,0.05664,-0.3519,1774046053072
gate,bybit,BRUSDT,0.05684,0.05664,-0.3519,1774046053372
gate,bybit,BRUSDT,0.05684,0.05664,-0.3519,1774046053673
gate,bybit,BRUSDT,0.05684,0.05664,-0.3519,1774046053973
gate,bybit,BRUSDT,0.05684,0.05664,-0.3519,1774046054273
gate,bybit,BRUSDT,0.05684,0.05664,-0.3519,1774046054573
gate,bybit,BRUSDT,0.05684,0.05664,-0.3519,1774046054875
gate,bybit,BRUSDT,0.05684,0.05664,-0.3519,1774046055175
gate,bybit,BRUSDT,0.05684,0.05664,-0.3519,1774046055475
gate,bybit,BRUSDT,0.05684,0.05664,-0.3519,1774046055775
gate,bybit,BRUSDT,0.05684,0.05664,-0.3519,1774046056076
gate,bybit,BRUSDT,0.05684,0.05664,-0.3519,1774046056377
gate,bybit,BRUSDT,0.05684,0.05664,-0.3519,1774046056677
gate,bybit,BRUSDT,0.05684,0.05664,-0.3519,1774046056977
gate,bybit,BRUSDT,0.05684,0.05664,-0.3519,1774046057277
gate,bybit,BRUSDT,0.05684,0.05664,-0.3519,1774046057578
gate,bybit,BRUSDT,0.05684,0.05664,-0.3519,1774046057878
gate,bybit,BRUSDT,0.05684,0.05664,-0.3519,1774046058178
gate,bybit,BRUSDT,0.05684,0.05664,-0.3519,1774046058478
gate,bybit,BRUSDT,0.05684,0.05664,-0.3519,1774046058778
gate,bybit,BRUSDT,0.05684,0.05664,-0.3519,1774046059079
gate,bybit,BRUSDT,0.05684,0.05664,-0.3519,1774046059379
gate,bybit,BRUSDT,0.05684,0.05664,-0.3519,1774046059679
gate,bybit,BRUSDT,0.05684,0.05664,-0.3519,1774046059979
gate,bybit,BRUSDT,0.05684,0.05664,-0.3519,1774046060280
gate,bybit,BRUSDT,0.05684,0.05664,-0.3519,1774046060580
gate,bybit,BRUSDT,0.05684,0.05664,-0.3519,1774046060881
gate,bybit,BRUSDT,0.05684,0.05664,-0.3519,1774046061181
gate,bybit,BRUSDT,0.05684,0.05664,-0.3519,1774046061481
gate,bybit,BRUSDT,0.05684,0.05664,-0.3519,1774046061782
gate,bybit,BRUSDT,0.05684,0.05664,-0.3519,1774046062082
gate,bybit,BRUSDT,0.05684,0.05664,-0.3519,1774046062382
gate,bybit,BRUSDT,0.05684,0.05664,-0.3519,1774046062682
gate,bybit,BRUSDT,0.05684,0.05664,-0.3519,1774046062982
gate,bybit,BRUSDT,0.05684,0.05664,-0.3519,1774046063282
gate,bybit,BRUSDT,0.05684,0.05664,-0.3519,1774046063582
gate,bybit,BRUSDT,0.05684,0.05664,-0.3519,1774046063883
gate,bybit,BRUSDT,0.05684,0.05664,-0.3519,1774046064183
gate,bybit,BRUSDT,0.05684,0.05664,-0.3519,1774046064483
gate,bybit,BRUSDT,0.05684,0.05664,-0.3519,1774046064783
gate,bybit,BRUSDT,0.05684,0.05664,-0.3519,1774046065083
gate,bybit,BRUSDT,0.05684,0.05664,-0.3519,1774046065384
gate,bybit,BRUSDT,0.05684,0.05664,-0.3519,1774046065684
gate,bybit,BRUSDT,0.05684,0.05664,-0.3519,1774046065984
gate,bybit,BRUSDT,0.05684,0.05664,-0.3519,1774046066284
gate,bybit,BRUSDT,0.05684,0.05664,-0.3519,1774046066584
gate,bybit,BRUSDT,0.05684,0.05664,-0.3519,1774046066894
gate,bybit,BRUSDT,0.05684,0.05664,-0.3519,1774046067205
gate,bybit,BRUSDT,0.05684,0.05664,-0.3519,1774046067518
gate,bybit,BRUSDT,0.05684,0.05664,-0.3519,1774046067827
gate,bybit,BRUSDT,0.05684,0.05664,-0.3519,1774046068139
gate,bybit,BRUSDT,0.05684,0.05664,-0.3519,1774046068456
gate,bybit,BRUSDT,0.05684,0.05664,-0.3519,1774046068772
gate,bybit,BRUSDT,0.05684,0.05665,-0.3343,1774046069088
gate,bybit,BRUSDT,0.05684,0.05665,-0.3343,1774046069406
gate,bybit,BRUSDT,0.05684,0.05665,-0.3343,1774046069719
gate,bybit,BRUSDT,0.05684,0.05665,-0.3343,1774046070025
gate,bybit,BRUSDT,0.05684,0.05665,-0.3343,1774046070330
gate,bybit,BRUSDT,0.05684,0.05665,-0.3343,1774046070630
gate,bybit,BRUSDT,0.05684,0.05665,-0.3343,1774046070930
gate,bybit,BRUSDT,0.05684,0.05665,-0.3343,1774046071230
gate,bybit,BRUSDT,0.05684,0.05665,-0.3343,1774046071530
gate,bybit,BRUSDT,0.05684,0.05665,-0.3343,1774046071830
gate,bybit,BRUSDT,0.05684,0.05665,-0.3343,1774046072132
gate,bybit,BRUSDT,0.05683,0.05665,-0.3167,1774046072433
gate,bybit,BRUSDT,0.05683,0.05665,-0.3167,1774046072733
gate,bybit,BRUSDT,0.05683,0.05665,-0.3167,1774046073034
gate,bybit,BRUSDT,0.05683,0.05665,-0.3167,1774046073334
gate,bybit,BRUSDT,0.05683,0.05665,-0.3167,1774046073634
gate,bybit,BRUSDT,0.05683,0.05665,-0.3167,1774046073935
gate,bybit,BRUSDT,0.05683,0.05665,-0.3167,1774046074235
gate,bybit,BRUSDT,0.05683,0.05665,-0.3167,1774046074536
gate,bybit,BRUSDT,0.05683,0.05665,-0.3167,1774046074836
gate,bybit,BRUSDT,0.05683,0.05665,-0.3167,1774046075136
gate,bybit,BRUSDT,0.05683,0.05665,-0.3167,1774046075436
gate,bybit,BRUSDT,0.05683,0.05665,-0.3167,1774046075736
gate,bybit,BRUSDT,0.05683,0.05665,-0.3167,1774046076038
gate,bybit,BRUSDT,0.05683,0.05665,-0.3167,1774046076338
gate,bybit,BRUSDT,0.05683,0.05665,-0.3167,1774046076649
gate,bybit,BRUSDT,0.05683,0.05665,-0.3167,1774046076960
gate,bybit,BRUSDT,0.05683,0.05665,-0.3167,1774046077271
gate,bybit,BRUSDT,0.05683,0.05665,-0.3167,1774046077579
gate,bybit,BRUSDT,0.05683,0.05665,-0.3167,1774046077889
gate,bybit,BRUSDT,0.05683,0.05665,-0.3167,1774046078189
gate,bybit,BRUSDT,0.05683,0.05665,-0.3167,1774046078489
gate,bybit,BRUSDT,0.05683,0.05665,-0.3167,1774046078789
gate,bybit,BRUSDT,0.05683,0.05665,-0.3167,1774046079089
gate,bybit,BRUSDT,0.05683,0.05665,-0.3167,1774046079390
