spot_exch,fut_exch,symbol,ask_spot,bid_futures,spread_pct,ts
gate,binance,QUSDT,0.012921,0.0129330,0.0929,1774044602000
gate,binance,QUSDT,0.012919,0.0129340,0.1161,1774044608000
gate,binance,QUSDT,0.012912,0.0129380,0.2014,1774044616000
gate,binance,QUSDT,0.012899,0.0129200,0.1628,1774044638000
gate,binance,QUSDT,0.012921,0.0129130,-0.0619,1774044672000
gate,binance,QUSDT,0.012901,0.0129150,0.1085,1774044715000
gate,binance,QUSDT,0.012901,0.0129140,0.1008,1774044716000
gate,binance,QUSDT,0.012893,0.0129030,0.0776,1774044717000
gate,binance,QUSDT,0.012893,0.0129060,0.1008,1774044720000
gate,binance,QUSDT,0.012921,0.0129090,-0.0929,1774044721000
gate,binance,QUSDT,0.012893,0.0129090,0.1241,1774044722000
gate,binance,QUSDT,0.01289,0.0129080,0.1396,1774044723000
gate,binance,QUSDT,0.012889,0.0129080,0.1474,1774044724000
gate,binance,QUSDT,0.012921,0.0129080,-0.1006,1774044725000
gate,binance,QUSDT,0.012896,0.0129100,0.1086,1774044726000
gate,binance,QUSDT,0.01289,0.0129100,0.1552,1774044727000
gate,binance,QUSDT,0.012894,0.0129120,0.1396,1774044728000
gate,binance,QUSDT,0.012892,0.0129120,0.1551,1774044729000
gate,binance,QUSDT,0.01289,0.0129120,0.1707,1774044730000
gate,binance,QUSDT,0.012889,0.0129080,0.1474,1774044733000
gate,binance,QUSDT,0.01289,0.0129080,0.1396,1774044744000
gate,binance,QUSDT,0.012887,0.0129080,0.163,1774044745000
gate,binance,QUSDT,0.012885,0.0129070,0.1707,1774044746000
gate,binance,QUSDT,0.012886,0.0129040,0.1397,1774044756000
gate,binance,QUSDT,0.01289,0.0129060,0.1241,1774044780000
gate,binance,QUSDT,0.01289,0.0129110,0.1629,1774044782000
gate,binance,QUSDT,0.012908,0.0129100,0.0155,1774044795000
gate,binance,QUSDT,0.01289,0.0129030,0.1009,1774044796000
gate,binance,QUSDT,0.012892,0.0129050,0.1008,1774044803000
gate,binance,QUSDT,0.012884,0.0129020,0.1397,1774044829000
gate,binance,QUSDT,0.012753,0.0129030,1.1762,1774044829543
gate,binance,QUSDT,0.012744,0.0129030,1.2476,1774044829859
gate,binance,QUSDT,0.012816,0.0129030,0.6788,1774044830165
gate,binance,QUSDT,0.012758,0.0129030,1.1365,1774044830472
gate,binance,QUSDT,0.012757,0.0129030,1.1445,1774044830775
gate,binance,QUSDT,0.012758,0.0129030,1.1365,1774044831081
gate,binance,QUSDT,0.012772,0.0129030,1.0257,1774044831386
gate,binance,QUSDT,0.012765,0.0129030,1.0811,1774044831688
gate,binance,QUSDT,0.012758,0.0129030,1.1365,1774044831995
gate,binance,QUSDT,0.012758,0.0129030,1.1365,1774044832300
gate,binance,QUSDT,0.012744,0.0129030,1.2476,1774044832619
gate,binance,QUSDT,0.012744,0.0129030,1.2476,1774044832929
gate,binance,QUSDT,0.012753,0.0128990,1.1448,1774044833239
gate,binance,QUSDT,0.012753,0.0128990,1.1448,1774044833545
gate,binance,QUSDT,0.012769,0.0128990,1.0181,1774044833850
gate,binance,QUSDT,0.012761,0.0128990,1.0814,1774044834157
gate,binance,QUSDT,0.012761,0.0128990,1.0814,1774044834463
gate,binance,QUSDT,0.012761,0.0128990,1.0814,1774044834782
gate,binance,QUSDT,0.012761,0.0128990,1.0814,1774044835090
gate,binance,QUSDT,0.012761,0.0127580,-0.0235,1774044835403
gate,binance,QUSDT,0.012761,0.0127900,0.2273,1774044835720
gate,binance,QUSDT,0.012761,0.0127730,0.094,1774044836032
gate,binance,QUSDT,0.012761,0.0127780,0.1332,1774044836339
gate,binance,QUSDT,0.012761,0.0127780,0.1332,1774044836640
gate,binance,QUSDT,0.012761,0.0127780,0.1332,1774044836940
gate,binance,QUSDT,0.012761,0.0127780,0.1332,1774044837240
gate,binance,QUSDT,0.012761,0.0127780,0.1332,1774044837540
gate,binance,QUSDT,0.012761,0.0127780,0.1332,1774044837843
gate,binance,QUSDT,0.012761,0.0127780,0.1332,1774044838143
gate,binance,QUSDT,0.012761,0.0127780,0.1332,1774044838444
gate,binance,QUSDT,0.012761,0.0127780,0.1332,1774044838744
gate,binance,QUSDT,0.012761,0.0127730,0.094,1774044839052
gate,binance,QUSDT,0.012761,0.0127750,0.1097,1774044839352
gate,binance,QUSDT,0.012734,0.0127700,0.2827,1774044839655
gate,binance,QUSDT,0.012734,0.0127700,0.2827,1774044839955
gate,binance,QUSDT,0.012734,0.0127700,0.2827,1774044840267
gate,binance,QUSDT,0.012735,0.0127710,0.2827,1774044840574
gate,binance,QUSDT,0.012732,0.0127710,0.3063,1774044840886
gate,binance,QUSDT,0.012732,0.0127660,0.267,1774044841191
gate,binance,QUSDT,0.012732,0.0127650,0.2592,1774044841498
gate,binance,QUSDT,0.012732,0.0127630,0.2435,1774044841803
gate,binance,QUSDT,0.012735,0.0127630,0.2199,1774044842108
gate,binance,QUSDT,0.012721,0.0127630,0.3302,1774044842414
gate,binance,QUSDT,0.012734,0.0127630,0.2277,1774044842718
gate,binance,QUSDT,0.012721,0.0127630,0.3302,1774044843025
gate,binance,QUSDT,0.012735,0.0127630,0.2199,1774044843328
gate,binance,QUSDT,0.012735,0.0127650,0.2356,1774044843633
gate,binance,QUSDT,0.012735,0.0127650,0.2356,1774044843936
gate,binance,QUSDT,0.012734,0.0127650,0.2434,1774044844238
gate,binance,QUSDT,0.012734,0.0127650,0.2434,1774044844554
gate,binance,QUSDT,0.012734,0.0127650,0.2434,1774044844857
gate,binance,QUSDT,0.012734,0.0127650,0.2434,1774044845157
gate,binance,QUSDT,0.012734,0.0127650,0.2434,1774044845467
gate,binance,QUSDT,0.012734,0.0127610,0.212,1774044845768
gate,binance,QUSDT,0.012734,0.0127610,0.212,1774044846068
gate,binance,QUSDT,0.012734,0.0127610,0.212,1774044846368
gate,binance,QUSDT,0.012734,0.0127610,0.212,1774044846668
gate,binance,QUSDT,0.012734,0.0127610,0.212,1774044846968
gate,binance,QUSDT,0.012734,0.0127610,0.212,1774044847268
gate,binance,QUSDT,0.012734,0.0127610,0.212,1774044847570
gate,binance,QUSDT,0.012734,0.0127610,0.212,1774044847871
gate,binance,QUSDT,0.012734,0.0127610,0.212,1774044848171
gate,binance,QUSDT,0.012734,0.0127610,0.212,1774044848482
gate,binance,QUSDT,0.012735,0.0127610,0.2042,1774044848792
gate,binance,QUSDT,0.012735,0.0127640,0.2277,1774044849093
gate,binance,QUSDT,0.012735,0.0127630,0.2199,1774044849393
gate,binance,QUSDT,0.012734,0.0127630,0.2277,1774044849693
gate,binance,QUSDT,0.012734,0.0127630,0.2277,1774044849995
gate,binance,QUSDT,0.012734,0.0127630,0.2277,1774044850304
gate,binance,QUSDT,0.012734,0.0127630,0.2277,1774044850609
gate,binance,QUSDT,0.012734,0.0127630,0.2277,1774044850909
gate,binance,QUSDT,0.012734,0.0127630,0.2277,1774044851213
gate,binance,QUSDT,0.012734,0.0127630,0.2277,1774044851517
gate,binance,QUSDT,0.012734,0.0127630,0.2277,1774044851819
gate,binance,QUSDT,0.012734,0.0127630,0.2277,1774044852121
gate,binance,QUSDT,0.012734,0.0127630,0.2277,1774044852428
gate,binance,QUSDT,0.012734,0.0127610,0.212,1774044852728
gate,binance,QUSDT,0.012734,0.0127610,0.212,1774044853032
gate,binance,QUSDT,0.012734,0.0127610,0.212,1774044853332
gate,binance,QUSDT,0.012734,0.0127610,0.212,1774044853632
gate,binance,QUSDT,0.012734,0.0127610,0.212,1774044853932
gate,binance,QUSDT,0.012729,0.0127620,0.2593,1774044854233
gate,binance,QUSDT,0.012735,0.0127630,0.2199,1774044854534
gate,binance,QUSDT,0.012735,0.0127630,0.2199,1774044854834
gate,binance,QUSDT,0.012735,0.0127630,0.2199,1774044855134
gate,binance,QUSDT,0.012735,0.0127630,0.2199,1774044855434
gate,binance,QUSDT,0.012735,0.0127630,0.2199,1774044855734
gate,binance,QUSDT,0.012735,0.0127640,0.2277,1774044856035
gate,binance,QUSDT,0.012735,0.0127640,0.2277,1774044856335
gate,binance,QUSDT,0.012735,0.0127640,0.2277,1774044856635
gate,binance,QUSDT,0.012735,0.0127640,0.2277,1774044856939
gate,binance,QUSDT,0.012735,0.0127640,0.2277,1774044857239
gate,binance,QUSDT,0.012735,0.0127640,0.2277,1774044857539
gate,binance,QUSDT,0.012735,0.0127640,0.2277,1774044857839
gate,binance,QUSDT,0.012735,0.0127640,0.2277,1774044858139
gate,binance,QUSDT,0.012735,0.0127640,0.2277,1774044858441
gate,binance,QUSDT,0.012735,0.0127640,0.2277,1774044858742
gate,binance,QUSDT,0.012735,0.0127640,0.2277,1774044859042
gate,binance,QUSDT,0.012735,0.0127640,0.2277,1774044859342
gate,binance,QUSDT,0.012735,0.0127640,0.2277,1774044859642
gate,binance,QUSDT,0.012734,0.0127640,0.2356,1774044859942
gate,binance,QUSDT,0.012734,0.0127640,0.2356,1774044860243
gate,binance,QUSDT,0.012734,0.0127640,0.2356,1774044860543
gate,binance,QUSDT,0.012734,0.0127650,0.2434,1774044860843
gate,binance,QUSDT,0.012734,0.0127650,0.2434,1774044861144
gate,binance,QUSDT,0.012734,0.0127650,0.2434,1774044861444
gate,binance,QUSDT,0.012734,0.0127630,0.2277,1774044861744
gate,binance,QUSDT,0.012734,0.0127630,0.2277,1774044862044
gate,binance,QUSDT,0.012734,0.0127630,0.2277,1774044862344
gate,binance,QUSDT,0.012734,0.0127630,0.2277,1774044862644
gate,binance,QUSDT,0.012734,0.0127630,0.2277,1774044862945
gate,binance,QUSDT,0.012734,0.0127620,0.2199,1774044863245
gate,binance,QUSDT,0.012734,0.0127610,0.212,1774044863545
gate,binance,QUSDT,0.012734,0.0127610,0.212,1774044863845
gate,binance,QUSDT,0.012734,0.0127600,0.2042,1774044864145
gate,binance,QUSDT,0.012734,0.0127580,0.1885,1774044864445
gate,binance,QUSDT,0.012734,0.0127580,0.1885,1774044864746
gate,binance,QUSDT,0.012734,0.0127570,0.1806,1774044865046
gate,binance,QUSDT,0.012734,0.0127570,0.1806,1774044865346
gate,binance,QUSDT,0.012734,0.0127570,0.1806,1774044865646
gate,binance,QUSDT,0.012734,0.0127570,0.1806,1774044865946
gate,binance,QUSDT,0.012734,0.0127570,0.1806,1774044866246
gate,binance,QUSDT,0.012734,0.0127570,0.1806,1774044866547
gate,binance,QUSDT,0.012734,0.0127570,0.1806,1774044866848
gate,binance,QUSDT,0.012734,0.0127570,0.1806,1774044867148
gate,binance,QUSDT,0.012734,0.0127570,0.1806,1774044867448
gate,binance,QUSDT,0.012734,0.0127570,0.1806,1774044867748
gate,binance,QUSDT,0.012734,0.0127570,0.1806,1774044868049
gate,binance,QUSDT,0.012734,0.0127570,0.1806,1774044868349
gate,binance,QUSDT,0.012734,0.0127570,0.1806,1774044868649
gate,binance,QUSDT,0.012734,0.0127570,0.1806,1774044868949
gate,binance,QUSDT,0.012734,0.0127560,0.1728,1774044869257
gate,binance,QUSDT,0.012734,0.0127560,0.1728,1774044869562
gate,binance,QUSDT,0.012734,0.0127560,0.1728,1774044869878
gate,binance,QUSDT,0.012734,0.0127560,0.1728,1774044870189
gate,binance,QUSDT,0.012734,0.0127560,0.1728,1774044870495
gate,binance,QUSDT,0.012734,0.0127560,0.1728,1774044870803
gate,binance,QUSDT,0.012734,0.0127560,0.1728,1774044871115
gate,binance,QUSDT,0.012734,0.0127520,0.1414,1774044871418
gate,binance,QUSDT,0.012734,0.0127520,0.1414,1774044871721
gate,binance,QUSDT,0.012734,0.0127510,0.1335,1774044872025
gate,binance,QUSDT,0.012734,0.0127510,0.1335,1774044872325
gate,binance,QUSDT,0.012734,0.0127510,0.1335,1774044872625
gate,binance,QUSDT,0.012734,0.0127510,0.1335,1774044872927
gate,binance,QUSDT,0.012734,0.0127510,0.1335,1774044873228
gate,binance,QUSDT,0.012734,0.0127510,0.1335,1774044873529
gate,binance,QUSDT,0.012734,0.0127510,0.1335,1774044873830
gate,binance,QUSDT,0.012734,0.0127510,0.1335,1774044874130
gate,binance,QUSDT,0.012734,0.0127510,0.1335,1774044874438
gate,binance,QUSDT,0.012734,0.0127510,0.1335,1774044874738
gate,binance,QUSDT,0.012734,0.0127510,0.1335,1774044875038
gate,binance,QUSDT,0.012734,0.0127530,0.1492,1774044875339
gate,binance,QUSDT,0.012734,0.0127530,0.1492,1774044875639
gate,binance,QUSDT,0.012734,0.0127550,0.1649,1774044875940
gate,binance,QUSDT,0.012734,0.0127550,0.1649,1774044876240
gate,binance,QUSDT,0.012734,0.0127550,0.1649,1774044876540
gate,binance,QUSDT,0.012734,0.0127510,0.1335,1774044876840
gate,binance,QUSDT,0.012734,0.0127510,0.1335,1774044877148
gate,binance,QUSDT,0.012734,0.0127510,0.1335,1774044877449
gate,binance,QUSDT,0.012734,0.0127510,0.1335,1774044877749
gate,binance,QUSDT,0.012734,0.0127510,0.1335,1774044878049
gate,binance,QUSDT,0.012734,0.0127510,0.1335,1774044878350
gate,binance,QUSDT,0.012734,0.0127510,0.1335,1774044878650
gate,binance,QUSDT,0.012734,0.0127510,0.1335,1774044878950
gate,binance,QUSDT,0.012734,0.0127510,0.1335,1774044879251
gate,binance,QUSDT,0.012734,0.0127500,0.1256,1774044879551
gate,binance,QUSDT,0.012734,0.0127460,0.0942,1774044879852
gate,binance,QUSDT,0.012734,0.0127460,0.0942,1774044880152
gate,binance,QUSDT,0.012734,0.0127460,0.0942,1774044880452
gate,binance,QUSDT,0.012734,0.0127470,0.1021,1774044880752
gate,binance,QUSDT,0.012734,0.0127470,0.1021,1774044881053
gate,binance,QUSDT,0.012734,0.0127470,0.1021,1774044881353
gate,binance,QUSDT,0.012734,0.0127470,0.1021,1774044881653
gate,binance,QUSDT,0.012734,0.0127470,0.1021,1774044881953
gate,binance,QUSDT,0.012734,0.0127470,0.1021,1774044882255
gate,binance,QUSDT,0.012734,0.0127470,0.1021,1774044882567
gate,binance,QUSDT,0.012734,0.0127470,0.1021,1774044882867
gate,binance,QUSDT,0.012734,0.0127470,0.1021,1774044883167
gate,binance,QUSDT,0.012734,0.0127470,0.1021,1774044883467
gate,binance,QUSDT,0.012734,0.0127450,0.0864,1774044883768
gate,binance,QUSDT,0.012734,0.0127450,0.0864,1774044884068
gate,binance,QUSDT,0.012734,0.0127450,0.0864,1774044884368
gate,binance,QUSDT,0.012734,0.0127470,0.1021,1774044884668
gate,binance,QUSDT,0.012734,0.0127470,0.1021,1774044884969
gate,binance,QUSDT,0.012734,0.0127470,0.1021,1774044885269
gate,binance,QUSDT,0.012734,0.0127470,0.1021,1774044885569
gate,binance,QUSDT,0.012734,0.0127470,0.1021,1774044885869
gate,binance,QUSDT,0.012734,0.0127470,0.1021,1774044886169
gate,binance,QUSDT,0.012734,0.0127470,0.1021,1774044886489
gate,binance,QUSDT,0.012734,0.0127470,0.1021,1774044886802
gate,binance,QUSDT,0.012734,0.0127470,0.1021,1774044887116
gate,binance,QUSDT,0.012734,0.0127480,0.1099,1774044887424
gate,binance,QUSDT,0.012734,0.0127480,0.1099,1774044887734
gate,binance,QUSDT,0.012734,0.0127480,0.1099,1774044888042
gate,binance,QUSDT,0.012734,0.0127480,0.1099,1774044888349
gate,binance,QUSDT,0.012734,0.0127480,0.1099,1774044888663
gate,binance,QUSDT,0.012734,0.0127490,0.1178,1774044888969
gate,binance,QUSDT,0.012734,0.0127490,0.1178,1774044889276
gate,binance,QUSDT,0.012722,0.0127490,0.2122,1774044889581
gate,binance,QUSDT,0.012714,0.0127490,0.2753,1774044889886
gate,binance,QUSDT,0.012714,0.0127440,0.236,1774044890186
gate,binance,QUSDT,0.012714,0.0127440,0.236,1774044890486
gate,binance,QUSDT,0.012714,0.0127450,0.2438,1774044890787
gate,binance,QUSDT,0.012714,0.0127450,0.2438,1774044891087
gate,binance,QUSDT,0.012732,0.0127450,0.1021,1774044891387
gate,binance,QUSDT,0.012732,0.0127470,0.1178,1774044891687
gate,binance,QUSDT,0.012732,0.0127470,0.1178,1774044891988
gate,binance,QUSDT,0.012732,0.0127470,0.1178,1774044892289
gate,binance,QUSDT,0.012732,0.0127470,0.1178,1774044892590
gate,binance,QUSDT,0.012732,0.0127470,0.1178,1774044892890
gate,binance,QUSDT,0.012732,0.0127470,0.1178,1774044893190
gate,binance,QUSDT,0.012732,0.0127470,0.1178,1774044893490
gate,binance,QUSDT,0.012732,0.0127460,0.11,1774044893791
gate,binance,QUSDT,0.012732,0.0127460,0.11,1774044894106
gate,binance,QUSDT,0.012732,0.0127460,0.11,1774044894419
gate,binance,QUSDT,0.012732,0.0127460,0.11,1774044894722
gate,binance,QUSDT,0.012732,0.0127460,0.11,1774044895026
gate,binance,QUSDT,0.012732,0.0127460,0.11,1774044895333
gate,binance,QUSDT,0.012732,0.0127460,0.11,1774044895633
gate,binance,QUSDT,0.012732,0.0127460,0.11,1774044895933
gate,binance,QUSDT,0.012732,0.0127460,0.11,1774044896234
gate,binance,QUSDT,0.012732,0.0127460,0.11,1774044896535
gate,binance,QUSDT,0.012732,0.0127460,0.11,1774044896835
gate,binance,QUSDT,0.012732,0.0127460,0.11,1774044897136
gate,binance,QUSDT,0.012732,0.0127460,0.11,1774044897450
gate,binance,QUSDT,0.012732,0.0127460,0.11,1774044897760
gate,binance,QUSDT,0.012732,0.0127460,0.11,1774044898076
gate,binance,QUSDT,0.012732,0.0127460,0.11,1774044898389
gate,binance,QUSDT,0.012732,0.0127460,0.11,1774044898697
gate,binance,QUSDT,0.012732,0.0127460,0.11,1774044899025
gate,binance,QUSDT,0.012732,0.0127460,0.11,1774044899334
gate,binance,QUSDT,0.012722,0.0127470,0.1965,1774044899642
gate,binance,QUSDT,0.012722,0.0127470,0.1965,1774044899951
gate,binance,QUSDT,0.012734,0.0127460,0.0942,1774044900262
gate,binance,QUSDT,0.012732,0.0127460,0.11,1774044900575
gate,binance,QUSDT,0.012732,0.0127460,0.11,1774044900880
gate,binance,QUSDT,0.012732,0.0127460,0.11,1774044901198
gate,binance,QUSDT,0.012734,0.0127460,0.0942,1774044901508
gate,binance,QUSDT,0.012734,0.0127460,0.0942,1774044901824
gate,binance,QUSDT,0.012734,0.0127460,0.0942,1774044902132
gate,binance,QUSDT,0.012734,0.0127460,0.0942,1774044902445
gate,binance,QUSDT,0.012734,0.0127470,0.1021,1774044902751
gate,binance,QUSDT,0.012734,0.0127500,0.1256,1774044903063
gate,binance,QUSDT,0.012735,0.0127500,0.1178,1774044903373
gate,binance,QUSDT,0.012735,0.0127510,0.1256,1774044903676
gate,binance,QUSDT,0.012735,0.0127510,0.1256,1774044903982
gate,binance,QUSDT,0.012735,0.0127530,0.1413,1774044904286
gate,binance,QUSDT,0.012735,0.0127530,0.1413,1774044904586
gate,binance,QUSDT,0.012735,0.0127530,0.1413,1774044904886
gate,binance,QUSDT,0.012735,0.0127550,0.157,1774044905186
gate,binance,QUSDT,0.012735,0.0127570,0.1728,1774044905486
gate,binance,QUSDT,0.012735,0.0127570,0.1728,1774044905786
gate,binance,QUSDT,0.012735,0.0127570,0.1728,1774044906087
gate,binance,QUSDT,0.012735,0.0127570,0.1728,1774044906388
gate,binance,QUSDT,0.012735,0.0127570,0.1728,1774044906688
gate,binance,QUSDT,0.012735,0.0127570,0.1728,1774044906988
gate,binance,QUSDT,0.012735,0.0127570,0.1728,1774044907288
gate,binance,QUSDT,0.012735,0.0127570,0.1728,1774044907589
gate,binance,QUSDT,0.012735,0.0127570,0.1728,1774044907904
gate,binance,QUSDT,0.012735,0.0127570,0.1728,1774044908213
gate,binance,QUSDT,0.012735,0.0127570,0.1728,1774044908525
gate,binance,QUSDT,0.012735,0.0127570,0.1728,1774044908833
gate,binance,QUSDT,0.012735,0.0127570,0.1728,1774044909144
gate,binance,QUSDT,0.012735,0.0127570,0.1728,1774044909453
gate,binance,QUSDT,0.012734,0.0127570,0.1806,1774044909759
gate,binance,QUSDT,0.012725,0.0127580,0.2593,1774044910060
gate,binance,QUSDT,0.012725,0.0127580,0.2593,1774044910362
gate,binance,QUSDT,0.012725,0.0127580,0.2593,1774044910663
gate,binance,QUSDT,0.012725,0.0127580,0.2593,1774044910963
gate,binance,QUSDT,0.012725,0.0127590,0.2672,1774044911263
gate,binance,QUSDT,0.012725,0.0127590,0.2672,1774044911563
gate,binance,QUSDT,0.012725,0.0127590,0.2672,1774044911863
gate,binance,QUSDT,0.012725,0.0127590,0.2672,1774044912164
gate,binance,QUSDT,0.012725,0.0127590,0.2672,1774044912464
gate,binance,QUSDT,0.012725,0.0127590,0.2672,1774044912764
gate,binance,QUSDT,0.012725,0.0127590,0.2672,1774044913065
gate,binance,QUSDT,0.012725,0.0127590,0.2672,1774044913365
gate,binance,QUSDT,0.012725,0.0127590,0.2672,1774044913672
gate,binance,QUSDT,0.012725,0.0127590,0.2672,1774044913973
gate,binance,QUSDT,0.012725,0.0127590,0.2672,1774044914273
gate,binance,QUSDT,0.012725,0.0127590,0.2672,1774044914573
gate,binance,QUSDT,0.012725,0.0127590,0.2672,1774044914874
gate,binance,QUSDT,0.012725,0.0127590,0.2672,1774044915174
gate,binance,QUSDT,0.012725,0.0127590,0.2672,1774044915474
gate,binance,QUSDT,0.012725,0.0127590,0.2672,1774044915775
gate,binance,QUSDT,0.012725,0.0127590,0.2672,1774044916075
gate,binance,QUSDT,0.012725,0.0127590,0.2672,1774044916376
gate,binance,QUSDT,0.012725,0.0127590,0.2672,1774044916676
gate,binance,QUSDT,0.012725,0.0127590,0.2672,1774044916976
gate,binance,QUSDT,0.012725,0.0127590,0.2672,1774044917276
gate,binance,QUSDT,0.012725,0.0127590,0.2672,1774044917577
gate,binance,QUSDT,0.012725,0.0127590,0.2672,1774044917877
gate,binance,QUSDT,0.012725,0.0127590,0.2672,1774044918178
gate,binance,QUSDT,0.012725,0.0127590,0.2672,1774044918478
gate,binance,QUSDT,0.012725,0.0127590,0.2672,1774044918793
gate,binance,QUSDT,0.012725,0.0127590,0.2672,1774044919111
gate,binance,QUSDT,0.012725,0.0127590,0.2672,1774044919421
gate,binance,QUSDT,0.012725,0.0127590,0.2672,1774044919736
gate,binance,QUSDT,0.012725,0.0127590,0.2672,1774044920049
gate,binance,QUSDT,0.012725,0.0127590,0.2672,1774044920362
gate,binance,QUSDT,0.012725,0.0127590,0.2672,1774044920673
gate,binance,QUSDT,0.012725,0.0127590,0.2672,1774044920979
gate,binance,QUSDT,0.012725,0.0127590,0.2672,1774044921284
gate,binance,QUSDT,0.012725,0.0127590,0.2672,1774044921591
gate,binance,QUSDT,0.012725,0.0127590,0.2672,1774044921898
gate,binance,QUSDT,0.012725,0.0127590,0.2672,1774044922202
gate,binance,QUSDT,0.012725,0.0127590,0.2672,1774044922509
gate,binance,QUSDT,0.012725,0.0127560,0.2436,1774044922814
gate,binance,QUSDT,0.012725,0.0127560,0.2436,1774044923124
gate,binance,QUSDT,0.012725,0.0127560,0.2436,1774044923427
gate,binance,QUSDT,0.012725,0.0127560,0.2436,1774044923729
gate,binance,QUSDT,0.012725,0.0127560,0.2436,1774044924030
gate,binance,QUSDT,0.012725,0.0127560,0.2436,1774044924339
gate,binance,QUSDT,0.012725,0.0127590,0.2672,1774044924640
gate,binance,QUSDT,0.012725,0.0127590,0.2672,1774044924940
gate,binance,QUSDT,0.012725,0.0127590,0.2672,1774044925240
gate,binance,QUSDT,0.012725,0.0127590,0.2672,1774044925540
gate,binance,QUSDT,0.012725,0.0127590,0.2672,1774044925840
gate,binance,QUSDT,0.012725,0.0127590,0.2672,1774044926140
gate,binance,QUSDT,0.012725,0.0127590,0.2672,1774044926441
gate,binance,QUSDT,0.012725,0.0127590,0.2672,1774044926741
gate,binance,QUSDT,0.012725,0.0127590,0.2672,1774044927042
gate,binance,QUSDT,0.012725,0.0127590,0.2672,1774044927343
gate,binance,QUSDT,0.012725,0.0127590,0.2672,1774044927643
gate,binance,QUSDT,0.012725,0.0127590,0.2672,1774044927944
gate,binance,QUSDT,0.012725,0.0127590,0.2672,1774044928244
gate,binance,QUSDT,0.012725,0.0127590,0.2672,1774044928544
gate,binance,QUSDT,0.012725,0.0127590,0.2672,1774044928845
gate,binance,QUSDT,0.012725,0.0127590,0.2672,1774044929146
gate,binance,QUSDT,0.012725,0.0127590,0.2672,1774044929446
gate,binance,QUSDT,0.012722,0.0127530,0.2437,1774044929746
gate,binance,QUSDT,0.012713,0.0127500,0.291,1774044930047
gate,binance,QUSDT,0.012713,0.0127500,0.291,1774044930347
gate,binance,QUSDT,0.012713,0.0127490,0.2832,1774044930648
gate,binance,QUSDT,0.012713,0.0127490,0.2832,1774044930948
gate,binance,QUSDT,0.012734,0.0127490,0.1178,1774044931250
gate,binance,QUSDT,0.012734,0.0127490,0.1178,1774044931550
gate,binance,QUSDT,0.012734,0.0127480,0.1099,1774044931850
gate,binance,QUSDT,0.012723,0.0127460,0.1808,1774044932151
gate,binance,QUSDT,0.012723,0.0127460,0.1808,1774044932454
gate,binance,QUSDT,0.012723,0.0127460,0.1808,1774044932754
gate,binance,QUSDT,0.012723,0.0127470,0.1886,1774044933056
gate,binance,QUSDT,0.012723,0.0127470,0.1886,1774044933356
gate,binance,QUSDT,0.012723,0.0127480,0.1965,1774044933665
gate,binance,QUSDT,0.012723,0.0127480,0.1965,1774044933965
gate,binance,QUSDT,0.012723,0.0127480,0.1965,1774044934265
gate,binance,QUSDT,0.012723,0.0127480,0.1965,1774044934565
gate,binance,QUSDT,0.012723,0.0127480,0.1965,1774044934865
gate,binance,QUSDT,0.012723,0.0127480,0.1965,1774044935166
gate,binance,QUSDT,0.012723,0.0127490,0.2044,1774044935466
gate,binance,QUSDT,0.012723,0.0127490,0.2044,1774044935766
gate,binance,QUSDT,0.012723,0.0127490,0.2044,1774044936066
gate,binance,QUSDT,0.012723,0.0127490,0.2044,1774044936375
gate,binance,QUSDT,0.012723,0.0127490,0.2044,1774044936675
gate,binance,QUSDT,0.012723,0.0127490,0.2044,1774044936975
gate,binance,QUSDT,0.012723,0.0127490,0.2044,1774044937275
gate,binance,QUSDT,0.012723,0.0127490,0.2044,1774044937576
gate,binance,QUSDT,0.012723,0.0127490,0.2044,1774044937876
gate,binance,QUSDT,0.012723,0.0127490,0.2044,1774044938181
gate,binance,QUSDT,0.012723,0.0127490,0.2044,1774044938481
gate,binance,QUSDT,0.012723,0.0127490,0.2044,1774044938781
gate,binance,QUSDT,0.012723,0.0127490,0.2044,1774044939082
gate,binance,QUSDT,0.012723,0.0127490,0.2044,1774044939382
gate,binance,QUSDT,0.012724,0.0127460,0.1729,1774044939682
gate,binance,QUSDT,0.012715,0.0127460,0.2438,1774044939982
gate,binance,QUSDT,0.012715,0.0127460,0.2438,1774044940283
gate,binance,QUSDT,0.012715,0.0127460,0.2438,1774044940583
gate,binance,QUSDT,0.012715,0.0127460,0.2438,1774044940883
gate,binance,QUSDT,0.012715,0.0127460,0.2438,1774044941183
gate,binance,QUSDT,0.012715,0.0127460,0.2438,1774044941486
gate,binance,QUSDT,0.012715,0.0127460,0.2438,1774044941786
gate,binance,QUSDT,0.012732,0.0127460,0.11,1774044942086
gate,binance,QUSDT,0.012732,0.0127460,0.11,1774044942386
gate,binance,QUSDT,0.012732,0.0127460,0.11,1774044942686
gate,binance,QUSDT,0.012732,0.0127460,0.11,1774044942986
gate,binance,QUSDT,0.012732,0.0127460,0.11,1774044943286
gate,binance,QUSDT,0.012732,0.0127460,0.11,1774044943587
gate,binance,QUSDT,0.012732,0.0127460,0.11,1774044943887
gate,binance,QUSDT,0.012732,0.0127460,0.11,1774044944187
gate,binance,QUSDT,0.012732,0.0127460,0.11,1774044944487
gate,binance,QUSDT,0.012732,0.0127460,0.11,1774044944788
gate,binance,QUSDT,0.012732,0.0127460,0.11,1774044945088
gate,binance,QUSDT,0.012732,0.0127460,0.11,1774044945388
gate,binance,QUSDT,0.012732,0.0127460,0.11,1774044945690
gate,binance,QUSDT,0.012732,0.0127460,0.11,1774044945990
gate,binance,QUSDT,0.012732,0.0127460,0.11,1774044946291
gate,binance,QUSDT,0.012732,0.0127460,0.11,1774044946592
gate,binance,QUSDT,0.012732,0.0127460,0.11,1774044946893
gate,binance,QUSDT,0.012732,0.0127460,0.11,1774044947193
gate,binance,QUSDT,0.012732,0.0127460,0.11,1774044947493
gate,binance,QUSDT,0.012732,0.0127460,0.11,1774044947793
gate,binance,QUSDT,0.012732,0.0127460,0.11,1774044948094
gate,binance,QUSDT,0.012732,0.0127460,0.11,1774044948395
gate,binance,QUSDT,0.012732,0.0127460,0.11,1774044948700
gate,binance,QUSDT,0.012732,0.0127460,0.11,1774044949003
gate,binance,QUSDT,0.012732,0.0127460,0.11,1774044949308
gate,binance,QUSDT,0.012724,0.0127460,0.1729,1774044949608
gate,binance,QUSDT,0.012724,0.0127460,0.1729,1774044949908
gate,binance,QUSDT,0.012724,0.0127450,0.165,1774044950211
gate,binance,QUSDT,0.012724,0.0127450,0.165,1774044950517
gate,binance,QUSDT,0.012724,0.0127450,0.165,1774044950819
gate,binance,QUSDT,0.012724,0.0127450,0.165,1774044951123
gate,binance,QUSDT,0.012724,0.0127450,0.165,1774044951425
gate,binance,QUSDT,0.012724,0.0127450,0.165,1774044951726
gate,binance,QUSDT,0.012724,0.0127450,0.165,1774044952026
gate,binance,QUSDT,0.012724,0.0127450,0.165,1774044952328
gate,binance,QUSDT,0.012724,0.0127450,0.165,1774044952628
gate,binance,QUSDT,0.012724,0.0127450,0.165,1774044952929
gate,binance,QUSDT,0.012724,0.0127450,0.165,1774044953238
gate,binance,QUSDT,0.012724,0.0127450,0.165,1774044953538
gate,binance,QUSDT,0.012724,0.0127450,0.165,1774044953838
gate,binance,QUSDT,0.012724,0.0127450,0.165,1774044954138
gate,binance,QUSDT,0.012724,0.0127450,0.165,1774044954440
gate,binance,QUSDT,0.012724,0.0127450,0.165,1774044954740
gate,binance,QUSDT,0.012724,0.0127450,0.165,1774044955041
gate,binance,QUSDT,0.012724,0.0127450,0.165,1774044955342
gate,binance,QUSDT,0.012724,0.0127450,0.165,1774044955642
gate,binance,QUSDT,0.012724,0.0127450,0.165,1774044955942
gate,binance,QUSDT,0.012724,0.0127450,0.165,1774044956242
gate,binance,QUSDT,0.012724,0.0127450,0.165,1774044956542
gate,binance,QUSDT,0.012724,0.0127470,0.1808,1774044956843
gate,binance,QUSDT,0.012724,0.0127470,0.1808,1774044957143
gate,binance,QUSDT,0.012724,0.0127470,0.1808,1774044957443
gate,binance,QUSDT,0.012724,0.0127470,0.1808,1774044957743
gate,binance,QUSDT,0.012724,0.0127470,0.1808,1774044958043
gate,binance,QUSDT,0.012724,0.0127470,0.1808,1774044958344
gate,binance,QUSDT,0.012724,0.0127470,0.1808,1774044958645
gate,binance,QUSDT,0.012724,0.0127470,0.1808,1774044958945
gate,binance,QUSDT,0.012724,0.0127470,0.1808,1774044959245
gate,binance,QUSDT,0.012715,0.0127440,0.2281,1774044959546
gate,binance,QUSDT,0.012715,0.0127440,0.2281,1774044959846
gate,binance,QUSDT,0.012715,0.0127460,0.2438,1774044960146
gate,binance,QUSDT,0.012715,0.0127480,0.2595,1774044960454
gate,binance,QUSDT,0.012715,0.0127490,0.2674,1774044960764
gate,binance,QUSDT,0.012715,0.0127500,0.2753,1774044961069
gate,binance,QUSDT,0.012715,0.0127500,0.2753,1774044961371
gate,binance,QUSDT,0.012715,0.0127500,0.2753,1774044961672
gate,binance,QUSDT,0.012715,0.0127500,0.2753,1774044961973
gate,binance,QUSDT,0.012715,0.0127480,0.2595,1774044962273
gate,binance,QUSDT,0.012715,0.0127490,0.2674,1774044962573
gate,binance,QUSDT,0.012715,0.0127490,0.2674,1774044962873
gate,binance,QUSDT,0.012715,0.0127490,0.2674,1774044963177
gate,binance,QUSDT,0.012715,0.0127490,0.2674,1774044963477
gate,binance,QUSDT,0.012715,0.0127490,0.2674,1774044963777
gate,binance,QUSDT,0.012715,0.0127490,0.2674,1774044964077
gate,binance,QUSDT,0.012715,0.0127490,0.2674,1774044964377
gate,binance,QUSDT,0.012715,0.0127490,0.2674,1774044964678
gate,binance,QUSDT,0.012715,0.0127490,0.2674,1774044964978
gate,binance,QUSDT,0.012715,0.0127490,0.2674,1774044965279
gate,binance,QUSDT,0.012715,0.0127490,0.2674,1774044965580
gate,binance,QUSDT,0.012715,0.0127510,0.2831,1774044965880
gate,binance,QUSDT,0.012715,0.0127510,0.2831,1774044966180
gate,binance,QUSDT,0.012715,0.0127510,0.2831,1774044966480
gate,binance,QUSDT,0.012715,0.0127510,0.2831,1774044966780
gate,binance,QUSDT,0.012715,0.0127500,0.2753,1774044967080
gate,binance,QUSDT,0.012715,0.0127500,0.2753,1774044967380
gate,binance,QUSDT,0.012715,0.0127500,0.2753,1774044967681
gate,binance,QUSDT,0.012715,0.0127500,0.2753,1774044967981
gate,binance,QUSDT,0.012715,0.0127500,0.2753,1774044968281
gate,binance,QUSDT,0.012715,0.0127500,0.2753,1774044968581
gate,binance,QUSDT,0.012715,0.0127500,0.2753,1774044968882
gate,binance,QUSDT,0.012715,0.0127500,0.2753,1774044969182
gate,binance,QUSDT,0.012715,0.0127500,0.2753,1774044969493
gate,binance,QUSDT,0.012715,0.0127500,0.2753,1774044969800
gate,binance,QUSDT,0.012715,0.0127500,0.2753,1774044970107
gate,binance,QUSDT,0.012715,0.0127500,0.2753,1774044970413
gate,binance,QUSDT,0.012715,0.0127500,0.2753,1774044970717
gate,binance,QUSDT,0.012715,0.0127500,0.2753,1774044971022
gate,binance,QUSDT,0.012715,0.0127500,0.2753,1774044971324
gate,binance,QUSDT,0.012715,0.0127500,0.2753,1774044971625
gate,binance,QUSDT,0.012715,0.0127500,0.2753,1774044971925
gate,binance,QUSDT,0.012715,0.0127500,0.2753,1774044972227
gate,binance,QUSDT,0.012715,0.0127500,0.2753,1774044972528
gate,binance,QUSDT,0.012715,0.0127500,0.2753,1774044972828
gate,binance,QUSDT,0.012715,0.0127500,0.2753,1774044973128
gate,binance,QUSDT,0.012715,0.0127500,0.2753,1774044973428
gate,binance,QUSDT,0.012715,0.0127500,0.2753,1774044973728
gate,binance,QUSDT,0.012715,0.0127500,0.2753,1774044974038
gate,binance,QUSDT,0.012715,0.0127500,0.2753,1774044974339
gate,binance,QUSDT,0.012715,0.0127500,0.2753,1774044974639
gate,binance,QUSDT,0.012715,0.0127500,0.2753,1774044974940
gate,binance,QUSDT,0.012715,0.0127500,0.2753,1774044975240
gate,binance,QUSDT,0.012715,0.0127500,0.2753,1774044975540
gate,binance,QUSDT,0.012715,0.0127500,0.2753,1774044975840
gate,binance,QUSDT,0.012715,0.0127500,0.2753,1774044976141
gate,binance,QUSDT,0.012715,0.0127500,0.2753,1774044976441
gate,binance,QUSDT,0.012715,0.0127500,0.2753,1774044976742
gate,binance,QUSDT,0.012715,0.0127500,0.2753,1774044977042
gate,binance,QUSDT,0.012715,0.0127500,0.2753,1774044977342
gate,binance,QUSDT,0.012715,0.0127500,0.2753,1774044977642
gate,binance,QUSDT,0.012715,0.0127500,0.2753,1774044977943
gate,binance,QUSDT,0.012715,0.0127500,0.2753,1774044978243
gate,binance,QUSDT,0.012715,0.0127500,0.2753,1774044978544
gate,binance,QUSDT,0.012715,0.0127500,0.2753,1774044978844
gate,binance,QUSDT,0.012715,0.0127500,0.2753,1774044979153
gate,binance,QUSDT,0.012715,0.0127500,0.2753,1774044979465
gate,binance,QUSDT,0.012715,0.0127500,0.2753,1774044979766
gate,binance,QUSDT,0.012715,0.0127500,0.2753,1774044980066
gate,binance,QUSDT,0.012715,0.0127500,0.2753,1774044980366
gate,binance,QUSDT,0.012715,0.0127500,0.2753,1774044980666
gate,binance,QUSDT,0.012715,0.0127500,0.2753,1774044980966
gate,binance,QUSDT,0.012715,0.0127500,0.2753,1774044981266
gate,binance,QUSDT,0.012715,0.0127500,0.2753,1774044981566
gate,binance,QUSDT,0.012715,0.0127500,0.2753,1774044981866
gate,binance,QUSDT,0.012715,0.0127500,0.2753,1774044982167
gate,binance,QUSDT,0.012715,0.0127500,0.2753,1774044982467
gate,binance,QUSDT,0.012715,0.0127500,0.2753,1774044982768
gate,binance,QUSDT,0.012715,0.0127500,0.2753,1774044983069
gate,binance,QUSDT,0.012715,0.0127500,0.2753,1774044983369
gate,binance,QUSDT,0.012715,0.0127500,0.2753,1774044983669
gate,binance,QUSDT,0.012715,0.0127500,0.2753,1774044983970
gate,binance,QUSDT,0.012715,0.0127500,0.2753,1774044984270
gate,binance,QUSDT,0.012715,0.0127500,0.2753,1774044984570
gate,binance,QUSDT,0.012715,0.0127500,0.2753,1774044984870
gate,binance,QUSDT,0.012715,0.0127500,0.2753,1774044985170
gate,binance,QUSDT,0.012715,0.0127500,0.2753,1774044985470
gate,binance,QUSDT,0.012715,0.0127500,0.2753,1774044985770
gate,binance,QUSDT,0.012715,0.0127500,0.2753,1774044986072
gate,binance,QUSDT,0.012715,0.0127500,0.2753,1774044986373
gate,binance,QUSDT,0.012715,0.0127500,0.2753,1774044986674
gate,binance,QUSDT,0.012715,0.0127500,0.2753,1774044986974
gate,binance,QUSDT,0.012715,0.0127500,0.2753,1774044987274
gate,binance,QUSDT,0.012715,0.0127500,0.2753,1774044987575
gate,binance,QUSDT,0.012715,0.0127500,0.2753,1774044987875
gate,binance,QUSDT,0.012715,0.0127500,0.2753,1774044988175
gate,binance,QUSDT,0.012715,0.0127500,0.2753,1774044988475
gate,binance,QUSDT,0.012715,0.0127500,0.2753,1774044988775
gate,binance,QUSDT,0.012715,0.0127500,0.2753,1774044989076
gate,binance,QUSDT,0.012715,0.0127500,0.2753,1774044989376
gate,binance,QUSDT,0.012715,0.0127500,0.2753,1774044989676
gate,binance,QUSDT,0.012707,0.0127470,0.3148,1774044989976
gate,binance,QUSDT,0.012734,0.0127470,0.1021,1774044990277
gate,binance,QUSDT,0.012732,0.0127470,0.1178,1774044990577
gate,binance,QUSDT,0.012732,0.0127470,0.1178,1774044990877
gate,binance,QUSDT,0.012732,0.0127470,0.1178,1774044991177
gate,binance,QUSDT,0.012732,0.0127470,0.1178,1774044991477
gate,binance,QUSDT,0.012732,0.0127470,0.1178,1774044991777
gate,binance,QUSDT,0.012732,0.0127470,0.1178,1774044992078
gate,binance,QUSDT,0.012732,0.0127470,0.1178,1774044992378
gate,binance,QUSDT,0.012732,0.0127470,0.1178,1774044992678
gate,binance,QUSDT,0.012732,0.0127470,0.1178,1774044992980
gate,binance,QUSDT,0.012732,0.0127470,0.1178,1774044993280
gate,binance,QUSDT,0.012732,0.0127470,0.1178,1774044993580
gate,binance,QUSDT,0.012732,0.0127470,0.1178,1774044993880
gate,binance,QUSDT,0.012732,0.0127470,0.1178,1774044994180
gate,binance,QUSDT,0.012732,0.0127470,0.1178,1774044994481
gate,binance,QUSDT,0.012732,0.0127480,0.1257,1774044994781
gate,binance,QUSDT,0.012732,0.0127480,0.1257,1774044995081
gate,binance,QUSDT,0.012732,0.0127480,0.1257,1774044995381
gate,binance,QUSDT,0.012732,0.0127480,0.1257,1774044995691
gate,binance,QUSDT,0.012732,0.0127480,0.1257,1774044995992
gate,binance,QUSDT,0.012732,0.0127480,0.1257,1774044996293
gate,binance,QUSDT,0.012732,0.0127480,0.1257,1774044996606
gate,binance,QUSDT,0.012732,0.0127480,0.1257,1774044996912
gate,binance,QUSDT,0.012732,0.0127480,0.1257,1774044997225
gate,binance,QUSDT,0.012732,0.0127480,0.1257,1774044997532
gate,binance,QUSDT,0.012732,0.0127480,0.1257,1774044997843
gate,binance,QUSDT,0.012732,0.0127490,0.1335,1774044998145
gate,binance,QUSDT,0.012732,0.0127490,0.1335,1774044998445
gate,binance,QUSDT,0.012732,0.0127490,0.1335,1774044998745
gate,binance,QUSDT,0.012732,0.0127490,0.1335,1774044999046
gate,binance,QUSDT,0.012732,0.0127490,0.1335,1774044999346
gate,binance,QUSDT,0.012732,0.0127490,0.1335,1774044999647
gate,binance,QUSDT,0.012732,0.0127490,0.1335,1774044999947
gate,binance,QUSDT,0.012732,0.0127490,0.1335,1774045000252
gate,binance,QUSDT,0.012732,0.0127490,0.1335,1774045000553
gate,binance,QUSDT,0.012732,0.0127490,0.1335,1774045000853
gate,binance,QUSDT,0.012732,0.0127490,0.1335,1774045001154
gate,binance,QUSDT,0.012732,0.0127490,0.1335,1774045001454
gate,binance,QUSDT,0.012732,0.0127490,0.1335,1774045001754
gate,binance,QUSDT,0.012728,0.0127460,0.1414,1774045002055
gate,binance,QUSDT,0.012728,0.0127460,0.1414,1774045002365
gate,binance,QUSDT,0.012728,0.0127470,0.1493,1774045002666
gate,binance,QUSDT,0.012728,0.0127470,0.1493,1774045002966
gate,binance,QUSDT,0.012728,0.0127470,0.1493,1774045003266
gate,binance,QUSDT,0.012728,0.0127470,0.1493,1774045003567
gate,binance,QUSDT,0.012728,0.0127470,0.1493,1774045003867
gate,binance,QUSDT,0.012728,0.0127470,0.1493,1774045004167
gate,binance,QUSDT,0.012728,0.0127470,0.1493,1774045004467
gate,binance,QUSDT,0.012728,0.0127470,0.1493,1774045004767
gate,binance,QUSDT,0.012728,0.0127470,0.1493,1774045005067
gate,binance,QUSDT,0.012728,0.0127470,0.1493,1774045005367
gate,binance,QUSDT,0.012728,0.0127470,0.1493,1774045005668
gate,binance,QUSDT,0.012728,0.0127470,0.1493,1774045005969
gate,binance,QUSDT,0.012728,0.0127470,0.1493,1774045006269
gate,binance,QUSDT,0.012728,0.0127470,0.1493,1774045006569
gate,binance,QUSDT,0.012728,0.0127470,0.1493,1774045006869
gate,binance,QUSDT,0.012728,0.0127470,0.1493,1774045007169
gate,binance,QUSDT,0.012728,0.0127470,0.1493,1774045007469
gate,binance,QUSDT,0.012728,0.0127470,0.1493,1774045007770
gate,binance,QUSDT,0.012728,0.0127470,0.1493,1774045008070
gate,binance,QUSDT,0.012728,0.0127470,0.1493,1774045008370
gate,binance,QUSDT,0.012728,0.0127470,0.1493,1774045008671
gate,binance,QUSDT,0.012728,0.0127470,0.1493,1774045008972
gate,binance,QUSDT,0.012728,0.0127470,0.1493,1774045009272
gate,binance,QUSDT,0.012728,0.0127470,0.1493,1774045009573
gate,binance,QUSDT,0.012728,0.0127460,0.1414,1774045009873
gate,binance,QUSDT,0.012728,0.0127460,0.1414,1774045010173
gate,binance,QUSDT,0.012728,0.0127460,0.1414,1774045010473
gate,binance,QUSDT,0.012728,0.0127460,0.1414,1774045010774
gate,binance,QUSDT,0.012728,0.0127460,0.1414,1774045011075
gate,binance,QUSDT,0.012728,0.0127460,0.1414,1774045011376
gate,binance,QUSDT,0.012728,0.0127460,0.1414,1774045011676
gate,binance,QUSDT,0.012728,0.0127460,0.1414,1774045011976
gate,binance,QUSDT,0.012728,0.0127460,0.1414,1774045012277
gate,binance,QUSDT,0.012728,0.0127460,0.1414,1774045012577
gate,binance,QUSDT,0.012728,0.0127460,0.1414,1774045012877
gate,binance,QUSDT,0.012728,0.0127460,0.1414,1774045013177
gate,binance,QUSDT,0.012728,0.0127460,0.1414,1774045013478
gate,binance,QUSDT,0.012728,0.0127470,0.1493,1774045013778
gate,binance,QUSDT,0.012728,0.0127470,0.1493,1774045014078
gate,binance,QUSDT,0.012728,0.0127470,0.1493,1774045014378
gate,binance,QUSDT,0.012728,0.0127470,0.1493,1774045014678
gate,binance,QUSDT,0.012728,0.0127470,0.1493,1774045014978
gate,binance,QUSDT,0.012728,0.0127470,0.1493,1774045015279
gate,binance,QUSDT,0.012728,0.0127470,0.1493,1774045015580
gate,binance,QUSDT,0.012728,0.0127470,0.1493,1774045015880
gate,binance,QUSDT,0.012728,0.0127470,0.1493,1774045016180
gate,binance,QUSDT,0.012728,0.0127470,0.1493,1774045016480
gate,binance,QUSDT,0.012728,0.0127470,0.1493,1774045016780
gate,binance,QUSDT,0.012728,0.0127480,0.1571,1774045017080
gate,binance,QUSDT,0.012726,0.0127470,0.165,1774045017380
gate,binance,QUSDT,0.012726,0.0127470,0.165,1774045017681
gate,binance,QUSDT,0.012726,0.0127470,0.165,1774045017981
gate,binance,QUSDT,0.012726,0.0127470,0.165,1774045018281
gate,binance,QUSDT,0.012726,0.0127470,0.165,1774045018590
gate,binance,QUSDT,0.012726,0.0127470,0.165,1774045018904
gate,binance,QUSDT,0.012726,0.0127470,0.165,1774045019217
gate,binance,QUSDT,0.012726,0.0127470,0.165,1774045019533
gate,binance,QUSDT,0.012726,0.0127470,0.165,1774045019845
gate,binance,QUSDT,0.012726,0.0127470,0.165,1774045020154
gate,binance,QUSDT,0.012726,0.0127470,0.165,1774045020467
gate,binance,QUSDT,0.012726,0.0127470,0.165,1774045020777
gate,binance,QUSDT,0.012726,0.0127470,0.165,1774045021081
gate,binance,QUSDT,0.012726,0.0127470,0.165,1774045021392
gate,binance,QUSDT,0.012726,0.0127470,0.165,1774045021703
gate,binance,QUSDT,0.012726,0.0127470,0.165,1774045022028
gate,binance,QUSDT,0.012726,0.0127470,0.165,1774045022335
gate,binance,QUSDT,0.012726,0.0127470,0.165,1774045022646
gate,binance,QUSDT,0.012726,0.0127490,0.1807,1774045022952
gate,binance,QUSDT,0.012726,0.0127500,0.1886,1774045023261
gate,binance,QUSDT,0.012726,0.0127500,0.1886,1774045023574
gate,binance,QUSDT,0.012726,0.0127500,0.1886,1774045023879
gate,binance,QUSDT,0.012726,0.0127500,0.1886,1774045024185
gate,binance,QUSDT,0.012726,0.0127500,0.1886,1774045024512
gate,binance,QUSDT,0.012726,0.0127500,0.1886,1774045024813
gate,binance,QUSDT,0.012726,0.0127500,0.1886,1774045025119
gate,binance,QUSDT,0.012726,0.0127500,0.1886,1774045025425
gate,binance,QUSDT,0.012726,0.0127500,0.1886,1774045025726
gate,binance,QUSDT,0.012726,0.0127500,0.1886,1774045026029
gate,binance,QUSDT,0.012726,0.0127500,0.1886,1774045026331
gate,binance,QUSDT,0.012726,0.0127520,0.2043,1774045026631
gate,binance,QUSDT,0.012726,0.0127520,0.2043,1774045026932
gate,binance,QUSDT,0.012726,0.0127520,0.2043,1774045027232
gate,binance,QUSDT,0.012726,0.0127520,0.2043,1774045027533
gate,binance,QUSDT,0.012726,0.0127520,0.2043,1774045027833
gate,binance,QUSDT,0.012726,0.0127520,0.2043,1774045028133
gate,binance,QUSDT,0.012726,0.0127520,0.2043,1774045028434
gate,binance,QUSDT,0.012726,0.0127520,0.2043,1774045028746
gate,binance,QUSDT,0.012726,0.0127520,0.2043,1774045029047
gate,binance,QUSDT,0.012726,0.0127520,0.2043,1774045029348
gate,binance,QUSDT,0.012726,0.0127520,0.2043,1774045029648
gate,binance,QUSDT,0.012726,0.0127520,0.2043,1774045029948
gate,binance,QUSDT,0.012726,0.0127520,0.2043,1774045030254
gate,binance,QUSDT,0.012726,0.0127520,0.2043,1774045030554
gate,binance,QUSDT,0.012726,0.0127520,0.2043,1774045030854
gate,binance,QUSDT,0.012726,0.0127520,0.2043,1774045031155
gate,binance,QUSDT,0.012726,0.0127530,0.2122,1774045031455
gate,binance,QUSDT,0.012726,0.0127530,0.2122,1774045031755
gate,binance,QUSDT,0.012726,0.0127530,0.2122,1774045032056
gate,binance,QUSDT,0.012726,0.0127530,0.2122,1774045032356
gate,binance,QUSDT,0.012726,0.0127530,0.2122,1774045032657
gate,binance,QUSDT,0.012726,0.0127530,0.2122,1774045032957
gate,binance,QUSDT,0.012726,0.0127530,0.2122,1774045033279
gate,binance,QUSDT,0.012726,0.0127530,0.2122,1774045033591
gate,binance,QUSDT,0.012726,0.0127530,0.2122,1774045033897
gate,binance,QUSDT,0.012726,0.0127530,0.2122,1774045034208
gate,binance,QUSDT,0.012726,0.0127530,0.2122,1774045034520
gate,binance,QUSDT,0.012726,0.0127530,0.2122,1774045034826
gate,binance,QUSDT,0.012726,0.0127530,0.2122,1774045035127
gate,binance,QUSDT,0.012726,0.0127530,0.2122,1774045035432
gate,binance,QUSDT,0.012726,0.0127530,0.2122,1774045035734
gate,binance,QUSDT,0.012726,0.0127530,0.2122,1774045036035
gate,binance,QUSDT,0.012726,0.0127530,0.2122,1774045036336
gate,binance,QUSDT,0.012726,0.0127530,0.2122,1774045036637
gate,binance,QUSDT,0.012726,0.0127530,0.2122,1774045036937
gate,binance,QUSDT,0.012726,0.0127530,0.2122,1774045037237
gate,binance,QUSDT,0.012726,0.0127530,0.2122,1774045037538
gate,binance,QUSDT,0.012726,0.0127530,0.2122,1774045037842
gate,binance,QUSDT,0.012726,0.0127530,0.2122,1774045038142
gate,binance,QUSDT,0.012726,0.0127530,0.2122,1774045038442
gate,binance,QUSDT,0.012726,0.0127530,0.2122,1774045038743
gate,binance,QUSDT,0.012726,0.0127530,0.2122,1774045039043
gate,binance,QUSDT,0.012726,0.0127530,0.2122,1774045039343
gate,binance,QUSDT,0.012726,0.0127530,0.2122,1774045039643
gate,binance,QUSDT,0.012726,0.0127530,0.2122,1774045039943
gate,binance,QUSDT,0.012726,0.0127530,0.2122,1774045040244
gate,binance,QUSDT,0.012726,0.0127530,0.2122,1774045040544
gate,binance,QUSDT,0.012726,0.0127530,0.2122,1774045040844
gate,binance,QUSDT,0.012726,0.0127530,0.2122,1774045041145
gate,binance,QUSDT,0.012726,0.0127530,0.2122,1774045041445
gate,binance,QUSDT,0.012726,0.0127530,0.2122,1774045041745
gate,binance,QUSDT,0.012726,0.0127530,0.2122,1774045042060
gate,binance,QUSDT,0.012726,0.0127530,0.2122,1774045042372
gate,binance,QUSDT,0.012726,0.0127530,0.2122,1774045042679
gate,binance,QUSDT,0.012726,0.0127530,0.2122,1774045042979
gate,binance,QUSDT,0.012726,0.0127530,0.2122,1774045043280
gate,binance,QUSDT,0.012726,0.0127530,0.2122,1774045043580
gate,binance,QUSDT,0.012726,0.0127530,0.2122,1774045043880
gate,binance,QUSDT,0.012726,0.0127530,0.2122,1774045044181
gate,binance,QUSDT,0.012726,0.0127530,0.2122,1774045044481
gate,binance,QUSDT,0.012726,0.0127530,0.2122,1774045044781
gate,binance,QUSDT,0.012726,0.0127530,0.2122,1774045045081
gate,binance,QUSDT,0.012726,0.0127530,0.2122,1774045045382
gate,binance,QUSDT,0.012726,0.0127530,0.2122,1774045045683
gate,binance,QUSDT,0.012726,0.0127530,0.2122,1774045045983
gate,binance,QUSDT,0.012726,0.0127530,0.2122,1774045046283
gate,binance,QUSDT,0.012726,0.0127530,0.2122,1774045046583
gate,binance,QUSDT,0.012726,0.0127530,0.2122,1774045046883
gate,binance,QUSDT,0.012726,0.0127490,0.1807,1774045047183
gate,binance,QUSDT,0.012726,0.0127460,0.1572,1774045047483
gate,binance,QUSDT,0.012726,0.0127430,0.1336,1774045047784
gate,binance,QUSDT,0.012726,0.0127410,0.1179,1774045048084
gate,binance,QUSDT,0.012717,0.0127400,0.1809,1774045048384
gate,binance,QUSDT,0.012717,0.0127400,0.1809,1774045048684
gate,binance,QUSDT,0.012717,0.0127400,0.1809,1774045048985
gate,binance,QUSDT,0.012717,0.0127400,0.1809,1774045049290
gate,binance,QUSDT,0.012717,0.0127400,0.1809,1774045049605
gate,binance,QUSDT,0.012717,0.0127400,0.1809,1774045049913
gate,binance,QUSDT,0.012717,0.0127400,0.1809,1774045050217
gate,binance,QUSDT,0.012717,0.0127390,0.173,1774045050524
gate,binance,QUSDT,0.012717,0.0127360,0.1494,1774045050830
gate,binance,QUSDT,0.012717,0.0127360,0.1494,1774045051131
gate,binance,QUSDT,0.012717,0.0127360,0.1494,1774045051431
gate,binance,QUSDT,0.012717,0.0127360,0.1494,1774045051731
gate,binance,QUSDT,0.012717,0.0127360,0.1494,1774045052034
gate,binance,QUSDT,0.012717,0.0127400,0.1809,1774045052334
gate,binance,QUSDT,0.012717,0.0127400,0.1809,1774045052634
gate,binance,QUSDT,0.012717,0.0127400,0.1809,1774045052934
gate,binance,QUSDT,0.012717,0.0127400,0.1809,1774045053236
gate,binance,QUSDT,0.012717,0.0127400,0.1809,1774045053537
gate,binance,QUSDT,0.012717,0.0127400,0.1809,1774045053837
gate,binance,QUSDT,0.012717,0.0127400,0.1809,1774045054137
gate,binance,QUSDT,0.012717,0.0127400,0.1809,1774045054437
gate,binance,QUSDT,0.012717,0.0127400,0.1809,1774045054738
gate,binance,QUSDT,0.012717,0.0127400,0.1809,1774045055038
gate,binance,QUSDT,0.012717,0.0127400,0.1809,1774045055339
gate,binance,QUSDT,0.012717,0.0127400,0.1809,1774045055639
gate,binance,QUSDT,0.012717,0.0127400,0.1809,1774045055940
gate,binance,QUSDT,0.012717,0.0127400,0.1809,1774045056241
gate,binance,QUSDT,0.012717,0.0127400,0.1809,1774045056553
gate,binance,QUSDT,0.012717,0.0127400,0.1809,1774045056854
gate,binance,QUSDT,0.012717,0.0127400,0.1809,1774045057155
gate,binance,QUSDT,0.012717,0.0127400,0.1809,1774045057455
gate,binance,QUSDT,0.012717,0.0127400,0.1809,1774045057755
gate,binance,QUSDT,0.012717,0.0127400,0.1809,1774045058055
gate,binance,QUSDT,0.012717,0.0127400,0.1809,1774045058356
gate,binance,QUSDT,0.012717,0.0127400,0.1809,1774045058656
gate,binance,QUSDT,0.012717,0.0127400,0.1809,1774045058956
gate,binance,QUSDT,0.012717,0.0127400,0.1809,1774045059256
gate,binance,QUSDT,0.012717,0.0127400,0.1809,1774045059556
gate,binance,QUSDT,0.012717,0.0127400,0.1809,1774045059856
gate,binance,QUSDT,0.012717,0.0127400,0.1809,1774045060157
gate,binance,QUSDT,0.012717,0.0127400,0.1809,1774045060466
gate,binance,QUSDT,0.012717,0.0127400,0.1809,1774045060766
gate,binance,QUSDT,0.012717,0.0127400,0.1809,1774045061067
gate,binance,QUSDT,0.012717,0.0127400,0.1809,1774045061367
gate,binance,QUSDT,0.012717,0.0127400,0.1809,1774045061667
gate,binance,QUSDT,0.012717,0.0127400,0.1809,1774045061975
gate,binance,QUSDT,0.012717,0.0127400,0.1809,1774045062282
gate,binance,QUSDT,0.012717,0.0127400,0.1809,1774045062588
gate,binance,QUSDT,0.012717,0.0127400,0.1809,1774045062888
gate,binance,QUSDT,0.012717,0.0127400,0.1809,1774045063188
gate,binance,QUSDT,0.012717,0.0127400,0.1809,1774045063489
gate,binance,QUSDT,0.012717,0.0127400,0.1809,1774045063789
gate,binance,QUSDT,0.012717,0.0127410,0.1887,1774045064089
gate,binance,QUSDT,0.012717,0.0127410,0.1887,1774045064390
gate,binance,QUSDT,0.012717,0.0127410,0.1887,1774045064690
gate,binance,QUSDT,0.012717,0.0127410,0.1887,1774045064991
gate,binance,QUSDT,0.012717,0.0127410,0.1887,1774045065298
gate,binance,QUSDT,0.012717,0.0127410,0.1887,1774045065601
gate,binance,QUSDT,0.012717,0.0127420,0.1966,1774045065907
gate,binance,QUSDT,0.012717,0.0127430,0.2045,1774045066214
gate,binance,QUSDT,0.012717,0.0127430,0.2045,1774045066519
gate,binance,QUSDT,0.012717,0.0127420,0.1966,1774045066824
gate,binance,QUSDT,0.012717,0.0127420,0.1966,1774045067127
gate,binance,QUSDT,0.012717,0.0127420,0.1966,1774045067428
gate,binance,QUSDT,0.012717,0.0127450,0.2202,1774045067731
gate,binance,QUSDT,0.012717,0.0127450,0.2202,1774045068031
gate,binance,QUSDT,0.012717,0.0127450,0.2202,1774045068333
gate,binance,QUSDT,0.012733,0.0127470,0.11,1774045068634
gate,binance,QUSDT,0.012729,0.0127470,0.1414,1774045068938
gate,binance,QUSDT,0.012729,0.0127470,0.1414,1774045069238
gate,binance,QUSDT,0.012729,0.0127480,0.1493,1774045069538
gate,binance,QUSDT,0.012729,0.0127480,0.1493,1774045069856
gate,binance,QUSDT,0.012729,0.0127480,0.1493,1774045070160
gate,binance,QUSDT,0.012729,0.0127450,0.1257,1774045070460
gate,binance,QUSDT,0.012729,0.0127450,0.1257,1774045070760
gate,binance,QUSDT,0.012729,0.0127450,0.1257,1774045071060
gate,binance,QUSDT,0.012729,0.0127450,0.1257,1774045071360
gate,binance,QUSDT,0.012729,0.0127470,0.1414,1774045071660
gate,binance,QUSDT,0.012729,0.0127470,0.1414,1774045071961
gate,binance,QUSDT,0.012729,0.0127470,0.1414,1774045072261
gate,binance,QUSDT,0.012729,0.0127470,0.1414,1774045072561
gate,binance,QUSDT,0.012729,0.0127470,0.1414,1774045072861
gate,binance,QUSDT,0.012725,0.0127470,0.1729,1774045073161
gate,binance,QUSDT,0.012725,0.0127470,0.1729,1774045073470
gate,binance,QUSDT,0.012725,0.0127450,0.1572,1774045073773
gate,binance,QUSDT,0.012725,0.0127450,0.1572,1774045074073
gate,binance,QUSDT,0.012725,0.0127450,0.1572,1774045074374
gate,binance,QUSDT,0.012725,0.0127450,0.1572,1774045074675
gate,binance,QUSDT,0.012725,0.0127450,0.1572,1774045074976
gate,binance,QUSDT,0.012725,0.0127450,0.1572,1774045075276
gate,binance,QUSDT,0.012725,0.0127450,0.1572,1774045075576
gate,binance,QUSDT,0.012725,0.0127450,0.1572,1774045075876
gate,binance,QUSDT,0.012725,0.0127450,0.1572,1774045076177
gate,binance,QUSDT,0.012725,0.0127440,0.1493,1774045076477
gate,binance,QUSDT,0.012724,0.0127430,0.1493,1774045076777
gate,binance,QUSDT,0.012724,0.0127440,0.1572,1774045077077
gate,binance,QUSDT,0.012724,0.0127440,0.1572,1774045077378
gate,binance,QUSDT,0.012724,0.0127440,0.1572,1774045077678
gate,binance,QUSDT,0.012724,0.0127440,0.1572,1774045077978
gate,binance,QUSDT,0.012724,0.0127440,0.1572,1774045078278
gate,binance,QUSDT,0.012724,0.0127430,0.1493,1774045078578
gate,binance,QUSDT,0.012724,0.0127430,0.1493,1774045078879
gate,binance,QUSDT,0.012724,0.0127430,0.1493,1774045079179
gate,binance,QUSDT,0.012724,0.0127430,0.1493,1774045079480
gate,binance,QUSDT,0.012724,0.0127430,0.1493,1774045079780
gate,binance,QUSDT,0.012724,0.0127430,0.1493,1774045080080
gate,binance,QUSDT,0.012724,0.0127460,0.1729,1774045080381
gate,binance,QUSDT,0.012724,0.0127480,0.1886,1774045080688
gate,binance,QUSDT,0.012724,0.0127480,0.1886,1774045080988
gate,binance,QUSDT,0.012724,0.0127480,0.1886,1774045081288
gate,binance,QUSDT,0.012724,0.0127480,0.1886,1774045081602
gate,binance,QUSDT,0.012724,0.0127480,0.1886,1774045081914
gate,binance,QUSDT,0.012724,0.0127480,0.1886,1774045082228
gate,binance,QUSDT,0.012724,0.0127480,0.1886,1774045082542
gate,binance,QUSDT,0.012724,0.0127480,0.1886,1774045082854
gate,binance,QUSDT,0.012724,0.0127480,0.1886,1774045083169
gate,binance,QUSDT,0.012724,0.0127480,0.1886,1774045083476
gate,binance,QUSDT,0.012724,0.0127460,0.1729,1774045083781
gate,binance,QUSDT,0.012724,0.0127440,0.1572,1774045084081
gate,binance,QUSDT,0.012724,0.0127440,0.1572,1774045084381
gate,binance,QUSDT,0.012724,0.0127430,0.1493,1774045084681
gate,binance,QUSDT,0.012724,0.0127430,0.1493,1774045084983
gate,binance,QUSDT,0.012724,0.0127430,0.1493,1774045085283
gate,binance,QUSDT,0.012724,0.0127430,0.1493,1774045085592
gate,binance,QUSDT,0.012724,0.0127430,0.1493,1774045085892
gate,binance,QUSDT,0.012724,0.0127430,0.1493,1774045086194
gate,binance,QUSDT,0.012724,0.0127430,0.1493,1774045086495
gate,binance,QUSDT,0.012724,0.0127430,0.1493,1774045086799
gate,binance,QUSDT,0.012724,0.0127430,0.1493,1774045087107
gate,binance,QUSDT,0.012724,0.0127430,0.1493,1774045087409
gate,binance,QUSDT,0.012724,0.0127430,0.1493,1774045087711
gate,binance,QUSDT,0.012724,0.0127430,0.1493,1774045088013
gate,binance,QUSDT,0.012724,0.0127430,0.1493,1774045088317
gate,binance,QUSDT,0.012724,0.0127430,0.1493,1774045088618
gate,binance,QUSDT,0.012724,0.0127430,0.1493,1774045088920
gate,binance,QUSDT,0.012724,0.0127430,0.1493,1774045089226
gate,binance,QUSDT,0.012724,0.0127430,0.1493,1774045089526
gate,binance,QUSDT,0.012724,0.0127430,0.1493,1774045089828
gate,binance,QUSDT,0.012724,0.0127430,0.1493,1774045090132
gate,binance,QUSDT,0.012724,0.0127430,0.1493,1774045090432
gate,binance,QUSDT,0.012724,0.0127430,0.1493,1774045090732
gate,binance,QUSDT,0.012724,0.0127430,0.1493,1774045091032
gate,binance,QUSDT,0.012724,0.0127430,0.1493,1774045091334
gate,binance,QUSDT,0.012724,0.0127430,0.1493,1774045091634
gate,binance,QUSDT,0.012724,0.0127430,0.1493,1774045091935
gate,binance,QUSDT,0.012724,0.0127430,0.1493,1774045092235
gate,binance,QUSDT,0.012724,0.0127430,0.1493,1774045092535
gate,binance,QUSDT,0.012724,0.0127430,0.1493,1774045092835
gate,binance,QUSDT,0.012724,0.0127430,0.1493,1774045093135
gate,binance,QUSDT,0.012724,0.0127430,0.1493,1774045093436
gate,binance,QUSDT,0.012724,0.0127430,0.1493,1774045093736
gate,binance,QUSDT,0.012724,0.0127430,0.1493,1774045094036
gate,binance,QUSDT,0.012724,0.0127430,0.1493,1774045094336
gate,binance,QUSDT,0.012724,0.0127430,0.1493,1774045094636
gate,binance,QUSDT,0.012724,0.0127430,0.1493,1774045094936
gate,binance,QUSDT,0.012724,0.0127420,0.1415,1774045095242
gate,binance,QUSDT,0.012724,0.0127420,0.1415,1774045095553
gate,binance,QUSDT,0.012724,0.0127410,0.1336,1774045095855
gate,binance,QUSDT,0.012724,0.0127400,0.1257,1774045096155
gate,binance,QUSDT,0.012724,0.0127400,0.1257,1774045096455
gate,binance,QUSDT,0.012724,0.0127400,0.1257,1774045096755
gate,binance,QUSDT,0.012724,0.0127410,0.1336,1774045097059
gate,binance,QUSDT,0.012724,0.0127410,0.1336,1774045097377
gate,binance,QUSDT,0.012724,0.0127410,0.1336,1774045097680
gate,binance,QUSDT,0.012724,0.0127410,0.1336,1774045097980
gate,binance,QUSDT,0.012724,0.0127410,0.1336,1774045098280
gate,binance,QUSDT,0.012724,0.0127410,0.1336,1774045098580
gate,binance,QUSDT,0.012724,0.0127400,0.1257,1774045098880
gate,binance,QUSDT,0.012724,0.0127400,0.1257,1774045099180
gate,binance,QUSDT,0.012724,0.0127400,0.1257,1774045099481
gate,binance,QUSDT,0.012724,0.0127420,0.1415,1774045099781
gate,binance,QUSDT,0.012724,0.0127400,0.1257,1774045100081
gate,binance,QUSDT,0.012724,0.0127400,0.1257,1774045100381
gate,binance,QUSDT,0.012724,0.0127400,0.1257,1774045100682
gate,binance,QUSDT,0.012724,0.0127400,0.1257,1774045100982
gate,binance,QUSDT,0.012724,0.0127420,0.1415,1774045101283
gate,binance,QUSDT,0.012724,0.0127420,0.1415,1774045101583
gate,binance,QUSDT,0.012724,0.0127420,0.1415,1774045101884
gate,binance,QUSDT,0.012724,0.0127420,0.1415,1774045102184
gate,binance,QUSDT,0.012724,0.0127430,0.1493,1774045102484
gate,binance,QUSDT,0.012724,0.0127430,0.1493,1774045102784
gate,binance,QUSDT,0.012724,0.0127430,0.1493,1774045103084
gate,binance,QUSDT,0.012724,0.0127430,0.1493,1774045103385
gate,binance,QUSDT,0.012724,0.0127430,0.1493,1774045103685
gate,binance,QUSDT,0.012724,0.0127430,0.1493,1774045103985
gate,binance,QUSDT,0.012724,0.0127430,0.1493,1774045104285
gate,binance,QUSDT,0.012724,0.0127430,0.1493,1774045104585
gate,binance,QUSDT,0.012724,0.0127430,0.1493,1774045104886
gate,binance,QUSDT,0.012724,0.0127430,0.1493,1774045105186
gate,binance,QUSDT,0.012724,0.0127430,0.1493,1774045105486
gate,binance,QUSDT,0.012724,0.0127430,0.1493,1774045105786
gate,binance,QUSDT,0.012724,0.0127430,0.1493,1774045106086
gate,binance,QUSDT,0.012724,0.0127430,0.1493,1774045106387
gate,binance,QUSDT,0.012724,0.0127430,0.1493,1774045106687
gate,binance,QUSDT,0.012724,0.0127430,0.1493,1774045106987
gate,binance,QUSDT,0.012724,0.0127430,0.1493,1774045107288
gate,binance,QUSDT,0.012724,0.0127430,0.1493,1774045107588
gate,binance,QUSDT,0.012724,0.0127440,0.1572,1774045107888
gate,binance,QUSDT,0.012724,0.0127440,0.1572,1774045108188
gate,binance,QUSDT,0.012724,0.0127440,0.1572,1774045108488
gate,binance,QUSDT,0.012724,0.0127440,0.1572,1774045108788
gate,binance,QUSDT,0.012724,0.0127440,0.1572,1774045109088
gate,binance,QUSDT,0.012724,0.0127440,0.1572,1774045109389
gate,binance,QUSDT,0.012724,0.0127440,0.1572,1774045109689
gate,binance,QUSDT,0.012724,0.0127440,0.1572,1774045109989
gate,binance,QUSDT,0.012723,0.0127430,0.1572,1774045110289
gate,binance,QUSDT,0.012723,0.0127430,0.1572,1774045110589
gate,binance,QUSDT,0.012723,0.0127430,0.1572,1774045110889
gate,binance,QUSDT,0.012723,0.0127430,0.1572,1774045111190
gate,binance,QUSDT,0.012723,0.0127430,0.1572,1774045111491
gate,binance,QUSDT,0.012713,0.0127420,0.2281,1774045111805
gate,binance,QUSDT,0.012713,0.0127420,0.2281,1774045112109
gate,binance,QUSDT,0.012713,0.0127420,0.2281,1774045112413
gate,binance,QUSDT,0.012713,0.0127420,0.2281,1774045112728
gate,binance,QUSDT,0.012713,0.0127420,0.2281,1774045113039
gate,binance,QUSDT,0.012713,0.0127420,0.2281,1774045113352
gate,binance,QUSDT,0.012713,0.0127420,0.2281,1774045113665
gate,binance,QUSDT,0.012713,0.0127420,0.2281,1774045113971
gate,binance,QUSDT,0.012713,0.0127420,0.2281,1774045114280
gate,binance,QUSDT,0.012713,0.0127420,0.2281,1774045114580
gate,binance,QUSDT,0.012713,0.0127420,0.2281,1774045114880
gate,binance,QUSDT,0.012713,0.0127420,0.2281,1774045115180
gate,binance,QUSDT,0.012713,0.0127420,0.2281,1774045115480
gate,binance,QUSDT,0.012713,0.0127420,0.2281,1774045115780
gate,binance,QUSDT,0.012713,0.0127420,0.2281,1774045116081
gate,binance,QUSDT,0.012713,0.0127420,0.2281,1774045116381
gate,binance,QUSDT,0.012713,0.0127420,0.2281,1774045116681
gate,binance,QUSDT,0.012713,0.0127420,0.2281,1774045116983
gate,binance,QUSDT,0.012713,0.0127420,0.2281,1774045117283
gate,binance,QUSDT,0.012713,0.0127420,0.2281,1774045117583
gate,binance,QUSDT,0.012713,0.0127420,0.2281,1774045117883
gate,binance,QUSDT,0.012713,0.0127420,0.2281,1774045118183
gate,binance,QUSDT,0.012713,0.0127420,0.2281,1774045118484
gate,binance,QUSDT,0.012713,0.0127420,0.2281,1774045118784
gate,binance,QUSDT,0.012713,0.0127420,0.2281,1774045119085
gate,binance,QUSDT,0.012713,0.0127420,0.2281,1774045119385
gate,binance,QUSDT,0.012713,0.0127420,0.2281,1774045119686
gate,binance,QUSDT,0.012713,0.0127420,0.2281,1774045119986
gate,binance,QUSDT,0.012713,0.0127420,0.2281,1774045120286
gate,binance,QUSDT,0.012713,0.0127420,0.2281,1774045120586
gate,binance,QUSDT,0.012713,0.0127420,0.2281,1774045120886
gate,binance,QUSDT,0.012713,0.0127420,0.2281,1774045121186
gate,binance,QUSDT,0.012713,0.0127420,0.2281,1774045121487
gate,binance,QUSDT,0.012713,0.0127420,0.2281,1774045121787
gate,binance,QUSDT,0.012713,0.0127420,0.2281,1774045122087
gate,binance,QUSDT,0.012713,0.0127420,0.2281,1774045122387
gate,binance,QUSDT,0.012713,0.0127420,0.2281,1774045122688
gate,binance,QUSDT,0.012713,0.0127420,0.2281,1774045122988
gate,binance,QUSDT,0.012713,0.0127420,0.2281,1774045123289
gate,binance,QUSDT,0.012713,0.0127420,0.2281,1774045123590
gate,binance,QUSDT,0.012713,0.0127420,0.2281,1774045123890
gate,binance,QUSDT,0.012713,0.0127420,0.2281,1774045124191
gate,binance,QUSDT,0.012713,0.0127420,0.2281,1774045124491
gate,binance,QUSDT,0.012713,0.0127430,0.236,1774045124791
gate,binance,QUSDT,0.012713,0.0127430,0.236,1774045125091
gate,binance,QUSDT,0.012713,0.0127430,0.236,1774045125391
gate,binance,QUSDT,0.012713,0.0127430,0.236,1774045125692
gate,binance,QUSDT,0.012713,0.0127430,0.236,1774045125992
gate,binance,QUSDT,0.012713,0.0127430,0.236,1774045126304
gate,binance,QUSDT,0.012713,0.0127430,0.236,1774045126610
gate,binance,QUSDT,0.012713,0.0127370,0.1888,1774045126912
gate,binance,QUSDT,0.012713,0.0127370,0.1888,1774045127215
gate,binance,QUSDT,0.012713,0.0127370,0.1888,1774045127518
gate,binance,QUSDT,0.012713,0.0127370,0.1888,1774045127819
gate,binance,QUSDT,0.012713,0.0127390,0.2045,1774045128124
gate,binance,QUSDT,0.012713,0.0127390,0.2045,1774045128431
gate,binance,QUSDT,0.012713,0.0127390,0.2045,1774045128733
gate,binance,QUSDT,0.012713,0.0127390,0.2045,1774045129034
gate,binance,QUSDT,0.012713,0.0127390,0.2045,1774045129334
gate,binance,QUSDT,0.012713,0.0127390,0.2045,1774045129634
gate,binance,QUSDT,0.012713,0.0127390,0.2045,1774045129934
gate,binance,QUSDT,0.012713,0.0127390,0.2045,1774045130235
gate,binance,QUSDT,0.012713,0.0127390,0.2045,1774045130535
gate,binance,QUSDT,0.012713,0.0127390,0.2045,1774045130839
gate,binance,QUSDT,0.012713,0.0127380,0.1966,1774045131140
gate,binance,QUSDT,0.012713,0.0127380,0.1966,1774045131440
gate,binance,QUSDT,0.012713,0.0127380,0.1966,1774045131740
gate,binance,QUSDT,0.012713,0.0127380,0.1966,1774045132040
gate,binance,QUSDT,0.012713,0.0127380,0.1966,1774045132340
gate,binance,QUSDT,0.012713,0.0127380,0.1966,1774045132641
gate,binance,QUSDT,0.012713,0.0127380,0.1966,1774045132941
gate,binance,QUSDT,0.012713,0.0127380,0.1966,1774045133241
gate,binance,QUSDT,0.012713,0.0127380,0.1966,1774045133541
gate,binance,QUSDT,0.012713,0.0127380,0.1966,1774045133842
gate,binance,QUSDT,0.012713,0.0127380,0.1966,1774045134142
gate,binance,QUSDT,0.012713,0.0127380,0.1966,1774045134442
gate,binance,QUSDT,0.012713,0.0127380,0.1966,1774045134742
gate,binance,QUSDT,0.012713,0.0127380,0.1966,1774045135043
gate,binance,QUSDT,0.012713,0.0127380,0.1966,1774045135344
gate,binance,QUSDT,0.012713,0.0127370,0.1888,1774045135646
gate,binance,QUSDT,0.012713,0.0127350,0.1731,1774045135947
gate,binance,QUSDT,0.012713,0.0127350,0.1731,1774045136247
gate,binance,QUSDT,0.012713,0.0127340,0.1652,1774045136547
gate,binance,QUSDT,0.012713,0.0127320,0.1495,1774045136848
gate,binance,QUSDT,0.012713,0.0127320,0.1495,1774045137149
gate,binance,QUSDT,0.012713,0.0127310,0.1416,1774045137456
gate,binance,QUSDT,0.012713,0.0127310,0.1416,1774045137762
gate,binance,QUSDT,0.012713,0.0127300,0.1337,1774045138069
gate,binance,QUSDT,0.012713,0.0127300,0.1337,1774045138369
gate,binance,QUSDT,0.012713,0.0127290,0.1259,1774045138671
gate,binance,QUSDT,0.012713,0.0127290,0.1259,1774045138977
gate,binance,QUSDT,0.012713,0.0127290,0.1259,1774045139283
gate,binance,QUSDT,0.012703,0.0127280,0.1968,1774045139583
gate,binance,QUSDT,0.012703,0.0127280,0.1968,1774045139884
gate,binance,QUSDT,0.012703,0.0127280,0.1968,1774045140185
gate,binance,QUSDT,0.012703,0.0127300,0.2125,1774045140487
gate,binance,QUSDT,0.012703,0.0127300,0.2125,1774045140795
gate,binance,QUSDT,0.012703,0.0127290,0.2047,1774045141099
gate,binance,QUSDT,0.012703,0.0127300,0.2125,1774045141412
gate,binance,QUSDT,0.012703,0.0127300,0.2125,1774045141719
gate,binance,QUSDT,0.012703,0.0127330,0.2362,1774045142025
gate,binance,QUSDT,0.012703,0.0127330,0.2362,1774045142332
gate,binance,QUSDT,0.012703,0.0127330,0.2362,1774045142636
gate,binance,QUSDT,0.012703,0.0127340,0.244,1774045142949
gate,binance,QUSDT,0.012703,0.0127340,0.244,1774045143258
gate,binance,QUSDT,0.012703,0.0127340,0.244,1774045143559
gate,binance,QUSDT,0.012703,0.0127340,0.244,1774045143860
gate,binance,QUSDT,0.012703,0.0127340,0.244,1774045144167
gate,binance,QUSDT,0.012703,0.0127340,0.244,1774045144472
gate,binance,QUSDT,0.012703,0.0127340,0.244,1774045144781
gate,binance,QUSDT,0.012703,0.0127340,0.244,1774045145088
gate,binance,QUSDT,0.012703,0.0127340,0.244,1774045145389
gate,binance,QUSDT,0.012703,0.0127350,0.2519,1774045145689
gate,binance,QUSDT,0.012703,0.0127350,0.2519,1774045145989
gate,binance,QUSDT,0.012703,0.0127350,0.2519,1774045146290
gate,binance,QUSDT,0.012703,0.0127350,0.2519,1774045146591
gate,binance,QUSDT,0.012703,0.0127350,0.2519,1774045146891
gate,binance,QUSDT,0.012703,0.0127350,0.2519,1774045147191
gate,binance,QUSDT,0.012703,0.0127350,0.2519,1774045147492
gate,binance,QUSDT,0.012703,0.0127350,0.2519,1774045147793
gate,binance,QUSDT,0.012703,0.0127350,0.2519,1774045148093
gate,binance,QUSDT,0.012703,0.0127350,0.2519,1774045148394
gate,binance,QUSDT,0.012703,0.0127350,0.2519,1774045148694
gate,binance,QUSDT,0.012703,0.0127350,0.2519,1774045148996
gate,binance,QUSDT,0.012703,0.0127350,0.2519,1774045149299
gate,binance,QUSDT,0.012698,0.0127320,0.2678,1774045149604
gate,binance,QUSDT,0.012698,0.0127320,0.2678,1774045149907
gate,binance,QUSDT,0.012698,0.0127320,0.2678,1774045150214
gate,binance,QUSDT,0.012698,0.0127320,0.2678,1774045150517
gate,binance,QUSDT,0.012698,0.0127320,0.2678,1774045150820
gate,binance,QUSDT,0.012698,0.0127320,0.2678,1774045151126
gate,binance,QUSDT,0.012698,0.0127320,0.2678,1774045151426
gate,binance,QUSDT,0.012698,0.0127320,0.2678,1774045151729
gate,binance,QUSDT,0.012698,0.0127320,0.2678,1774045152029
gate,binance,QUSDT,0.012698,0.0127320,0.2678,1774045152329
gate,binance,QUSDT,0.012698,0.0127320,0.2678,1774045152630
gate,binance,QUSDT,0.012698,0.0127320,0.2678,1774045152931
gate,binance,QUSDT,0.012698,0.0127320,0.2678,1774045153234
gate,binance,QUSDT,0.012698,0.0127320,0.2678,1774045153544
gate,binance,QUSDT,0.012698,0.0127320,0.2678,1774045153845
gate,binance,QUSDT,0.012698,0.0127320,0.2678,1774045154145
gate,binance,QUSDT,0.012698,0.0127320,0.2678,1774045154445
gate,binance,QUSDT,0.012698,0.0127320,0.2678,1774045154745
gate,binance,QUSDT,0.012698,0.0127320,0.2678,1774045155046
gate,binance,QUSDT,0.012698,0.0127320,0.2678,1774045155346
gate,binance,QUSDT,0.012698,0.0127320,0.2678,1774045155647
gate,binance,QUSDT,0.012698,0.0127320,0.2678,1774045155948
gate,binance,QUSDT,0.012698,0.0127320,0.2678,1774045156248
gate,binance,QUSDT,0.012698,0.0127320,0.2678,1774045156548
gate,binance,QUSDT,0.012698,0.0127320,0.2678,1774045156848
gate,binance,QUSDT,0.012698,0.0127320,0.2678,1774045157148
gate,binance,QUSDT,0.012698,0.0127320,0.2678,1774045157450
gate,binance,QUSDT,0.012698,0.0127320,0.2678,1774045157751
gate,binance,QUSDT,0.012698,0.0127320,0.2678,1774045158051
gate,binance,QUSDT,0.012698,0.0127320,0.2678,1774045158351
gate,binance,QUSDT,0.012698,0.0127320,0.2678,1774045158651
gate,binance,QUSDT,0.012698,0.0127320,0.2678,1774045158951
gate,binance,QUSDT,0.012698,0.0127320,0.2678,1774045159252
gate,binance,QUSDT,0.012698,0.0127320,0.2678,1774045159553
gate,binance,QUSDT,0.012698,0.0127320,0.2678,1774045159853
gate,binance,QUSDT,0.012698,0.0127320,0.2678,1774045160154
gate,binance,QUSDT,0.012698,0.0127320,0.2678,1774045160455
gate,binance,QUSDT,0.012698,0.0127320,0.2678,1774045160755
gate,binance,QUSDT,0.012698,0.0127320,0.2678,1774045161055
gate,binance,QUSDT,0.012698,0.0127320,0.2678,1774045161356
gate,binance,QUSDT,0.012698,0.0127320,0.2678,1774045161656
gate,binance,QUSDT,0.012707,0.0127290,0.1731,1774045161956
gate,binance,QUSDT,0.012707,0.0127250,0.1417,1774045162257
gate,binance,QUSDT,0.012706,0.0127250,0.1495,1774045162558
gate,binance,QUSDT,0.012706,0.0127250,0.1495,1774045162859
gate,binance,QUSDT,0.012706,0.0127250,0.1495,1774045163159
gate,binance,QUSDT,0.012706,0.0127250,0.1495,1774045163459
gate,binance,QUSDT,0.012706,0.0127250,0.1495,1774045163759
gate,binance,QUSDT,0.012706,0.0127250,0.1495,1774045164059
gate,binance,QUSDT,0.012706,0.0127250,0.1495,1774045164360
gate,binance,QUSDT,0.012706,0.0127250,0.1495,1774045164660
gate,binance,QUSDT,0.012706,0.0127250,0.1495,1774045164960
gate,binance,QUSDT,0.012706,0.0127250,0.1495,1774045165260
gate,binance,QUSDT,0.012706,0.0127270,0.1653,1774045165560
gate,binance,QUSDT,0.012706,0.0127270,0.1653,1774045165860
gate,binance,QUSDT,0.012706,0.0127270,0.1653,1774045166160
gate,binance,QUSDT,0.012706,0.0127280,0.1731,1774045166460
gate,binance,QUSDT,0.012706,0.0127280,0.1731,1774045166760
gate,binance,QUSDT,0.012706,0.0127280,0.1731,1774045167061
gate,binance,QUSDT,0.012706,0.0127280,0.1731,1774045167361
gate,binance,QUSDT,0.012706,0.0127280,0.1731,1774045167661
gate,binance,QUSDT,0.012706,0.0127280,0.1731,1774045167961
gate,binance,QUSDT,0.012706,0.0127280,0.1731,1774045168261
gate,binance,QUSDT,0.012706,0.0127280,0.1731,1774045168562
gate,binance,QUSDT,0.012706,0.0127280,0.1731,1774045168862
gate,binance,QUSDT,0.012706,0.0127280,0.1731,1774045169162
gate,binance,QUSDT,0.012706,0.0127280,0.1731,1774045169462
gate,binance,QUSDT,0.012706,0.0127280,0.1731,1774045169763
gate,binance,QUSDT,0.012706,0.0127280,0.1731,1774045170063
gate,binance,QUSDT,0.012706,0.0127280,0.1731,1774045170363
gate,binance,QUSDT,0.012706,0.0127280,0.1731,1774045170663
gate,binance,QUSDT,0.012706,0.0127280,0.1731,1774045170964
gate,binance,QUSDT,0.012706,0.0127280,0.1731,1774045171264
gate,binance,QUSDT,0.012706,0.0127280,0.1731,1774045171564
gate,binance,QUSDT,0.012706,0.0127280,0.1731,1774045171865
gate,binance,QUSDT,0.012706,0.0127280,0.1731,1774045172165
gate,binance,QUSDT,0.012706,0.0127280,0.1731,1774045172465
gate,binance,QUSDT,0.012706,0.0127280,0.1731,1774045172767
gate,binance,QUSDT,0.012706,0.0127280,0.1731,1774045173080
gate,binance,QUSDT,0.012706,0.0127280,0.1731,1774045173397
gate,binance,QUSDT,0.012706,0.0127280,0.1731,1774045173704
gate,binance,QUSDT,0.012706,0.0127280,0.1731,1774045174015
gate,binance,QUSDT,0.012706,0.0127290,0.181,1774045174319
gate,binance,QUSDT,0.012706,0.0127290,0.181,1774045174623
gate,binance,QUSDT,0.012706,0.0127290,0.181,1774045174926
gate,binance,QUSDT,0.012706,0.0127290,0.181,1774045175230
gate,binance,QUSDT,0.012706,0.0127290,0.181,1774045175531
gate,binance,QUSDT,0.012706,0.0127290,0.181,1774045175831
gate,binance,QUSDT,0.012706,0.0127300,0.1889,1774045176132
gate,binance,QUSDT,0.012706,0.0127300,0.1889,1774045176447
gate,binance,QUSDT,0.012706,0.0127300,0.1889,1774045176747
gate,binance,QUSDT,0.012706,0.0127300,0.1889,1774045177047
gate,binance,QUSDT,0.012706,0.0127300,0.1889,1774045177347
gate,binance,QUSDT,0.012706,0.0127300,0.1889,1774045177648
gate,binance,QUSDT,0.012706,0.0127300,0.1889,1774045177948
gate,binance,QUSDT,0.012706,0.0127300,0.1889,1774045178248
gate,binance,QUSDT,0.012706,0.0127300,0.1889,1774045178548
gate,binance,QUSDT,0.012706,0.0127300,0.1889,1774045178848
gate,binance,QUSDT,0.012706,0.0127300,0.1889,1774045179148
gate,binance,QUSDT,0.012706,0.0127300,0.1889,1774045179448
gate,binance,QUSDT,0.012706,0.0127300,0.1889,1774045179749
gate,binance,QUSDT,0.012706,0.0127300,0.1889,1774045180049
gate,binance,QUSDT,0.012706,0.0127300,0.1889,1774045180349
gate,binance,QUSDT,0.012706,0.0127300,0.1889,1774045180649
gate,binance,QUSDT,0.012706,0.0127300,0.1889,1774045180949
gate,binance,QUSDT,0.012706,0.0127310,0.1968,1774045181249
gate,binance,QUSDT,0.012706,0.0127310,0.1968,1774045181565
gate,binance,QUSDT,0.012706,0.0127310,0.1968,1774045181866
gate,binance,QUSDT,0.012706,0.0127310,0.1968,1774045182166
gate,binance,QUSDT,0.012706,0.0127310,0.1968,1774045182466
gate,binance,QUSDT,0.012706,0.0127310,0.1968,1774045182766
gate,binance,QUSDT,0.012706,0.0127310,0.1968,1774045183066
gate,binance,QUSDT,0.012706,0.0127310,0.1968,1774045183366
gate,binance,QUSDT,0.012706,0.0127310,0.1968,1774045183667
gate,binance,QUSDT,0.012706,0.0127310,0.1968,1774045183967
gate,binance,QUSDT,0.012706,0.0127310,0.1968,1774045184268
gate,binance,QUSDT,0.012706,0.0127310,0.1968,1774045184569
gate,binance,QUSDT,0.012706,0.0127310,0.1968,1774045184869
gate,binance,QUSDT,0.012706,0.0127310,0.1968,1774045185169
gate,binance,QUSDT,0.012706,0.0127310,0.1968,1774045185469
gate,binance,QUSDT,0.012706,0.0127310,0.1968,1774045185769
gate,binance,QUSDT,0.012706,0.0127310,0.1968,1774045186069
gate,binance,QUSDT,0.012706,0.0127310,0.1968,1774045186369
gate,binance,QUSDT,0.012706,0.0127290,0.181,1774045186669
gate,binance,QUSDT,0.012706,0.0127290,0.181,1774045186970
gate,binance,QUSDT,0.012706,0.0127290,0.181,1774045187270
gate,binance,QUSDT,0.012706,0.0127290,0.181,1774045187570
gate,binance,QUSDT,0.012706,0.0127290,0.181,1774045187870
gate,binance,QUSDT,0.012706,0.0127290,0.181,1774045188170
gate,binance,QUSDT,0.012706,0.0127290,0.181,1774045188470
gate,binance,QUSDT,0.012706,0.0127290,0.181,1774045188770
gate,binance,QUSDT,0.012706,0.0127290,0.181,1774045189071
gate,binance,QUSDT,0.012706,0.0127290,0.181,1774045189371
gate,binance,QUSDT,0.012706,0.0127290,0.181,1774045189671
gate,binance,QUSDT,0.012706,0.0127290,0.181,1774045189971
gate,binance,QUSDT,0.012706,0.0127290,0.181,1774045190271
gate,binance,QUSDT,0.012706,0.0127290,0.181,1774045190571
gate,binance,QUSDT,0.012706,0.0127290,0.181,1774045190872
gate,binance,QUSDT,0.012706,0.0127290,0.181,1774045191172
gate,binance,QUSDT,0.012706,0.0127290,0.181,1774045191472
gate,binance,QUSDT,0.012706,0.0127290,0.181,1774045191773
gate,binance,QUSDT,0.012706,0.0127290,0.181,1774045192073
gate,binance,QUSDT,0.012706,0.0127290,0.181,1774045192373
gate,binance,QUSDT,0.012706,0.0127290,0.181,1774045192673
gate,binance,QUSDT,0.012706,0.0127290,0.181,1774045192973
gate,binance,QUSDT,0.012706,0.0127290,0.181,1774045193274
gate,binance,QUSDT,0.012706,0.0127300,0.1889,1774045193574
gate,binance,QUSDT,0.012706,0.0127300,0.1889,1774045193874
gate,binance,QUSDT,0.012706,0.0127300,0.1889,1774045194174
gate,binance,QUSDT,0.012706,0.0127300,0.1889,1774045194475
gate,binance,QUSDT,0.012706,0.0127300,0.1889,1774045194775
gate,binance,QUSDT,0.012706,0.0127300,0.1889,1774045195075
gate,binance,QUSDT,0.012706,0.0127300,0.1889,1774045195375
gate,binance,QUSDT,0.012706,0.0127300,0.1889,1774045195675
gate,binance,QUSDT,0.012706,0.0127300,0.1889,1774045195976
gate,binance,QUSDT,0.012706,0.0127300,0.1889,1774045196291
gate,binance,QUSDT,0.012706,0.0127300,0.1889,1774045196602
gate,binance,QUSDT,0.012706,0.0127300,0.1889,1774045196912
gate,binance,QUSDT,0.012706,0.0127300,0.1889,1774045197220
gate,binance,QUSDT,0.012706,0.0127300,0.1889,1774045197534
gate,binance,QUSDT,0.012706,0.0127300,0.1889,1774045197848
gate,binance,QUSDT,0.012706,0.0127300,0.1889,1774045198164
gate,binance,QUSDT,0.012706,0.0127300,0.1889,1774045198474
gate,binance,QUSDT,0.012706,0.0127300,0.1889,1774045198778
gate,binance,QUSDT,0.012706,0.0127300,0.1889,1774045199084
gate,binance,QUSDT,0.012706,0.0127300,0.1889,1774045199388
gate,binance,QUSDT,0.012706,0.0127300,0.1889,1774045199695
gate,binance,QUSDT,0.012706,0.0127290,0.181,1774045200002
gate,binance,QUSDT,0.01271,0.0127290,0.1495,1774045200315
gate,binance,QUSDT,0.012708,0.0127290,0.1653,1774045200625
gate,binance,QUSDT,0.012708,0.0127290,0.1653,1774045200933
gate,binance,QUSDT,0.012707,0.0127290,0.1731,1774045201246
gate,binance,QUSDT,0.012703,0.0127300,0.2125,1774045201553
gate,binance,QUSDT,0.012703,0.0127300,0.2125,1774045201864
gate,binance,QUSDT,0.012703,0.0127300,0.2125,1774045202177
gate,binance,QUSDT,0.012703,0.0127310,0.2204,1774045202483
gate,binance,QUSDT,0.012703,0.0127300,0.2125,1774045202796
gate,binance,QUSDT,0.012703,0.0127300,0.2125,1774045203108
gate,binance,QUSDT,0.012703,0.0127300,0.2125,1774045203417
gate,binance,QUSDT,0.012703,0.0127300,0.2125,1774045203726
gate,binance,QUSDT,0.012703,0.0127300,0.2125,1774045204035
gate,binance,QUSDT,0.012703,0.0127310,0.2204,1774045204349
gate,binance,QUSDT,0.012703,0.0127310,0.2204,1774045204662
gate,binance,QUSDT,0.012703,0.0127310,0.2204,1774045204978
gate,binance,QUSDT,0.012703,0.0127310,0.2204,1774045205284
gate,binance,QUSDT,0.012703,0.0127310,0.2204,1774045205591
gate,binance,QUSDT,0.012703,0.0127310,0.2204,1774045205904
gate,binance,QUSDT,0.012703,0.0127310,0.2204,1774045206211
gate,binance,QUSDT,0.012703,0.0127300,0.2125,1774045206521
gate,binance,QUSDT,0.012703,0.0127310,0.2204,1774045206833
gate,binance,QUSDT,0.012703,0.0127310,0.2204,1774045207146
gate,binance,QUSDT,0.012703,0.0127310,0.2204,1774045207457
gate,binance,QUSDT,0.012703,0.0127310,0.2204,1774045207769
gate,binance,QUSDT,0.012703,0.0127310,0.2204,1774045208080
gate,binance,QUSDT,0.012703,0.0127310,0.2204,1774045208390
gate,binance,QUSDT,0.012703,0.0127310,0.2204,1774045208701
gate,binance,QUSDT,0.012703,0.0127310,0.2204,1774045209011
gate,binance,QUSDT,0.012703,0.0127310,0.2204,1774045209325
gate,binance,QUSDT,0.012703,0.0127310,0.2204,1774045209631
gate,binance,QUSDT,0.012703,0.0127310,0.2204,1774045209944
gate,binance,QUSDT,0.012703,0.0127310,0.2204,1774045210250
gate,binance,QUSDT,0.012703,0.0127310,0.2204,1774045210551
gate,binance,QUSDT,0.012703,0.0127310,0.2204,1774045210851
gate,binance,QUSDT,0.012703,0.0127310,0.2204,1774045211151
gate,binance,QUSDT,0.012703,0.0127310,0.2204,1774045211452
gate,binance,QUSDT,0.012703,0.0127310,0.2204,1774045211752
gate,binance,QUSDT,0.012703,0.0127310,0.2204,1774045212052
gate,binance,QUSDT,0.012703,0.0127310,0.2204,1774045212356
gate,binance,QUSDT,0.012703,0.0127310,0.2204,1774045212656
gate,binance,QUSDT,0.012703,0.0127310,0.2204,1774045212956
gate,binance,QUSDT,0.012703,0.0127310,0.2204,1774045213257
gate,binance,QUSDT,0.012703,0.0127310,0.2204,1774045213567
gate,binance,QUSDT,0.012703,0.0127310,0.2204,1774045213869
gate,binance,QUSDT,0.012703,0.0127310,0.2204,1774045214169
gate,binance,QUSDT,0.012703,0.0127310,0.2204,1774045214484
gate,binance,QUSDT,0.012703,0.0127310,0.2204,1774045214788
gate,binance,QUSDT,0.012703,0.0127310,0.2204,1774045215088
gate,binance,QUSDT,0.012703,0.0127310,0.2204,1774045215388
gate,binance,QUSDT,0.012703,0.0127310,0.2204,1774045215688
gate,binance,QUSDT,0.012701,0.0127310,0.2362,1774045215988
gate,binance,QUSDT,0.012701,0.0127320,0.2441,1774045216289
gate,binance,QUSDT,0.012701,0.0127320,0.2441,1774045216589
gate,binance,QUSDT,0.012701,0.0127320,0.2441,1774045216889
gate,binance,QUSDT,0.012701,0.0127320,0.2441,1774045217189
gate,binance,QUSDT,0.012701,0.0127320,0.2441,1774045217489
gate,binance,QUSDT,0.012701,0.0127320,0.2441,1774045217789
gate,binance,QUSDT,0.012701,0.0127320,0.2441,1774045218090
gate,binance,QUSDT,0.012701,0.0127320,0.2441,1774045218390
gate,binance,QUSDT,0.012701,0.0127320,0.2441,1774045218690
gate,binance,QUSDT,0.012701,0.0127320,0.2441,1774045218991
gate,binance,QUSDT,0.012701,0.0127320,0.2441,1774045219291
gate,binance,QUSDT,0.012701,0.0127320,0.2441,1774045219591
gate,binance,QUSDT,0.012701,0.0127320,0.2441,1774045219892
gate,binance,QUSDT,0.012701,0.0127320,0.2441,1774045220192
gate,binance,QUSDT,0.012701,0.0127320,0.2441,1774045220493
gate,binance,QUSDT,0.012701,0.0127320,0.2441,1774045220793
gate,binance,QUSDT,0.012701,0.0127320,0.2441,1774045221095
gate,binance,QUSDT,0.012701,0.0127320,0.2441,1774045221397
gate,binance,QUSDT,0.012701,0.0127320,0.2441,1774045221704
gate,binance,QUSDT,0.012701,0.0127320,0.2441,1774045222006
gate,binance,QUSDT,0.012701,0.0127320,0.2441,1774045222307
gate,binance,QUSDT,0.012701,0.0127320,0.2441,1774045222611
gate,binance,QUSDT,0.012701,0.0127320,0.2441,1774045222912
gate,binance,QUSDT,0.012701,0.0127320,0.2441,1774045223213
gate,binance,QUSDT,0.012701,0.0127320,0.2441,1774045223518
gate,binance,QUSDT,0.012701,0.0127320,0.2441,1774045223821
gate,binance,QUSDT,0.012701,0.0127320,0.2441,1774045224124
gate,binance,QUSDT,0.012701,0.0127320,0.2441,1774045224428
gate,binance,QUSDT,0.012701,0.0127320,0.2441,1774045224731
gate,binance,QUSDT,0.012701,0.0127320,0.2441,1774045225032
gate,binance,QUSDT,0.012701,0.0127320,0.2441,1774045225335
gate,binance,QUSDT,0.012701,0.0127320,0.2441,1774045225635
gate,binance,QUSDT,0.012701,0.0127320,0.2441,1774045225935
gate,binance,QUSDT,0.012701,0.0127320,0.2441,1774045226235
gate,binance,QUSDT,0.012701,0.0127320,0.2441,1774045226535
gate,binance,QUSDT,0.012701,0.0127320,0.2441,1774045226835
gate,binance,QUSDT,0.012701,0.0127320,0.2441,1774045227136
gate,binance,QUSDT,0.012701,0.0127320,0.2441,1774045227439
gate,binance,QUSDT,0.012701,0.0127320,0.2441,1774045227740
gate,binance,QUSDT,0.012701,0.0127320,0.2441,1774045228040
gate,binance,QUSDT,0.012701,0.0127320,0.2441,1774045228340
gate,binance,QUSDT,0.012701,0.0127320,0.2441,1774045228640
gate,binance,QUSDT,0.012701,0.0127320,0.2441,1774045228940
gate,binance,QUSDT,0.012701,0.0127320,0.2441,1774045229240
gate,binance,QUSDT,0.012701,0.0127320,0.2441,1774045229540
gate,binance,QUSDT,0.012701,0.0127320,0.2441,1774045229840
gate,binance,QUSDT,0.012701,0.0127320,0.2441,1774045230141
gate,binance,QUSDT,0.012701,0.0127320,0.2441,1774045230441
gate,binance,QUSDT,0.012701,0.0127320,0.2441,1774045230748
gate,binance,QUSDT,0.012701,0.0127320,0.2441,1774045231048
gate,binance,QUSDT,0.012701,0.0127320,0.2441,1774045231348
gate,binance,QUSDT,0.012701,0.0127330,0.2519,1774045231649
gate,binance,QUSDT,0.012701,0.0127340,0.2598,1774045231949
gate,binance,QUSDT,0.012701,0.0127340,0.2598,1774045232250
gate,binance,QUSDT,0.012701,0.0127340,0.2598,1774045232563
gate,binance,QUSDT,0.012701,0.0127340,0.2598,1774045232867
gate,binance,QUSDT,0.012701,0.0127340,0.2598,1774045233169
gate,binance,QUSDT,0.012701,0.0127340,0.2598,1774045233469
gate,binance,QUSDT,0.012701,0.0127350,0.2677,1774045233770
gate,binance,QUSDT,0.012701,0.0127350,0.2677,1774045234070
gate,binance,QUSDT,0.012701,0.0127350,0.2677,1774045234370
gate,binance,QUSDT,0.012701,0.0127350,0.2677,1774045234670
gate,binance,QUSDT,0.012701,0.0127350,0.2677,1774045234971
gate,binance,QUSDT,0.012701,0.0127350,0.2677,1774045235271
gate,binance,QUSDT,0.012701,0.0127350,0.2677,1774045235571
gate,binance,QUSDT,0.012701,0.0127350,0.2677,1774045235873
gate,binance,QUSDT,0.012701,0.0127350,0.2677,1774045236173
gate,binance,QUSDT,0.012701,0.0127350,0.2677,1774045236474
gate,binance,QUSDT,0.012701,0.0127350,0.2677,1774045236778
gate,binance,QUSDT,0.012701,0.0127350,0.2677,1774045237078
gate,binance,QUSDT,0.012701,0.0127350,0.2677,1774045237378
gate,binance,QUSDT,0.012701,0.0127350,0.2677,1774045237678
gate,binance,QUSDT,0.012701,0.0127350,0.2677,1774045237978
gate,binance,QUSDT,0.012701,0.0127350,0.2677,1774045238279
gate,binance,QUSDT,0.012701,0.0127350,0.2677,1774045238579
gate,binance,QUSDT,0.012701,0.0127350,0.2677,1774045238879
gate,binance,QUSDT,0.012701,0.0127350,0.2677,1774045239180
gate,binance,QUSDT,0.012701,0.0127350,0.2677,1774045239480
gate,binance,QUSDT,0.012701,0.0127350,0.2677,1774045239780
gate,binance,QUSDT,0.012701,0.0127350,0.2677,1774045240081
gate,binance,QUSDT,0.012701,0.0127350,0.2677,1774045240381
gate,binance,QUSDT,0.012701,0.0127360,0.2756,1774045240681
gate,binance,QUSDT,0.012701,0.0127360,0.2756,1774045240981
gate,binance,QUSDT,0.012701,0.0127360,0.2756,1774045241281
gate,binance,QUSDT,0.012701,0.0127360,0.2756,1774045241582
gate,binance,QUSDT,0.012701,0.0127360,0.2756,1774045241882
gate,binance,QUSDT,0.012701,0.0127360,0.2756,1774045242182
gate,binance,QUSDT,0.012701,0.0127360,0.2756,1774045242482
gate,binance,QUSDT,0.012701,0.0127360,0.2756,1774045242782
gate,binance,QUSDT,0.012701,0.0127360,0.2756,1774045243082
gate,binance,QUSDT,0.012701,0.0127360,0.2756,1774045243383
gate,binance,QUSDT,0.012701,0.0127360,0.2756,1774045243683
gate,binance,QUSDT,0.012701,0.0127360,0.2756,1774045243983
gate,binance,QUSDT,0.012701,0.0127360,0.2756,1774045244283
gate,binance,QUSDT,0.012701,0.0127360,0.2756,1774045244583
gate,binance,QUSDT,0.012701,0.0127360,0.2756,1774045244884
gate,binance,QUSDT,0.012701,0.0127360,0.2756,1774045245184
gate,binance,QUSDT,0.012701,0.0127360,0.2756,1774045245484
gate,binance,QUSDT,0.012701,0.0127360,0.2756,1774045245784
gate,binance,QUSDT,0.012701,0.0127360,0.2756,1774045246085
gate,binance,QUSDT,0.012701,0.0127360,0.2756,1774045246386
gate,binance,QUSDT,0.012701,0.0127370,0.2834,1774045246686
gate,binance,QUSDT,0.012701,0.0127330,0.2519,1774045246986
gate,binance,QUSDT,0.012701,0.0127320,0.2441,1774045247286
gate,binance,QUSDT,0.012701,0.0127320,0.2441,1774045247586
gate,binance,QUSDT,0.012701,0.0127320,0.2441,1774045247886
gate,binance,QUSDT,0.012701,0.0127320,0.2441,1774045248187
gate,binance,QUSDT,0.012701,0.0127320,0.2441,1774045248487
gate,binance,QUSDT,0.012701,0.0127320,0.2441,1774045248787
gate,binance,QUSDT,0.012701,0.0127320,0.2441,1774045249088
gate,binance,QUSDT,0.012701,0.0127320,0.2441,1774045249388
gate,binance,QUSDT,0.012701,0.0127320,0.2441,1774045249688
gate,binance,QUSDT,0.012701,0.0127320,0.2441,1774045249988
gate,binance,QUSDT,0.012701,0.0127320,0.2441,1774045250288
gate,binance,QUSDT,0.012701,0.0127340,0.2598,1774045250588
gate,binance,QUSDT,0.012701,0.0127340,0.2598,1774045250889
gate,binance,QUSDT,0.012701,0.0127340,0.2598,1774045251201
gate,binance,QUSDT,0.012701,0.0127340,0.2598,1774045251517
gate,binance,QUSDT,0.012701,0.0127340,0.2598,1774045251821
gate,binance,QUSDT,0.012701,0.0127340,0.2598,1774045252129
gate,binance,QUSDT,0.012701,0.0127340,0.2598,1774045252429
gate,binance,QUSDT,0.012701,0.0127340,0.2598,1774045252729
gate,binance,QUSDT,0.012701,0.0127340,0.2598,1774045253030
gate,binance,QUSDT,0.012701,0.0127340,0.2598,1774045253338
gate,binance,QUSDT,0.012701,0.0127340,0.2598,1774045253638
gate,binance,QUSDT,0.012701,0.0127340,0.2598,1774045253938
gate,binance,QUSDT,0.012701,0.0127340,0.2598,1774045254239
gate,binance,QUSDT,0.012701,0.0127340,0.2598,1774045254539
gate,binance,QUSDT,0.012701,0.0127340,0.2598,1774045254839
gate,binance,QUSDT,0.012701,0.0127340,0.2598,1774045255150
gate,binance,QUSDT,0.012701,0.0127340,0.2598,1774045255458
gate,binance,QUSDT,0.012701,0.0127340,0.2598,1774045255758
gate,binance,QUSDT,0.012701,0.0127340,0.2598,1774045256058
gate,binance,QUSDT,0.012701,0.0127340,0.2598,1774045256358
gate,binance,QUSDT,0.012701,0.0127340,0.2598,1774045256658
gate,binance,QUSDT,0.012701,0.0127340,0.2598,1774045256958
gate,binance,QUSDT,0.012701,0.0127340,0.2598,1774045257259
gate,binance,QUSDT,0.012701,0.0127340,0.2598,1774045257559
gate,binance,QUSDT,0.012701,0.0127340,0.2598,1774045257859
gate,binance,QUSDT,0.012701,0.0127340,0.2598,1774045258159
gate,binance,QUSDT,0.012701,0.0127340,0.2598,1774045258460
gate,binance,QUSDT,0.012701,0.0127340,0.2598,1774045258760
gate,binance,QUSDT,0.012701,0.0127340,0.2598,1774045259060
gate,binance,QUSDT,0.012701,0.0127340,0.2598,1774045259360
gate,binance,QUSDT,0.012701,0.0127340,0.2598,1774045259660
gate,binance,QUSDT,0.012701,0.0127340,0.2598,1774045259961
gate,binance,QUSDT,0.012701,0.0127340,0.2598,1774045260268
gate,binance,QUSDT,0.012701,0.0127350,0.2677,1774045260574
gate,binance,QUSDT,0.012701,0.0127350,0.2677,1774045260886
gate,binance,QUSDT,0.012701,0.0127350,0.2677,1774045261186
gate,binance,QUSDT,0.012701,0.0127340,0.2598,1774045261486
gate,binance,QUSDT,0.012701,0.0127350,0.2677,1774045261787
gate,binance,QUSDT,0.012701,0.0127350,0.2677,1774045262087
gate,binance,QUSDT,0.012701,0.0127350,0.2677,1774045262395
gate,binance,QUSDT,0.012701,0.0127350,0.2677,1774045262704
gate,binance,QUSDT,0.012701,0.0127350,0.2677,1774045263014
gate,binance,QUSDT,0.012701,0.0127350,0.2677,1774045263328
gate,binance,QUSDT,0.012701,0.0127350,0.2677,1774045263644
gate,binance,QUSDT,0.012701,0.0127350,0.2677,1774045263944
gate,binance,QUSDT,0.012701,0.0127350,0.2677,1774045264244
gate,binance,QUSDT,0.012701,0.0127360,0.2756,1774045264545
gate,binance,QUSDT,0.012701,0.0127360,0.2756,1774045264845
gate,binance,QUSDT,0.012701,0.0127360,0.2756,1774045265153
gate,binance,QUSDT,0.012701,0.0127360,0.2756,1774045265453
gate,binance,QUSDT,0.012701,0.0127360,0.2756,1774045265754
gate,binance,QUSDT,0.012701,0.0127360,0.2756,1774045266054
gate,binance,QUSDT,0.012701,0.0127360,0.2756,1774045266354
gate,binance,QUSDT,0.012701,0.0127360,0.2756,1774045266655
gate,binance,QUSDT,0.012701,0.0127360,0.2756,1774045266956
gate,binance,QUSDT,0.012701,0.0127360,0.2756,1774045267260
gate,binance,QUSDT,0.012701,0.0127360,0.2756,1774045267560
gate,binance,QUSDT,0.012701,0.0127360,0.2756,1774045267860
gate,binance,QUSDT,0.012701,0.0127360,0.2756,1774045268160
gate,binance,QUSDT,0.012701,0.0127360,0.2756,1774045268474
gate,binance,QUSDT,0.012701,0.0127360,0.2756,1774045268774
gate,binance,QUSDT,0.012701,0.0127360,0.2756,1774045269074
gate,binance,QUSDT,0.012701,0.0127360,0.2756,1774045269375
gate,binance,QUSDT,0.012701,0.0127360,0.2756,1774045269676
gate,binance,QUSDT,0.012701,0.0127360,0.2756,1774045269980
gate,binance,QUSDT,0.012701,0.0127360,0.2756,1774045270289
gate,binance,QUSDT,0.012701,0.0127360,0.2756,1774045270589
gate,binance,QUSDT,0.012701,0.0127360,0.2756,1774045270889
gate,binance,QUSDT,0.012701,0.0127360,0.2756,1774045271189
gate,binance,QUSDT,0.012701,0.0127380,0.2913,1774045271490
gate,binance,QUSDT,0.012701,0.0127370,0.2834,1774045271791
gate,binance,QUSDT,0.012701,0.0127370,0.2834,1774045272091
gate,binance,QUSDT,0.012701,0.0127370,0.2834,1774045272391
gate,binance,QUSDT,0.012701,0.0127380,0.2913,1774045272691
gate,binance,QUSDT,0.012701,0.0127380,0.2913,1774045272991
gate,binance,QUSDT,0.012701,0.0127380,0.2913,1774045273301
gate,binance,QUSDT,0.012701,0.0127380,0.2913,1774045273614
gate,binance,QUSDT,0.012701,0.0127380,0.2913,1774045273922
gate,binance,QUSDT,0.012701,0.0127380,0.2913,1774045274230
gate,binance,QUSDT,0.012701,0.0127380,0.2913,1774045274534
gate,binance,QUSDT,0.012701,0.0127380,0.2913,1774045274834
gate,binance,QUSDT,0.012701,0.0127380,0.2913,1774045275138
gate,binance,QUSDT,0.012701,0.0127380,0.2913,1774045275438
gate,binance,QUSDT,0.012701,0.0127380,0.2913,1774045275738
gate,binance,QUSDT,0.012701,0.0127380,0.2913,1774045276038
gate,binance,QUSDT,0.012701,0.0127380,0.2913,1774045276341
gate,binance,QUSDT,0.012701,0.0127380,0.2913,1774045276641
gate,binance,QUSDT,0.012701,0.0127380,0.2913,1774045276953
gate,binance,QUSDT,0.012701,0.0127380,0.2913,1774045277256
gate,binance,QUSDT,0.012701,0.0127380,0.2913,1774045277556
gate,binance,QUSDT,0.012701,0.0127380,0.2913,1774045277856
gate,binance,QUSDT,0.012701,0.0127380,0.2913,1774045278156
gate,binance,QUSDT,0.012701,0.0127380,0.2913,1774045278458
gate,binance,QUSDT,0.012701,0.0127380,0.2913,1774045278758
gate,binance,QUSDT,0.012701,0.0127380,0.2913,1774045279058
gate,binance,QUSDT,0.012701,0.0127380,0.2913,1774045279360
gate,binance,QUSDT,0.012701,0.0127380,0.2913,1774045279660
gate,binance,QUSDT,0.012701,0.0127380,0.2913,1774045279961
gate,binance,QUSDT,0.012701,0.0127380,0.2913,1774045280261
gate,binance,QUSDT,0.012701,0.0127380,0.2913,1774045280561
gate,binance,QUSDT,0.012701,0.0127380,0.2913,1774045280872
gate,binance,QUSDT,0.012701,0.0127380,0.2913,1774045281184
gate,binance,QUSDT,0.012701,0.0127380,0.2913,1774045281500
gate,binance,QUSDT,0.012701,0.0127380,0.2913,1774045281812
gate,binance,QUSDT,0.012701,0.0127380,0.2913,1774045282119
gate,binance,QUSDT,0.012701,0.0127380,0.2913,1774045282432
gate,binance,QUSDT,0.012701,0.0127380,0.2913,1774045282742
gate,binance,QUSDT,0.012701,0.0127380,0.2913,1774045283057
gate,binance,QUSDT,0.012701,0.0127380,0.2913,1774045283385
gate,binance,QUSDT,0.012701,0.0127380,0.2913,1774045283695
gate,binance,QUSDT,0.012701,0.0127380,0.2913,1774045284006
gate,binance,QUSDT,0.012701,0.0127380,0.2913,1774045284319
gate,binance,QUSDT,0.012701,0.0127380,0.2913,1774045284629
gate,binance,QUSDT,0.012701,0.0127380,0.2913,1774045284939
gate,binance,QUSDT,0.012701,0.0127380,0.2913,1774045285249
gate,binance,QUSDT,0.012701,0.0127380,0.2913,1774045285562
gate,binance,QUSDT,0.012701,0.0127380,0.2913,1774045285862
gate,binance,QUSDT,0.012701,0.0127380,0.2913,1774045286163
gate,binance,QUSDT,0.012701,0.0127380,0.2913,1774045286463
gate,binance,QUSDT,0.012701,0.0127380,0.2913,1774045286763
gate,binance,QUSDT,0.012701,0.0127380,0.2913,1774045287063
gate,binance,QUSDT,0.012701,0.0127380,0.2913,1774045287363
gate,binance,QUSDT,0.012701,0.0127380,0.2913,1774045287663
gate,binance,QUSDT,0.012701,0.0127380,0.2913,1774045287965
gate,binance,QUSDT,0.012701,0.0127380,0.2913,1774045288265
gate,binance,QUSDT,0.012701,0.0127380,0.2913,1774045288565
gate,binance,QUSDT,0.012701,0.0127380,0.2913,1774045288865
gate,binance,QUSDT,0.012701,0.0127380,0.2913,1774045289165
gate,binance,QUSDT,0.012701,0.0127380,0.2913,1774045289466
gate,binance,QUSDT,0.012701,0.0127380,0.2913,1774045289766
gate,binance,QUSDT,0.012701,0.0127380,0.2913,1774045290069
gate,binance,QUSDT,0.012701,0.0127380,0.2913,1774045290369
gate,binance,QUSDT,0.012701,0.0127380,0.2913,1774045290672
gate,binance,QUSDT,0.012701,0.0127380,0.2913,1774045290972
gate,binance,QUSDT,0.012701,0.0127380,0.2913,1774045291272
gate,binance,QUSDT,0.012701,0.0127380,0.2913,1774045291572
gate,binance,QUSDT,0.012701,0.0127380,0.2913,1774045291873
gate,binance,QUSDT,0.012701,0.0127380,0.2913,1774045292173
gate,binance,QUSDT,0.012701,0.0127380,0.2913,1774045292475
gate,binance,QUSDT,0.012701,0.0127380,0.2913,1774045292776
gate,binance,QUSDT,0.012701,0.0127380,0.2913,1774045293077
gate,binance,QUSDT,0.012701,0.0127380,0.2913,1774045293378
gate,binance,QUSDT,0.012701,0.0127380,0.2913,1774045293678
gate,binance,QUSDT,0.012695,0.0127230,0.2206,1774045293978
gate,binance,QUSDT,0.012695,0.0127200,0.1969,1774045294286
gate,binance,QUSDT,0.012695,0.0127190,0.1891,1774045294601
gate,binance,QUSDT,0.012695,0.0127180,0.1812,1774045294909
gate,binance,QUSDT,0.012695,0.0127170,0.1733,1774045295217
gate,binance,QUSDT,0.012695,0.0127170,0.1733,1774045295524
gate,binance,QUSDT,0.012695,0.0127170,0.1733,1774045295841
gate,binance,QUSDT,0.012695,0.0127170,0.1733,1774045296157
gate,binance,QUSDT,0.012695,0.0127170,0.1733,1774045296470
gate,binance,QUSDT,0.012695,0.0127170,0.1733,1774045296785
gate,binance,QUSDT,0.012695,0.0127170,0.1733,1774045297100
gate,binance,QUSDT,0.012695,0.0127170,0.1733,1774045297408
gate,binance,QUSDT,0.012695,0.0127170,0.1733,1774045297715
gate,binance,QUSDT,0.012695,0.0127170,0.1733,1774045298026
gate,binance,QUSDT,0.012695,0.0127170,0.1733,1774045298337
gate,binance,QUSDT,0.012695,0.0127170,0.1733,1774045298650
gate,binance,QUSDT,0.012695,0.0127170,0.1733,1774045298959
gate,binance,QUSDT,0.012695,0.0127170,0.1733,1774045299271
gate,binance,QUSDT,0.012695,0.0127170,0.1733,1774045299579
gate,binance,QUSDT,0.012695,0.0127170,0.1733,1774045299891
gate,binance,QUSDT,0.012695,0.0127170,0.1733,1774045300203
gate,binance,QUSDT,0.012695,0.0127170,0.1733,1774045300515
gate,binance,QUSDT,0.012695,0.0127170,0.1733,1774045300829
gate,binance,QUSDT,0.012695,0.0127170,0.1733,1774045301145
gate,binance,QUSDT,0.012695,0.0127170,0.1733,1774045301459
gate,binance,QUSDT,0.012695,0.0127170,0.1733,1774045301771
gate,binance,QUSDT,0.012695,0.0127170,0.1733,1774045302077
gate,binance,QUSDT,0.012695,0.0127170,0.1733,1774045302385
gate,binance,QUSDT,0.012695,0.0127170,0.1733,1774045302690
gate,binance,QUSDT,0.012695,0.0127170,0.1733,1774045302994
gate,binance,QUSDT,0.012695,0.0127170,0.1733,1774045303301
gate,binance,QUSDT,0.012695,0.0127170,0.1733,1774045303623
gate,binance,QUSDT,0.012695,0.0127170,0.1733,1774045303933
gate,binance,QUSDT,0.012695,0.0127170,0.1733,1774045304248
gate,binance,QUSDT,0.012695,0.0127170,0.1733,1774045304560
gate,binance,QUSDT,0.012695,0.0127170,0.1733,1774045304866
gate,binance,QUSDT,0.012695,0.0127170,0.1733,1774045305171
gate,binance,QUSDT,0.012695,0.0127170,0.1733,1774045305490
gate,binance,QUSDT,0.012695,0.0127170,0.1733,1774045305795
gate,binance,QUSDT,0.012695,0.0127170,0.1733,1774045306117
gate,binance,QUSDT,0.012695,0.0127170,0.1733,1774045306425
gate,binance,QUSDT,0.012695,0.0127170,0.1733,1774045306731
gate,binance,QUSDT,0.012695,0.0127170,0.1733,1774045307043
gate,binance,QUSDT,0.012695,0.0127170,0.1733,1774045307350
gate,binance,QUSDT,0.012695,0.0127170,0.1733,1774045307655
gate,binance,QUSDT,0.012695,0.0127170,0.1733,1774045307959
gate,binance,QUSDT,0.012695,0.0127170,0.1733,1774045308265
gate,binance,QUSDT,0.012695,0.0127170,0.1733,1774045308566
gate,binance,QUSDT,0.012695,0.0127160,0.1654,1774045308866
gate,binance,QUSDT,0.012695,0.0127170,0.1733,1774045309166
gate,binance,QUSDT,0.012695,0.0127170,0.1733,1774045309467
gate,binance,QUSDT,0.012695,0.0127170,0.1733,1774045309767
gate,binance,QUSDT,0.012695,0.0127170,0.1733,1774045310068
gate,binance,QUSDT,0.012695,0.0127170,0.1733,1774045310368
gate,binance,QUSDT,0.012695,0.0127170,0.1733,1774045310668
gate,binance,QUSDT,0.012695,0.0127170,0.1733,1774045310968
gate,binance,QUSDT,0.012695,0.0127160,0.1654,1774045311268
gate,binance,QUSDT,0.012695,0.0127160,0.1654,1774045311568
gate,binance,QUSDT,0.012695,0.0127160,0.1654,1774045311869
gate,binance,QUSDT,0.012695,0.0127160,0.1654,1774045312171
gate,binance,QUSDT,0.012695,0.0127160,0.1654,1774045312472
gate,binance,QUSDT,0.012695,0.0127160,0.1654,1774045312773
gate,binance,QUSDT,0.012731,0.0127160,-0.1178,1774045313074
gate,binance,QUSDT,0.012696,0.0127120,0.126,1774045313374
gate,binance,QUSDT,0.012693,0.0127120,0.1497,1774045313674
gate,binance,QUSDT,0.012691,0.0127080,0.134,1774045313974
gate,binance,QUSDT,0.012691,0.0127080,0.134,1774045314274
gate,binance,QUSDT,0.012691,0.0127080,0.134,1774045314576
gate,binance,QUSDT,0.012691,0.0127080,0.134,1774045314876
gate,binance,QUSDT,0.012691,0.0127080,0.134,1774045315177
gate,binance,QUSDT,0.012691,0.0127080,0.134,1774045315477
gate,binance,QUSDT,0.012691,0.0127080,0.134,1774045315777
gate,binance,QUSDT,0.012691,0.0127080,0.134,1774045316077
gate,binance,QUSDT,0.012691,0.0127070,0.1261,1774045316377
gate,binance,QUSDT,0.012691,0.0127070,0.1261,1774045316678
gate,binance,QUSDT,0.012689,0.0127070,0.1419,1774045316978
gate,binance,QUSDT,0.01269,0.0127070,0.134,1774045317278
gate,binance,QUSDT,0.01269,0.0127070,0.134,1774045317578
gate,binance,QUSDT,0.01269,0.0127070,0.134,1774045317880
gate,binance,QUSDT,0.01269,0.0127070,0.134,1774045318180
gate,binance,QUSDT,0.01269,0.0127070,0.134,1774045318481
gate,binance,QUSDT,0.01269,0.0127070,0.134,1774045318781
gate,binance,QUSDT,0.01269,0.0127070,0.134,1774045319082
gate,binance,QUSDT,0.01269,0.0127070,0.134,1774045319382
gate,binance,QUSDT,0.01269,0.0127070,0.134,1774045319693
gate,binance,QUSDT,0.01269,0.0127070,0.134,1774045319993
gate,binance,QUSDT,0.01269,0.0127070,0.134,1774045320296
gate,binance,QUSDT,0.012696,0.0127090,0.1024,1774045320604
gate,binance,QUSDT,0.012696,0.0127110,0.1181,1774045320911
gate,binance,QUSDT,0.012696,0.0127120,0.126,1774045321226
gate,binance,QUSDT,0.012696,0.0127120,0.126,1774045321534
gate,binance,QUSDT,0.012696,0.0127120,0.126,1774045321840
gate,binance,QUSDT,0.012696,0.0127120,0.126,1774045322140
gate,binance,QUSDT,0.012696,0.0127120,0.126,1774045322441
gate,binance,QUSDT,0.012696,0.0127120,0.126,1774045322742
gate,binance,QUSDT,0.012696,0.0127120,0.126,1774045323045
gate,binance,QUSDT,0.012696,0.0127120,0.126,1774045323353
gate,binance,QUSDT,0.012696,0.0127120,0.126,1774045323661
gate,binance,QUSDT,0.012696,0.0127120,0.126,1774045323961
gate,binance,QUSDT,0.012696,0.0127120,0.126,1774045324261
gate,binance,QUSDT,0.012696,0.0127120,0.126,1774045324561
gate,binance,QUSDT,0.012696,0.0127120,0.126,1774045324861
gate,binance,QUSDT,0.012696,0.0127120,0.126,1774045325163
gate,binance,QUSDT,0.012696,0.0127120,0.126,1774045325467
gate,binance,QUSDT,0.012696,0.0127120,0.126,1774045325767
gate,binance,QUSDT,0.012696,0.0127120,0.126,1774045326067
gate,binance,QUSDT,0.012696,0.0127120,0.126,1774045326368
gate,binance,QUSDT,0.012696,0.0127120,0.126,1774045326668
gate,binance,QUSDT,0.012696,0.0127120,0.126,1774045326968
gate,binance,QUSDT,0.012696,0.0127120,0.126,1774045327268
gate,binance,QUSDT,0.012696,0.0127120,0.126,1774045327568
gate,binance,QUSDT,0.012696,0.0127120,0.126,1774045327869
gate,binance,QUSDT,0.012696,0.0127120,0.126,1774045328169
gate,binance,QUSDT,0.012696,0.0127120,0.126,1774045328469
gate,binance,QUSDT,0.012696,0.0127120,0.126,1774045328770
gate,binance,QUSDT,0.012696,0.0127120,0.126,1774045329070
gate,binance,QUSDT,0.012696,0.0127120,0.126,1774045329371
gate,binance,QUSDT,0.012696,0.0127120,0.126,1774045329671
gate,binance,QUSDT,0.012696,0.0127120,0.126,1774045329971
gate,binance,QUSDT,0.012696,0.0127120,0.126,1774045330272
gate,binance,QUSDT,0.012696,0.0127120,0.126,1774045330572
gate,binance,QUSDT,0.012696,0.0127120,0.126,1774045330872
gate,binance,QUSDT,0.012696,0.0127120,0.126,1774045331172
gate,binance,QUSDT,0.012696,0.0127120,0.126,1774045331472
gate,binance,QUSDT,0.012696,0.0127120,0.126,1774045331772
gate,binance,QUSDT,0.012696,0.0127120,0.126,1774045332073
gate,binance,QUSDT,0.012696,0.0127120,0.126,1774045332373
gate,binance,QUSDT,0.012696,0.0127120,0.126,1774045332680
gate,binance,QUSDT,0.012696,0.0127120,0.126,1774045332985
gate,binance,QUSDT,0.012696,0.0127120,0.126,1774045333285
gate,binance,QUSDT,0.012696,0.0127120,0.126,1774045333586
gate,binance,QUSDT,0.012696,0.0127120,0.126,1774045333886
gate,binance,QUSDT,0.012696,0.0127120,0.126,1774045334188
