spot_exch,fut_exch,symbol,ask_spot,bid_futures,spread_pct,ts
gate,bybit,BSUUSDT,0.05342,0.05392,0.936,1774044898000
gate,bybit,BSUUSDT,0.05342,0.05394,0.9734,1774044987000
gate,bybit,BSUUSDT,0.05342,0.05394,0.9734,1774045020000
gate,bybit,BSUUSDT,0.05342,0.05395,0.9921,1774045033000
gate,bybit,BSUUSDT,0.05342,0.05395,0.9921,1774045045000
gate,bybit,BSUUSDT,0.05342,0.05392,0.936,1774045080000
gate,bybit,BSUUSDT,0.05342,0.05396,1.0109,1774045080688
gate,bybit,BSUUSDT,0.05342,0.05396,1.0109,1774045080988
gate,bybit,BSUUSDT,0.05342,0.05396,1.0109,1774045081288
gate,bybit,BSUUSDT,0.05342,0.05396,1.0109,1774045081602
gate,bybit,BSUUSDT,0.05342,0.05396,1.0109,1774045081914
gate,bybit,BSUUSDT,0.05342,0.05396,1.0109,1774045082228
gate,bybit,BSUUSDT,0.05342,0.05396,1.0109,1774045082542
gate,bybit,BSUUSDT,0.05342,0.05396,1.0109,1774045082854
gate,bybit,BSUUSDT,0.05342,0.05396,1.0109,1774045083169
gate,bybit,BSUUSDT,0.05342,0.05396,1.0109,1774045083476
gate,bybit,BSUUSDT,0.05342,0.05396,1.0109,1774045083781
gate,bybit,BSUUSDT,0.05342,0.05396,1.0109,1774045084081
gate,bybit,BSUUSDT,0.05342,0.05396,1.0109,1774045084381
gate,bybit,BSUUSDT,0.05342,0.05396,1.0109,1774045084681
gate,bybit,BSUUSDT,0.05342,0.05396,1.0109,1774045084983
gate,bybit,BSUUSDT,0.05342,0.05396,1.0109,1774045085283
gate,bybit,BSUUSDT,0.05342,0.05396,1.0109,1774045085592
gate,bybit,BSUUSDT,0.05342,0.05396,1.0109,1774045085892
gate,bybit,BSUUSDT,0.05342,0.05396,1.0109,1774045086194
gate,bybit,BSUUSDT,0.05342,0.05396,1.0109,1774045086495
gate,bybit,BSUUSDT,0.05342,0.05396,1.0109,1774045086799
gate,bybit,BSUUSDT,0.05342,0.05396,1.0109,1774045087107
gate,bybit,BSUUSDT,0.05342,0.05396,1.0109,1774045087409
gate,bybit,BSUUSDT,0.05342,0.05396,1.0109,1774045087711
gate,bybit,BSUUSDT,0.05342,0.05396,1.0109,1774045088013
gate,bybit,BSUUSDT,0.05342,0.05396,1.0109,1774045088317
gate,bybit,BSUUSDT,0.05342,0.05396,1.0109,1774045088618
gate,bybit,BSUUSDT,0.05342,0.05396,1.0109,1774045088920
gate,bybit,BSUUSDT,0.05342,0.05396,1.0109,1774045089226
gate,bybit,BSUUSDT,0.05342,0.05396,1.0109,1774045089526
gate,bybit,BSUUSDT,0.05342,0.05396,1.0109,1774045089828
gate,bybit,BSUUSDT,0.05342,0.05396,1.0109,1774045090132
gate,bybit,BSUUSDT,0.05342,0.05396,1.0109,1774045090432
gate,bybit,BSUUSDT,0.05342,0.05396,1.0109,1774045090732
gate,bybit,BSUUSDT,0.05342,0.05396,1.0109,1774045091032
gate,bybit,BSUUSDT,0.05342,0.05396,1.0109,1774045091334
gate,bybit,BSUUSDT,0.05342,0.05396,1.0109,1774045091634
gate,bybit,BSUUSDT,0.05342,0.05396,1.0109,1774045091935
gate,bybit,BSUUSDT,0.05342,0.05396,1.0109,1774045092235
gate,bybit,BSUUSDT,0.05342,0.05396,1.0109,1774045092535
gate,bybit,BSUUSDT,0.05342,0.05396,1.0109,1774045092835
gate,bybit,BSUUSDT,0.05342,0.05396,1.0109,1774045093135
gate,bybit,BSUUSDT,0.05342,0.05396,1.0109,1774045093436
gate,bybit,BSUUSDT,0.05342,0.05396,1.0109,1774045093736
gate,bybit,BSUUSDT,0.05342,0.05396,1.0109,1774045094036
gate,bybit,BSUUSDT,0.05342,0.05396,1.0109,1774045094336
gate,bybit,BSUUSDT,0.05342,0.05396,1.0109,1774045094636
gate,bybit,BSUUSDT,0.05342,0.05396,1.0109,1774045094936
gate,bybit,BSUUSDT,0.05342,0.05396,1.0109,1774045095242
gate,bybit,BSUUSDT,0.05342,0.05396,1.0109,1774045095553
gate,bybit,BSUUSDT,0.05342,0.05396,1.0109,1774045095855
gate,bybit,BSUUSDT,0.05342,0.05396,1.0109,1774045096155
gate,bybit,BSUUSDT,0.05342,0.05396,1.0109,1774045096455
gate,bybit,BSUUSDT,0.05342,0.05396,1.0109,1774045096755
gate,bybit,BSUUSDT,0.05342,0.05396,1.0109,1774045097059
gate,bybit,BSUUSDT,0.05342,0.05396,1.0109,1774045097377
gate,bybit,BSUUSDT,0.05342,0.05396,1.0109,1774045097680
gate,bybit,BSUUSDT,0.05342,0.05396,1.0109,1774045097980
gate,bybit,BSUUSDT,0.05342,0.05396,1.0109,1774045098280
gate,bybit,BSUUSDT,0.05342,0.05396,1.0109,1774045098580
gate,bybit,BSUUSDT,0.05342,0.05396,1.0109,1774045098880
gate,bybit,BSUUSDT,0.05342,0.05396,1.0109,1774045099180
gate,bybit,BSUUSDT,0.05342,0.05396,1.0109,1774045099481
gate,bybit,BSUUSDT,0.05342,0.05396,1.0109,1774045099781
gate,bybit,BSUUSDT,0.05342,0.05396,1.0109,1774045100081
gate,bybit,BSUUSDT,0.05342,0.05396,1.0109,1774045100381
gate,bybit,BSUUSDT,0.05342,0.05396,1.0109,1774045100682
gate,bybit,BSUUSDT,0.05342,0.05396,1.0109,1774045100982
gate,bybit,BSUUSDT,0.05342,0.05396,1.0109,1774045101283
gate,bybit,BSUUSDT,0.05342,0.05396,1.0109,1774045101583
gate,bybit,BSUUSDT,0.05342,0.05396,1.0109,1774045101884
gate,bybit,BSUUSDT,0.05342,0.05396,1.0109,1774045102184
gate,bybit,BSUUSDT,0.05342,0.05396,1.0109,1774045102484
gate,bybit,BSUUSDT,0.05342,0.05396,1.0109,1774045102784
gate,bybit,BSUUSDT,0.05342,0.05396,1.0109,1774045103084
gate,bybit,BSUUSDT,0.05342,0.05396,1.0109,1774045103385
gate,bybit,BSUUSDT,0.05342,0.05396,1.0109,1774045103685
gate,bybit,BSUUSDT,0.05342,0.05396,1.0109,1774045103985
gate,bybit,BSUUSDT,0.05342,0.05396,1.0109,1774045104285
gate,bybit,BSUUSDT,0.05342,0.05396,1.0109,1774045104585
gate,bybit,BSUUSDT,0.05342,0.05396,1.0109,1774045104886
gate,bybit,BSUUSDT,0.05342,0.05396,1.0109,1774045105186
gate,bybit,BSUUSDT,0.05342,0.05396,1.0109,1774045105486
gate,bybit,BSUUSDT,0.05342,0.05396,1.0109,1774045105786
gate,bybit,BSUUSDT,0.05342,0.05396,1.0109,1774045106086
gate,bybit,BSUUSDT,0.05342,0.05396,1.0109,1774045106387
gate,bybit,BSUUSDT,0.05342,0.05396,1.0109,1774045106687
gate,bybit,BSUUSDT,0.05342,0.05396,1.0109,1774045106987
gate,bybit,BSUUSDT,0.05342,0.05396,1.0109,1774045107288
gate,bybit,BSUUSDT,0.05342,0.05396,1.0109,1774045107588
gate,bybit,BSUUSDT,0.05342,0.05396,1.0109,1774045107888
gate,bybit,BSUUSDT,0.05342,0.05396,1.0109,1774045108188
gate,bybit,BSUUSDT,0.05342,0.05396,1.0109,1774045108488
gate,bybit,BSUUSDT,0.05342,0.05396,1.0109,1774045108788
gate,bybit,BSUUSDT,0.05342,0.05396,1.0109,1774045109088
gate,bybit,BSUUSDT,0.05342,0.05396,1.0109,1774045109389
gate,bybit,BSUUSDT,0.05342,0.05396,1.0109,1774045109689
gate,bybit,BSUUSDT,0.05342,0.05396,1.0109,1774045109989
gate,bybit,BSUUSDT,0.05342,0.05396,1.0109,1774045110289
gate,bybit,BSUUSDT,0.05342,0.05396,1.0109,1774045110589
gate,bybit,BSUUSDT,0.05342,0.05396,1.0109,1774045110889
gate,bybit,BSUUSDT,0.05342,0.05396,1.0109,1774045111190
gate,bybit,BSUUSDT,0.05342,0.05396,1.0109,1774045111491
gate,bybit,BSUUSDT,0.05342,0.05396,1.0109,1774045111805
gate,bybit,BSUUSDT,0.05342,0.05396,1.0109,1774045112109
gate,bybit,BSUUSDT,0.05342,0.05396,1.0109,1774045112413
gate,bybit,BSUUSDT,0.05342,0.05396,1.0109,1774045112728
gate,bybit,BSUUSDT,0.05342,0.05396,1.0109,1774045113039
gate,bybit,BSUUSDT,0.05342,0.05396,1.0109,1774045113352
gate,bybit,BSUUSDT,0.05342,0.05396,1.0109,1774045113665
gate,bybit,BSUUSDT,0.05342,0.05396,1.0109,1774045113971
gate,bybit,BSUUSDT,0.05342,0.05396,1.0109,1774045114280
gate,bybit,BSUUSDT,0.05342,0.05396,1.0109,1774045114580
gate,bybit,BSUUSDT,0.05342,0.05396,1.0109,1774045114880
gate,bybit,BSUUSDT,0.05342,0.05396,1.0109,1774045115180
gate,bybit,BSUUSDT,0.05342,0.05396,1.0109,1774045115480
gate,bybit,BSUUSDT,0.05342,0.05396,1.0109,1774045115780
gate,bybit,BSUUSDT,0.05342,0.05396,1.0109,1774045116081
gate,bybit,BSUUSDT,0.05342,0.05396,1.0109,1774045116381
gate,bybit,BSUUSDT,0.05342,0.05396,1.0109,1774045116681
gate,bybit,BSUUSDT,0.05342,0.05396,1.0109,1774045116983
gate,bybit,BSUUSDT,0.05342,0.05396,1.0109,1774045117283
gate,bybit,BSUUSDT,0.05342,0.05396,1.0109,1774045117583
gate,bybit,BSUUSDT,0.05342,0.05396,1.0109,1774045117883
gate,bybit,BSUUSDT,0.05342,0.05396,1.0109,1774045118183
gate,bybit,BSUUSDT,0.05342,0.05396,1.0109,1774045118484
gate,bybit,BSUUSDT,0.05342,0.05396,1.0109,1774045118784
gate,bybit,BSUUSDT,0.05342,0.05396,1.0109,1774045119085
gate,bybit,BSUUSDT,0.05342,0.05396,1.0109,1774045119385
gate,bybit,BSUUSDT,0.05342,0.05396,1.0109,1774045119686
gate,bybit,BSUUSDT,0.05342,0.05396,1.0109,1774045119986
gate,bybit,BSUUSDT,0.05342,0.05396,1.0109,1774045120286
gate,bybit,BSUUSDT,0.05342,0.05396,1.0109,1774045120586
gate,bybit,BSUUSDT,0.05342,0.05396,1.0109,1774045120886
gate,bybit,BSUUSDT,0.05342,0.05396,1.0109,1774045121186
gate,bybit,BSUUSDT,0.05342,0.05396,1.0109,1774045121487
gate,bybit,BSUUSDT,0.05342,0.05396,1.0109,1774045121787
gate,bybit,BSUUSDT,0.05342,0.05396,1.0109,1774045122087
gate,bybit,BSUUSDT,0.05342,0.05396,1.0109,1774045122387
gate,bybit,BSUUSDT,0.05342,0.05396,1.0109,1774045122688
gate,bybit,BSUUSDT,0.05342,0.05396,1.0109,1774045122988
gate,bybit,BSUUSDT,0.05342,0.05396,1.0109,1774045123289
gate,bybit,BSUUSDT,0.05342,0.05396,1.0109,1774045123590
gate,bybit,BSUUSDT,0.05342,0.05396,1.0109,1774045123890
gate,bybit,BSUUSDT,0.05342,0.05396,1.0109,1774045124191
gate,bybit,BSUUSDT,0.05342,0.05396,1.0109,1774045124491
gate,bybit,BSUUSDT,0.05342,0.05396,1.0109,1774045124791
gate,bybit,BSUUSDT,0.05342,0.05396,1.0109,1774045125091
gate,bybit,BSUUSDT,0.05342,0.05396,1.0109,1774045125391
gate,bybit,BSUUSDT,0.05342,0.05396,1.0109,1774045125692
gate,bybit,BSUUSDT,0.05342,0.05396,1.0109,1774045125992
gate,bybit,BSUUSDT,0.05342,0.05396,1.0109,1774045126304
gate,bybit,BSUUSDT,0.05342,0.05396,1.0109,1774045126610
gate,bybit,BSUUSDT,0.05342,0.05396,1.0109,1774045126912
gate,bybit,BSUUSDT,0.05342,0.05396,1.0109,1774045127215
gate,bybit,BSUUSDT,0.05342,0.05396,1.0109,1774045127518
gate,bybit,BSUUSDT,0.05342,0.05396,1.0109,1774045127819
gate,bybit,BSUUSDT,0.05342,0.05396,1.0109,1774045128124
gate,bybit,BSUUSDT,0.05342,0.05396,1.0109,1774045128431
gate,bybit,BSUUSDT,0.05342,0.05396,1.0109,1774045128733
gate,bybit,BSUUSDT,0.05342,0.05396,1.0109,1774045129034
gate,bybit,BSUUSDT,0.05342,0.05396,1.0109,1774045129334
gate,bybit,BSUUSDT,0.05342,0.05396,1.0109,1774045129634
gate,bybit,BSUUSDT,0.05342,0.05396,1.0109,1774045129934
gate,bybit,BSUUSDT,0.05342,0.05396,1.0109,1774045130235
gate,bybit,BSUUSDT,0.05342,0.05396,1.0109,1774045130535
gate,bybit,BSUUSDT,0.05342,0.05396,1.0109,1774045130839
gate,bybit,BSUUSDT,0.05342,0.05396,1.0109,1774045131140
gate,bybit,BSUUSDT,0.05342,0.05396,1.0109,1774045131440
gate,bybit,BSUUSDT,0.05342,0.05396,1.0109,1774045131740
gate,bybit,BSUUSDT,0.05342,0.05396,1.0109,1774045132040
gate,bybit,BSUUSDT,0.05342,0.05396,1.0109,1774045132340
gate,bybit,BSUUSDT,0.05342,0.05396,1.0109,1774045132641
gate,bybit,BSUUSDT,0.05342,0.05396,1.0109,1774045132941
gate,bybit,BSUUSDT,0.05342,0.05396,1.0109,1774045133241
gate,bybit,BSUUSDT,0.05342,0.05396,1.0109,1774045133541
gate,bybit,BSUUSDT,0.05342,0.05396,1.0109,1774045133842
gate,bybit,BSUUSDT,0.05342,0.05396,1.0109,1774045134142
gate,bybit,BSUUSDT,0.05342,0.05396,1.0109,1774045134442
gate,bybit,BSUUSDT,0.05342,0.05396,1.0109,1774045134742
gate,bybit,BSUUSDT,0.05342,0.05396,1.0109,1774045135043
gate,bybit,BSUUSDT,0.05342,0.05396,1.0109,1774045135344
gate,bybit,BSUUSDT,0.05342,0.05396,1.0109,1774045135646
gate,bybit,BSUUSDT,0.05342,0.05396,1.0109,1774045135947
gate,bybit,BSUUSDT,0.05342,0.05396,1.0109,1774045136247
gate,bybit,BSUUSDT,0.05342,0.05396,1.0109,1774045136547
gate,bybit,BSUUSDT,0.05342,0.05396,1.0109,1774045136848
gate,bybit,BSUUSDT,0.05342,0.05396,1.0109,1774045137149
gate,bybit,BSUUSDT,0.05342,0.05396,1.0109,1774045137456
gate,bybit,BSUUSDT,0.05342,0.05396,1.0109,1774045137762
gate,bybit,BSUUSDT,0.05342,0.05396,1.0109,1774045138069
gate,bybit,BSUUSDT,0.05342,0.05396,1.0109,1774045138369
gate,bybit,BSUUSDT,0.05342,0.05396,1.0109,1774045138671
gate,bybit,BSUUSDT,0.05342,0.05396,1.0109,1774045138977
gate,bybit,BSUUSDT,0.05342,0.05396,1.0109,1774045139283
gate,bybit,BSUUSDT,0.05342,0.05396,1.0109,1774045139583
gate,bybit,BSUUSDT,0.05342,0.05396,1.0109,1774045139884
gate,bybit,BSUUSDT,0.05342,0.05396,1.0109,1774045140185
gate,bybit,BSUUSDT,0.05342,0.05397,1.0296,1774045140487
gate,bybit,BSUUSDT,0.05342,0.05397,1.0296,1774045140795
gate,bybit,BSUUSDT,0.05342,0.05397,1.0296,1774045141099
gate,bybit,BSUUSDT,0.05342,0.05397,1.0296,1774045141412
gate,bybit,BSUUSDT,0.05342,0.05397,1.0296,1774045141719
gate,bybit,BSUUSDT,0.05342,0.05397,1.0296,1774045142025
gate,bybit,BSUUSDT,0.05342,0.05397,1.0296,1774045142332
gate,bybit,BSUUSDT,0.05342,0.05397,1.0296,1774045142636
gate,bybit,BSUUSDT,0.05342,0.05397,1.0296,1774045142949
gate,bybit,BSUUSDT,0.05342,0.05397,1.0296,1774045143258
gate,bybit,BSUUSDT,0.05342,0.05397,1.0296,1774045143559
gate,bybit,BSUUSDT,0.05342,0.05397,1.0296,1774045143860
gate,bybit,BSUUSDT,0.05342,0.05397,1.0296,1774045144167
gate,bybit,BSUUSDT,0.05342,0.05397,1.0296,1774045144472
gate,bybit,BSUUSDT,0.05342,0.05397,1.0296,1774045144781
gate,bybit,BSUUSDT,0.05342,0.05397,1.0296,1774045145088
gate,bybit,BSUUSDT,0.05342,0.05397,1.0296,1774045145389
gate,bybit,BSUUSDT,0.05342,0.05397,1.0296,1774045145689
gate,bybit,BSUUSDT,0.05342,0.05397,1.0296,1774045145989
gate,bybit,BSUUSDT,0.05342,0.05397,1.0296,1774045146290
gate,bybit,BSUUSDT,0.05342,0.05397,1.0296,1774045146591
gate,bybit,BSUUSDT,0.05342,0.05397,1.0296,1774045146891
gate,bybit,BSUUSDT,0.05342,0.05397,1.0296,1774045147191
gate,bybit,BSUUSDT,0.05342,0.05397,1.0296,1774045147492
gate,bybit,BSUUSDT,0.05342,0.05397,1.0296,1774045147793
gate,bybit,BSUUSDT,0.05342,0.05397,1.0296,1774045148093
gate,bybit,BSUUSDT,0.05342,0.05397,1.0296,1774045148394
gate,bybit,BSUUSDT,0.05342,0.05397,1.0296,1774045148694
gate,bybit,BSUUSDT,0.05342,0.05397,1.0296,1774045148996
gate,bybit,BSUUSDT,0.05342,0.05397,1.0296,1774045149299
gate,bybit,BSUUSDT,0.05342,0.05397,1.0296,1774045149604
gate,bybit,BSUUSDT,0.05342,0.05397,1.0296,1774045149907
gate,bybit,BSUUSDT,0.05342,0.05397,1.0296,1774045150214
gate,bybit,BSUUSDT,0.05342,0.05397,1.0296,1774045150517
gate,bybit,BSUUSDT,0.05342,0.05397,1.0296,1774045150820
gate,bybit,BSUUSDT,0.05342,0.05397,1.0296,1774045151126
gate,bybit,BSUUSDT,0.05342,0.05397,1.0296,1774045151426
gate,bybit,BSUUSDT,0.05342,0.05397,1.0296,1774045151729
gate,bybit,BSUUSDT,0.05342,0.05397,1.0296,1774045152029
gate,bybit,BSUUSDT,0.05342,0.05397,1.0296,1774045152329
gate,bybit,BSUUSDT,0.05342,0.05397,1.0296,1774045152630
gate,bybit,BSUUSDT,0.05342,0.05397,1.0296,1774045152931
gate,bybit,BSUUSDT,0.05342,0.05397,1.0296,1774045153234
gate,bybit,BSUUSDT,0.05342,0.05397,1.0296,1774045153544
gate,bybit,BSUUSDT,0.05342,0.05397,1.0296,1774045153845
gate,bybit,BSUUSDT,0.05342,0.05397,1.0296,1774045154145
gate,bybit,BSUUSDT,0.05342,0.05397,1.0296,1774045154445
gate,bybit,BSUUSDT,0.05342,0.05397,1.0296,1774045154745
gate,bybit,BSUUSDT,0.05342,0.05397,1.0296,1774045155046
gate,bybit,BSUUSDT,0.05342,0.05397,1.0296,1774045155346
gate,bybit,BSUUSDT,0.05342,0.05397,1.0296,1774045155647
gate,bybit,BSUUSDT,0.05342,0.05397,1.0296,1774045155948
gate,bybit,BSUUSDT,0.05342,0.05397,1.0296,1774045156248
gate,bybit,BSUUSDT,0.05342,0.05397,1.0296,1774045156548
gate,bybit,BSUUSDT,0.05342,0.05397,1.0296,1774045156848
gate,bybit,BSUUSDT,0.05342,0.05397,1.0296,1774045157148
gate,bybit,BSUUSDT,0.05342,0.05397,1.0296,1774045157450
gate,bybit,BSUUSDT,0.05342,0.05397,1.0296,1774045157751
gate,bybit,BSUUSDT,0.05342,0.05397,1.0296,1774045158051
gate,bybit,BSUUSDT,0.05342,0.05397,1.0296,1774045158351
gate,bybit,BSUUSDT,0.05342,0.05397,1.0296,1774045158651
gate,bybit,BSUUSDT,0.05342,0.05397,1.0296,1774045158951
gate,bybit,BSUUSDT,0.05342,0.05397,1.0296,1774045159252
gate,bybit,BSUUSDT,0.05342,0.05397,1.0296,1774045159553
gate,bybit,BSUUSDT,0.05342,0.05397,1.0296,1774045159853
gate,bybit,BSUUSDT,0.05342,0.05397,1.0296,1774045160154
gate,bybit,BSUUSDT,0.05342,0.05397,1.0296,1774045160455
gate,bybit,BSUUSDT,0.05342,0.05397,1.0296,1774045160755
gate,bybit,BSUUSDT,0.05342,0.05397,1.0296,1774045161055
gate,bybit,BSUUSDT,0.05342,0.05397,1.0296,1774045161356
gate,bybit,BSUUSDT,0.05342,0.05397,1.0296,1774045161656
gate,bybit,BSUUSDT,0.05342,0.05397,1.0296,1774045161956
gate,bybit,BSUUSDT,0.05342,0.05397,1.0296,1774045162257
gate,bybit,BSUUSDT,0.05342,0.05397,1.0296,1774045162558
gate,bybit,BSUUSDT,0.05342,0.05397,1.0296,1774045162859
gate,bybit,BSUUSDT,0.05342,0.05397,1.0296,1774045163159
gate,bybit,BSUUSDT,0.05342,0.05397,1.0296,1774045163459
gate,bybit,BSUUSDT,0.05342,0.05397,1.0296,1774045163759
gate,bybit,BSUUSDT,0.05342,0.05397,1.0296,1774045164059
gate,bybit,BSUUSDT,0.05342,0.05397,1.0296,1774045164360
gate,bybit,BSUUSDT,0.05342,0.05397,1.0296,1774045164660
gate,bybit,BSUUSDT,0.05342,0.05397,1.0296,1774045164960
gate,bybit,BSUUSDT,0.05342,0.05397,1.0296,1774045165260
gate,bybit,BSUUSDT,0.05342,0.05397,1.0296,1774045165560
gate,bybit,BSUUSDT,0.05342,0.05397,1.0296,1774045165860
gate,bybit,BSUUSDT,0.05342,0.05397,1.0296,1774045166160
gate,bybit,BSUUSDT,0.05342,0.05397,1.0296,1774045166460
gate,bybit,BSUUSDT,0.05342,0.05397,1.0296,1774045166760
gate,bybit,BSUUSDT,0.05342,0.05397,1.0296,1774045167061
gate,bybit,BSUUSDT,0.05342,0.05397,1.0296,1774045167361
gate,bybit,BSUUSDT,0.05342,0.05397,1.0296,1774045167661
gate,bybit,BSUUSDT,0.05342,0.05397,1.0296,1774045167961
gate,bybit,BSUUSDT,0.05342,0.05397,1.0296,1774045168261
gate,bybit,BSUUSDT,0.05342,0.05397,1.0296,1774045168562
gate,bybit,BSUUSDT,0.05342,0.05397,1.0296,1774045168862
gate,bybit,BSUUSDT,0.05342,0.05397,1.0296,1774045169162
gate,bybit,BSUUSDT,0.05342,0.05397,1.0296,1774045169462
gate,bybit,BSUUSDT,0.05342,0.05397,1.0296,1774045169763
gate,bybit,BSUUSDT,0.05342,0.05397,1.0296,1774045170063
gate,bybit,BSUUSDT,0.05342,0.05397,1.0296,1774045170363
gate,bybit,BSUUSDT,0.05342,0.05397,1.0296,1774045170663
gate,bybit,BSUUSDT,0.05342,0.05397,1.0296,1774045170964
gate,bybit,BSUUSDT,0.05342,0.05397,1.0296,1774045171264
gate,bybit,BSUUSDT,0.05342,0.05397,1.0296,1774045171564
gate,bybit,BSUUSDT,0.05342,0.05397,1.0296,1774045171865
gate,bybit,BSUUSDT,0.05342,0.05397,1.0296,1774045172165
gate,bybit,BSUUSDT,0.05342,0.05397,1.0296,1774045172465
gate,bybit,BSUUSDT,0.05342,0.05397,1.0296,1774045172767
gate,bybit,BSUUSDT,0.05342,0.05397,1.0296,1774045173080
gate,bybit,BSUUSDT,0.05342,0.05397,1.0296,1774045173397
gate,bybit,BSUUSDT,0.05342,0.05397,1.0296,1774045173704
gate,bybit,BSUUSDT,0.05342,0.05397,1.0296,1774045174015
gate,bybit,BSUUSDT,0.05342,0.05397,1.0296,1774045174319
gate,bybit,BSUUSDT,0.05342,0.05397,1.0296,1774045174623
gate,bybit,BSUUSDT,0.05342,0.05397,1.0296,1774045174926
gate,bybit,BSUUSDT,0.05342,0.05397,1.0296,1774045175230
gate,bybit,BSUUSDT,0.05342,0.05397,1.0296,1774045175531
gate,bybit,BSUUSDT,0.05342,0.05397,1.0296,1774045175831
gate,bybit,BSUUSDT,0.05342,0.05397,1.0296,1774045176132
gate,bybit,BSUUSDT,0.05342,0.05397,1.0296,1774045176447
gate,bybit,BSUUSDT,0.05342,0.05397,1.0296,1774045176747
gate,bybit,BSUUSDT,0.05342,0.05397,1.0296,1774045177047
gate,bybit,BSUUSDT,0.05342,0.05397,1.0296,1774045177347
gate,bybit,BSUUSDT,0.05342,0.05397,1.0296,1774045177648
gate,bybit,BSUUSDT,0.05342,0.05397,1.0296,1774045177948
gate,bybit,BSUUSDT,0.05342,0.05397,1.0296,1774045178248
gate,bybit,BSUUSDT,0.05342,0.05397,1.0296,1774045178548
gate,bybit,BSUUSDT,0.05342,0.05397,1.0296,1774045178848
gate,bybit,BSUUSDT,0.05342,0.05397,1.0296,1774045179148
gate,bybit,BSUUSDT,0.05342,0.05397,1.0296,1774045179448
gate,bybit,BSUUSDT,0.05342,0.05397,1.0296,1774045179749
gate,bybit,BSUUSDT,0.05342,0.05397,1.0296,1774045180049
gate,bybit,BSUUSDT,0.05342,0.05397,1.0296,1774045180349
gate,bybit,BSUUSDT,0.05342,0.05397,1.0296,1774045180649
gate,bybit,BSUUSDT,0.05342,0.05397,1.0296,1774045180949
gate,bybit,BSUUSDT,0.05342,0.05397,1.0296,1774045181249
gate,bybit,BSUUSDT,0.05342,0.05397,1.0296,1774045181565
gate,bybit,BSUUSDT,0.05342,0.05397,1.0296,1774045181866
gate,bybit,BSUUSDT,0.05342,0.05397,1.0296,1774045182166
gate,bybit,BSUUSDT,0.05342,0.05397,1.0296,1774045182466
gate,bybit,BSUUSDT,0.05342,0.05397,1.0296,1774045182766
gate,bybit,BSUUSDT,0.05342,0.05397,1.0296,1774045183066
gate,bybit,BSUUSDT,0.05342,0.05397,1.0296,1774045183366
gate,bybit,BSUUSDT,0.05342,0.05397,1.0296,1774045183667
gate,bybit,BSUUSDT,0.05342,0.05397,1.0296,1774045183967
gate,bybit,BSUUSDT,0.05342,0.05397,1.0296,1774045184268
gate,bybit,BSUUSDT,0.05342,0.05397,1.0296,1774045184569
gate,bybit,BSUUSDT,0.05342,0.05397,1.0296,1774045184869
gate,bybit,BSUUSDT,0.05342,0.05397,1.0296,1774045185169
gate,bybit,BSUUSDT,0.05342,0.05397,1.0296,1774045185469
gate,bybit,BSUUSDT,0.05342,0.05397,1.0296,1774045185769
gate,bybit,BSUUSDT,0.05342,0.05397,1.0296,1774045186069
gate,bybit,BSUUSDT,0.05342,0.05397,1.0296,1774045186369
gate,bybit,BSUUSDT,0.05342,0.05397,1.0296,1774045186669
gate,bybit,BSUUSDT,0.05342,0.05397,1.0296,1774045186970
gate,bybit,BSUUSDT,0.05342,0.05397,1.0296,1774045187270
gate,bybit,BSUUSDT,0.05342,0.05397,1.0296,1774045187570
gate,bybit,BSUUSDT,0.05342,0.05397,1.0296,1774045187870
gate,bybit,BSUUSDT,0.05342,0.05397,1.0296,1774045188170
gate,bybit,BSUUSDT,0.05342,0.05397,1.0296,1774045188470
gate,bybit,BSUUSDT,0.05342,0.05397,1.0296,1774045188770
gate,bybit,BSUUSDT,0.05342,0.05397,1.0296,1774045189071
gate,bybit,BSUUSDT,0.05342,0.05397,1.0296,1774045189371
gate,bybit,BSUUSDT,0.05342,0.05397,1.0296,1774045189671
gate,bybit,BSUUSDT,0.05342,0.05397,1.0296,1774045189971
gate,bybit,BSUUSDT,0.05342,0.05397,1.0296,1774045190271
gate,bybit,BSUUSDT,0.05342,0.05397,1.0296,1774045190571
gate,bybit,BSUUSDT,0.05342,0.05397,1.0296,1774045190872
gate,bybit,BSUUSDT,0.05342,0.05397,1.0296,1774045191172
gate,bybit,BSUUSDT,0.05342,0.05397,1.0296,1774045191472
gate,bybit,BSUUSDT,0.05342,0.05397,1.0296,1774045191773
gate,bybit,BSUUSDT,0.05342,0.05397,1.0296,1774045192073
gate,bybit,BSUUSDT,0.05342,0.05397,1.0296,1774045192373
gate,bybit,BSUUSDT,0.05342,0.05397,1.0296,1774045192673
gate,bybit,BSUUSDT,0.05342,0.05397,1.0296,1774045192973
gate,bybit,BSUUSDT,0.05342,0.05397,1.0296,1774045193274
gate,bybit,BSUUSDT,0.05342,0.05397,1.0296,1774045193574
gate,bybit,BSUUSDT,0.05342,0.05397,1.0296,1774045193874
gate,bybit,BSUUSDT,0.05342,0.05397,1.0296,1774045194174
gate,bybit,BSUUSDT,0.05342,0.05397,1.0296,1774045194475
gate,bybit,BSUUSDT,0.05342,0.05397,1.0296,1774045194775
gate,bybit,BSUUSDT,0.05342,0.05397,1.0296,1774045195075
gate,bybit,BSUUSDT,0.05342,0.05397,1.0296,1774045195375
gate,bybit,BSUUSDT,0.05342,0.05397,1.0296,1774045195675
gate,bybit,BSUUSDT,0.05342,0.05397,1.0296,1774045195976
gate,bybit,BSUUSDT,0.05342,0.05397,1.0296,1774045196291
gate,bybit,BSUUSDT,0.05342,0.05397,1.0296,1774045196602
gate,bybit,BSUUSDT,0.05342,0.05397,1.0296,1774045196912
gate,bybit,BSUUSDT,0.05342,0.05397,1.0296,1774045197220
gate,bybit,BSUUSDT,0.05342,0.05397,1.0296,1774045197534
gate,bybit,BSUUSDT,0.05342,0.05397,1.0296,1774045197848
gate,bybit,BSUUSDT,0.05342,0.05397,1.0296,1774045198164
gate,bybit,BSUUSDT,0.05342,0.05397,1.0296,1774045198474
gate,bybit,BSUUSDT,0.05342,0.05397,1.0296,1774045198778
gate,bybit,BSUUSDT,0.05342,0.05397,1.0296,1774045199084
gate,bybit,BSUUSDT,0.05342,0.05397,1.0296,1774045199388
gate,bybit,BSUUSDT,0.05342,0.05397,1.0296,1774045199695
gate,bybit,BSUUSDT,0.05342,0.05397,1.0296,1774045200002
gate,bybit,BSUUSDT,0.05342,0.05397,1.0296,1774045200315
gate,bybit,BSUUSDT,0.05341,0.05398,1.0672,1774045200625
gate,bybit,BSUUSDT,0.05341,0.05398,1.0672,1774045200933
gate,bybit,BSUUSDT,0.05341,0.05398,1.0672,1774045201246
gate,bybit,BSUUSDT,0.05341,0.05398,1.0672,1774045201553
gate,bybit,BSUUSDT,0.05341,0.05398,1.0672,1774045201864
gate,bybit,BSUUSDT,0.05341,0.05398,1.0672,1774045202177
gate,bybit,BSUUSDT,0.05341,0.05398,1.0672,1774045202483
gate,bybit,BSUUSDT,0.05341,0.05398,1.0672,1774045202796
gate,bybit,BSUUSDT,0.05341,0.05398,1.0672,1774045203108
gate,bybit,BSUUSDT,0.05341,0.05398,1.0672,1774045203417
gate,bybit,BSUUSDT,0.05341,0.05398,1.0672,1774045203726
gate,bybit,BSUUSDT,0.05341,0.05398,1.0672,1774045204035
gate,bybit,BSUUSDT,0.05341,0.05398,1.0672,1774045204349
gate,bybit,BSUUSDT,0.05341,0.05398,1.0672,1774045204662
gate,bybit,BSUUSDT,0.05341,0.05398,1.0672,1774045204978
gate,bybit,BSUUSDT,0.05341,0.05398,1.0672,1774045205284
gate,bybit,BSUUSDT,0.05341,0.05398,1.0672,1774045205591
gate,bybit,BSUUSDT,0.05341,0.05398,1.0672,1774045205904
gate,bybit,BSUUSDT,0.05341,0.05398,1.0672,1774045206211
gate,bybit,BSUUSDT,0.05341,0.05398,1.0672,1774045206521
gate,bybit,BSUUSDT,0.05341,0.05398,1.0672,1774045206833
gate,bybit,BSUUSDT,0.05341,0.05398,1.0672,1774045207146
gate,bybit,BSUUSDT,0.05341,0.05398,1.0672,1774045207457
gate,bybit,BSUUSDT,0.05341,0.05398,1.0672,1774045207769
gate,bybit,BSUUSDT,0.05341,0.05398,1.0672,1774045208080
gate,bybit,BSUUSDT,0.05341,0.05398,1.0672,1774045208390
gate,bybit,BSUUSDT,0.05341,0.05398,1.0672,1774045208701
gate,bybit,BSUUSDT,0.05341,0.05398,1.0672,1774045209011
gate,bybit,BSUUSDT,0.05341,0.05398,1.0672,1774045209325
gate,bybit,BSUUSDT,0.05341,0.05398,1.0672,1774045209631
gate,bybit,BSUUSDT,0.05341,0.05398,1.0672,1774045209944
gate,bybit,BSUUSDT,0.05341,0.05398,1.0672,1774045210250
gate,bybit,BSUUSDT,0.05341,0.05398,1.0672,1774045210551
gate,bybit,BSUUSDT,0.05341,0.05398,1.0672,1774045210851
gate,bybit,BSUUSDT,0.05341,0.05398,1.0672,1774045211151
gate,bybit,BSUUSDT,0.05341,0.05398,1.0672,1774045211452
gate,bybit,BSUUSDT,0.05341,0.05398,1.0672,1774045211752
gate,bybit,BSUUSDT,0.05341,0.05398,1.0672,1774045212052
gate,bybit,BSUUSDT,0.05341,0.05398,1.0672,1774045212356
gate,bybit,BSUUSDT,0.05341,0.05398,1.0672,1774045212656
gate,bybit,BSUUSDT,0.05341,0.05398,1.0672,1774045212956
gate,bybit,BSUUSDT,0.05341,0.05398,1.0672,1774045213257
gate,bybit,BSUUSDT,0.05341,0.05398,1.0672,1774045213567
gate,bybit,BSUUSDT,0.05341,0.05398,1.0672,1774045213869
gate,bybit,BSUUSDT,0.05341,0.05398,1.0672,1774045214169
gate,bybit,BSUUSDT,0.05341,0.05398,1.0672,1774045214484
gate,bybit,BSUUSDT,0.05341,0.05398,1.0672,1774045214788
gate,bybit,BSUUSDT,0.05341,0.05398,1.0672,1774045215088
gate,bybit,BSUUSDT,0.05341,0.05398,1.0672,1774045215388
gate,bybit,BSUUSDT,0.05341,0.05398,1.0672,1774045215688
gate,bybit,BSUUSDT,0.05341,0.05398,1.0672,1774045215988
gate,bybit,BSUUSDT,0.05341,0.05398,1.0672,1774045216289
gate,bybit,BSUUSDT,0.05341,0.05398,1.0672,1774045216589
gate,bybit,BSUUSDT,0.05341,0.05398,1.0672,1774045216889
gate,bybit,BSUUSDT,0.05341,0.05398,1.0672,1774045217189
gate,bybit,BSUUSDT,0.05341,0.05398,1.0672,1774045217489
gate,bybit,BSUUSDT,0.05341,0.05398,1.0672,1774045217789
gate,bybit,BSUUSDT,0.05341,0.05398,1.0672,1774045218090
gate,bybit,BSUUSDT,0.05341,0.05398,1.0672,1774045218390
gate,bybit,BSUUSDT,0.05341,0.05398,1.0672,1774045218690
gate,bybit,BSUUSDT,0.05341,0.05398,1.0672,1774045218991
gate,bybit,BSUUSDT,0.05341,0.05398,1.0672,1774045219291
gate,bybit,BSUUSDT,0.05341,0.05398,1.0672,1774045219591
gate,bybit,BSUUSDT,0.05341,0.05398,1.0672,1774045219892
gate,bybit,BSUUSDT,0.05341,0.05398,1.0672,1774045220192
gate,bybit,BSUUSDT,0.05341,0.05398,1.0672,1774045220493
gate,bybit,BSUUSDT,0.05341,0.05398,1.0672,1774045220793
gate,bybit,BSUUSDT,0.05341,0.05398,1.0672,1774045221095
gate,bybit,BSUUSDT,0.05341,0.05398,1.0672,1774045221397
gate,bybit,BSUUSDT,0.05341,0.05398,1.0672,1774045221704
gate,bybit,BSUUSDT,0.05341,0.05398,1.0672,1774045222006
gate,bybit,BSUUSDT,0.05341,0.05398,1.0672,1774045222307
gate,bybit,BSUUSDT,0.05341,0.05398,1.0672,1774045222611
gate,bybit,BSUUSDT,0.05341,0.05398,1.0672,1774045222912
gate,bybit,BSUUSDT,0.05341,0.05398,1.0672,1774045223213
gate,bybit,BSUUSDT,0.05341,0.05398,1.0672,1774045223518
gate,bybit,BSUUSDT,0.05341,0.05398,1.0672,1774045223821
gate,bybit,BSUUSDT,0.05341,0.05398,1.0672,1774045224124
gate,bybit,BSUUSDT,0.05341,0.05398,1.0672,1774045224428
gate,bybit,BSUUSDT,0.05341,0.05398,1.0672,1774045224731
gate,bybit,BSUUSDT,0.05341,0.05398,1.0672,1774045225032
gate,bybit,BSUUSDT,0.05341,0.05398,1.0672,1774045225335
gate,bybit,BSUUSDT,0.05341,0.05398,1.0672,1774045225635
gate,bybit,BSUUSDT,0.05341,0.05398,1.0672,1774045225935
gate,bybit,BSUUSDT,0.05341,0.05398,1.0672,1774045226235
gate,bybit,BSUUSDT,0.05341,0.05398,1.0672,1774045226535
gate,bybit,BSUUSDT,0.05341,0.05398,1.0672,1774045226835
gate,bybit,BSUUSDT,0.05341,0.05398,1.0672,1774045227136
gate,bybit,BSUUSDT,0.05341,0.05398,1.0672,1774045227439
gate,bybit,BSUUSDT,0.05341,0.05398,1.0672,1774045227740
gate,bybit,BSUUSDT,0.05341,0.05398,1.0672,1774045228040
gate,bybit,BSUUSDT,0.05341,0.05398,1.0672,1774045228340
gate,bybit,BSUUSDT,0.05341,0.05398,1.0672,1774045228640
gate,bybit,BSUUSDT,0.05341,0.05398,1.0672,1774045228940
gate,bybit,BSUUSDT,0.05341,0.05398,1.0672,1774045229240
gate,bybit,BSUUSDT,0.05341,0.05398,1.0672,1774045229540
gate,bybit,BSUUSDT,0.05341,0.05398,1.0672,1774045229840
gate,bybit,BSUUSDT,0.05341,0.05398,1.0672,1774045230141
gate,bybit,BSUUSDT,0.05341,0.05398,1.0672,1774045230441
gate,bybit,BSUUSDT,0.05341,0.05398,1.0672,1774045230748
gate,bybit,BSUUSDT,0.05341,0.05398,1.0672,1774045231048
gate,bybit,BSUUSDT,0.05341,0.05398,1.0672,1774045231348
gate,bybit,BSUUSDT,0.05341,0.05398,1.0672,1774045231649
gate,bybit,BSUUSDT,0.05341,0.05398,1.0672,1774045231949
gate,bybit,BSUUSDT,0.05341,0.05398,1.0672,1774045232250
gate,bybit,BSUUSDT,0.05341,0.05398,1.0672,1774045232563
gate,bybit,BSUUSDT,0.05341,0.05398,1.0672,1774045232867
gate,bybit,BSUUSDT,0.05341,0.05398,1.0672,1774045233169
gate,bybit,BSUUSDT,0.05341,0.05398,1.0672,1774045233469
gate,bybit,BSUUSDT,0.05341,0.05398,1.0672,1774045233770
gate,bybit,BSUUSDT,0.05341,0.05398,1.0672,1774045234070
gate,bybit,BSUUSDT,0.05341,0.05398,1.0672,1774045234370
gate,bybit,BSUUSDT,0.05341,0.05398,1.0672,1774045234670
gate,bybit,BSUUSDT,0.05341,0.05398,1.0672,1774045234971
gate,bybit,BSUUSDT,0.05341,0.05398,1.0672,1774045235271
gate,bybit,BSUUSDT,0.05341,0.05398,1.0672,1774045235571
gate,bybit,BSUUSDT,0.05341,0.05398,1.0672,1774045235873
gate,bybit,BSUUSDT,0.05341,0.05398,1.0672,1774045236173
gate,bybit,BSUUSDT,0.05341,0.05398,1.0672,1774045236474
gate,bybit,BSUUSDT,0.05341,0.05398,1.0672,1774045236778
gate,bybit,BSUUSDT,0.05341,0.05398,1.0672,1774045237078
gate,bybit,BSUUSDT,0.05341,0.05398,1.0672,1774045237378
gate,bybit,BSUUSDT,0.05341,0.05398,1.0672,1774045237678
gate,bybit,BSUUSDT,0.05341,0.05398,1.0672,1774045237978
gate,bybit,BSUUSDT,0.05341,0.05398,1.0672,1774045238279
gate,bybit,BSUUSDT,0.05341,0.05398,1.0672,1774045238579
gate,bybit,BSUUSDT,0.05341,0.05398,1.0672,1774045238879
gate,bybit,BSUUSDT,0.05341,0.05398,1.0672,1774045239180
gate,bybit,BSUUSDT,0.05341,0.05398,1.0672,1774045239480
gate,bybit,BSUUSDT,0.05341,0.05398,1.0672,1774045239780
gate,bybit,BSUUSDT,0.05341,0.05398,1.0672,1774045240081
gate,bybit,BSUUSDT,0.05341,0.05398,1.0672,1774045240381
gate,bybit,BSUUSDT,0.05341,0.05398,1.0672,1774045240681
gate,bybit,BSUUSDT,0.05341,0.05398,1.0672,1774045240981
gate,bybit,BSUUSDT,0.05341,0.05398,1.0672,1774045241281
gate,bybit,BSUUSDT,0.05341,0.05398,1.0672,1774045241582
gate,bybit,BSUUSDT,0.05341,0.05398,1.0672,1774045241882
gate,bybit,BSUUSDT,0.05341,0.05398,1.0672,1774045242182
gate,bybit,BSUUSDT,0.05341,0.05398,1.0672,1774045242482
gate,bybit,BSUUSDT,0.05341,0.05398,1.0672,1774045242782
gate,bybit,BSUUSDT,0.05341,0.05398,1.0672,1774045243082
gate,bybit,BSUUSDT,0.05341,0.05398,1.0672,1774045243383
gate,bybit,BSUUSDT,0.05341,0.05398,1.0672,1774045243683
gate,bybit,BSUUSDT,0.05341,0.05398,1.0672,1774045243983
gate,bybit,BSUUSDT,0.05341,0.05398,1.0672,1774045244283
gate,bybit,BSUUSDT,0.05341,0.05398,1.0672,1774045244583
gate,bybit,BSUUSDT,0.05341,0.05398,1.0672,1774045244884
gate,bybit,BSUUSDT,0.05341,0.05398,1.0672,1774045245184
gate,bybit,BSUUSDT,0.05341,0.05398,1.0672,1774045245484
gate,bybit,BSUUSDT,0.05341,0.05398,1.0672,1774045245784
gate,bybit,BSUUSDT,0.05341,0.05398,1.0672,1774045246085
gate,bybit,BSUUSDT,0.05341,0.05398,1.0672,1774045246386
gate,bybit,BSUUSDT,0.05341,0.05398,1.0672,1774045246686
gate,bybit,BSUUSDT,0.05341,0.05398,1.0672,1774045246986
gate,bybit,BSUUSDT,0.05341,0.05398,1.0672,1774045247286
gate,bybit,BSUUSDT,0.05341,0.05398,1.0672,1774045247586
gate,bybit,BSUUSDT,0.05341,0.05398,1.0672,1774045247886
gate,bybit,BSUUSDT,0.05341,0.05398,1.0672,1774045248187
gate,bybit,BSUUSDT,0.05341,0.05398,1.0672,1774045248487
gate,bybit,BSUUSDT,0.05341,0.05398,1.0672,1774045248787
gate,bybit,BSUUSDT,0.05341,0.05398,1.0672,1774045249088
gate,bybit,BSUUSDT,0.05341,0.05398,1.0672,1774045249388
gate,bybit,BSUUSDT,0.05341,0.05398,1.0672,1774045249688
gate,bybit,BSUUSDT,0.05341,0.05398,1.0672,1774045249988
gate,bybit,BSUUSDT,0.05341,0.05398,1.0672,1774045250288
gate,bybit,BSUUSDT,0.05341,0.05398,1.0672,1774045250588
gate,bybit,BSUUSDT,0.05341,0.05398,1.0672,1774045250889
gate,bybit,BSUUSDT,0.05341,0.05398,1.0672,1774045251201
gate,bybit,BSUUSDT,0.05341,0.05398,1.0672,1774045251517
gate,bybit,BSUUSDT,0.05341,0.05398,1.0672,1774045251821
gate,bybit,BSUUSDT,0.05341,0.05398,1.0672,1774045252129
gate,bybit,BSUUSDT,0.05341,0.05398,1.0672,1774045252429
gate,bybit,BSUUSDT,0.05341,0.05398,1.0672,1774045252729
gate,bybit,BSUUSDT,0.05341,0.05398,1.0672,1774045253030
gate,bybit,BSUUSDT,0.05341,0.05398,1.0672,1774045253338
gate,bybit,BSUUSDT,0.05341,0.05398,1.0672,1774045253638
gate,bybit,BSUUSDT,0.05341,0.05398,1.0672,1774045253938
gate,bybit,BSUUSDT,0.05341,0.05398,1.0672,1774045254239
gate,bybit,BSUUSDT,0.05341,0.05398,1.0672,1774045254539
gate,bybit,BSUUSDT,0.05341,0.05398,1.0672,1774045254839
gate,bybit,BSUUSDT,0.05341,0.05398,1.0672,1774045255150
gate,bybit,BSUUSDT,0.05341,0.05398,1.0672,1774045255458
gate,bybit,BSUUSDT,0.05341,0.05398,1.0672,1774045255758
gate,bybit,BSUUSDT,0.05341,0.05398,1.0672,1774045256058
gate,bybit,BSUUSDT,0.05341,0.05398,1.0672,1774045256358
gate,bybit,BSUUSDT,0.05341,0.05398,1.0672,1774045256658
gate,bybit,BSUUSDT,0.05341,0.05398,1.0672,1774045256958
gate,bybit,BSUUSDT,0.05341,0.05398,1.0672,1774045257259
gate,bybit,BSUUSDT,0.05341,0.05398,1.0672,1774045257559
gate,bybit,BSUUSDT,0.05341,0.05398,1.0672,1774045257859
gate,bybit,BSUUSDT,0.05341,0.05398,1.0672,1774045258159
gate,bybit,BSUUSDT,0.05341,0.05398,1.0672,1774045258460
gate,bybit,BSUUSDT,0.05342,0.05398,1.0483,1774045258760
gate,bybit,BSUUSDT,0.05342,0.05398,1.0483,1774045259060
gate,bybit,BSUUSDT,0.05342,0.05398,1.0483,1774045259360
gate,bybit,BSUUSDT,0.05342,0.05398,1.0483,1774045259660
gate,bybit,BSUUSDT,0.05342,0.05398,1.0483,1774045259961
gate,bybit,BSUUSDT,0.05342,0.05398,1.0483,1774045260268
gate,bybit,BSUUSDT,0.05342,0.05399,1.067,1774045260574
gate,bybit,BSUUSDT,0.05342,0.05399,1.067,1774045260886
gate,bybit,BSUUSDT,0.05342,0.05399,1.067,1774045261186
gate,bybit,BSUUSDT,0.05342,0.05399,1.067,1774045261486
gate,bybit,BSUUSDT,0.05342,0.05399,1.067,1774045261787
gate,bybit,BSUUSDT,0.05342,0.05399,1.067,1774045262087
gate,bybit,BSUUSDT,0.05342,0.05399,1.067,1774045262395
gate,bybit,BSUUSDT,0.05342,0.05399,1.067,1774045262704
gate,bybit,BSUUSDT,0.05342,0.05399,1.067,1774045263014
gate,bybit,BSUUSDT,0.05342,0.05399,1.067,1774045263328
gate,bybit,BSUUSDT,0.05342,0.05399,1.067,1774045263644
gate,bybit,BSUUSDT,0.05342,0.05399,1.067,1774045263944
gate,bybit,BSUUSDT,0.05342,0.05399,1.067,1774045264244
gate,bybit,BSUUSDT,0.05342,0.05399,1.067,1774045264545
gate,bybit,BSUUSDT,0.05342,0.05399,1.067,1774045264845
gate,bybit,BSUUSDT,0.05342,0.05399,1.067,1774045265153
gate,bybit,BSUUSDT,0.05342,0.05399,1.067,1774045265453
gate,bybit,BSUUSDT,0.05342,0.05399,1.067,1774045265754
gate,bybit,BSUUSDT,0.05342,0.05399,1.067,1774045266054
gate,bybit,BSUUSDT,0.05342,0.05399,1.067,1774045266354
gate,bybit,BSUUSDT,0.05342,0.05399,1.067,1774045266655
gate,bybit,BSUUSDT,0.05342,0.05399,1.067,1774045266956
gate,bybit,BSUUSDT,0.05342,0.05399,1.067,1774045267260
gate,bybit,BSUUSDT,0.05342,0.05399,1.067,1774045267560
gate,bybit,BSUUSDT,0.05342,0.05399,1.067,1774045267860
gate,bybit,BSUUSDT,0.05342,0.05399,1.067,1774045268160
gate,bybit,BSUUSDT,0.05342,0.05399,1.067,1774045268474
gate,bybit,BSUUSDT,0.05342,0.05399,1.067,1774045268774
gate,bybit,BSUUSDT,0.05342,0.05399,1.067,1774045269074
gate,bybit,BSUUSDT,0.05342,0.05399,1.067,1774045269375
gate,bybit,BSUUSDT,0.05342,0.05399,1.067,1774045269676
gate,bybit,BSUUSDT,0.05342,0.05399,1.067,1774045269980
gate,bybit,BSUUSDT,0.05342,0.05399,1.067,1774045270289
gate,bybit,BSUUSDT,0.05342,0.05399,1.067,1774045270589
gate,bybit,BSUUSDT,0.05342,0.05399,1.067,1774045270889
gate,bybit,BSUUSDT,0.05342,0.05399,1.067,1774045271189
gate,bybit,BSUUSDT,0.05342,0.05399,1.067,1774045271490
gate,bybit,BSUUSDT,0.05342,0.05399,1.067,1774045271791
gate,bybit,BSUUSDT,0.05342,0.05399,1.067,1774045272091
gate,bybit,BSUUSDT,0.05342,0.05399,1.067,1774045272391
gate,bybit,BSUUSDT,0.05342,0.05399,1.067,1774045272691
gate,bybit,BSUUSDT,0.05342,0.05399,1.067,1774045272991
gate,bybit,BSUUSDT,0.05342,0.05399,1.067,1774045273301
gate,bybit,BSUUSDT,0.05342,0.05399,1.067,1774045273614
gate,bybit,BSUUSDT,0.05342,0.05399,1.067,1774045273922
gate,bybit,BSUUSDT,0.05342,0.05399,1.067,1774045274230
gate,bybit,BSUUSDT,0.05342,0.05399,1.067,1774045274534
gate,bybit,BSUUSDT,0.05342,0.05399,1.067,1774045274834
gate,bybit,BSUUSDT,0.05342,0.05399,1.067,1774045275138
gate,bybit,BSUUSDT,0.05342,0.05399,1.067,1774045275438
gate,bybit,BSUUSDT,0.05342,0.05399,1.067,1774045275738
gate,bybit,BSUUSDT,0.05342,0.05399,1.067,1774045276038
gate,bybit,BSUUSDT,0.05342,0.05399,1.067,1774045276341
gate,bybit,BSUUSDT,0.05342,0.05399,1.067,1774045276641
gate,bybit,BSUUSDT,0.05342,0.05399,1.067,1774045276953
gate,bybit,BSUUSDT,0.05342,0.05399,1.067,1774045277256
gate,bybit,BSUUSDT,0.05342,0.05399,1.067,1774045277556
gate,bybit,BSUUSDT,0.05342,0.05399,1.067,1774045277856
gate,bybit,BSUUSDT,0.05342,0.05399,1.067,1774045278156
gate,bybit,BSUUSDT,0.05342,0.05399,1.067,1774045278458
gate,bybit,BSUUSDT,0.05342,0.05399,1.067,1774045278758
gate,bybit,BSUUSDT,0.05342,0.05399,1.067,1774045279058
gate,bybit,BSUUSDT,0.05342,0.05399,1.067,1774045279360
gate,bybit,BSUUSDT,0.05342,0.05399,1.067,1774045279660
gate,bybit,BSUUSDT,0.05342,0.05399,1.067,1774045279961
gate,bybit,BSUUSDT,0.05342,0.05399,1.067,1774045280261
gate,bybit,BSUUSDT,0.05342,0.05399,1.067,1774045280561
gate,bybit,BSUUSDT,0.05342,0.05399,1.067,1774045280872
gate,bybit,BSUUSDT,0.05342,0.05399,1.067,1774045281184
gate,bybit,BSUUSDT,0.05342,0.05399,1.067,1774045281500
gate,bybit,BSUUSDT,0.05342,0.05399,1.067,1774045281812
gate,bybit,BSUUSDT,0.05342,0.05399,1.067,1774045282119
gate,bybit,BSUUSDT,0.05342,0.05399,1.067,1774045282432
gate,bybit,BSUUSDT,0.05342,0.05399,1.067,1774045282742
gate,bybit,BSUUSDT,0.05342,0.05399,1.067,1774045283057
gate,bybit,BSUUSDT,0.05342,0.05399,1.067,1774045283385
gate,bybit,BSUUSDT,0.05342,0.05399,1.067,1774045283695
gate,bybit,BSUUSDT,0.05342,0.05399,1.067,1774045284006
gate,bybit,BSUUSDT,0.05342,0.05399,1.067,1774045284319
gate,bybit,BSUUSDT,0.05342,0.05399,1.067,1774045284629
gate,bybit,BSUUSDT,0.05342,0.05399,1.067,1774045284939
gate,bybit,BSUUSDT,0.05342,0.05399,1.067,1774045285249
gate,bybit,BSUUSDT,0.05342,0.05399,1.067,1774045285562
gate,bybit,BSUUSDT,0.05342,0.05399,1.067,1774045285862
gate,bybit,BSUUSDT,0.05342,0.05399,1.067,1774045286163
gate,bybit,BSUUSDT,0.05342,0.05399,1.067,1774045286463
gate,bybit,BSUUSDT,0.05342,0.05399,1.067,1774045286763
gate,bybit,BSUUSDT,0.05342,0.05399,1.067,1774045287063
gate,bybit,BSUUSDT,0.05342,0.05399,1.067,1774045287363
gate,bybit,BSUUSDT,0.05342,0.05399,1.067,1774045287663
gate,bybit,BSUUSDT,0.05342,0.05399,1.067,1774045287965
gate,bybit,BSUUSDT,0.05342,0.05399,1.067,1774045288265
gate,bybit,BSUUSDT,0.05342,0.05399,1.067,1774045288565
gate,bybit,BSUUSDT,0.05342,0.05399,1.067,1774045288865
gate,bybit,BSUUSDT,0.05342,0.05399,1.067,1774045289165
gate,bybit,BSUUSDT,0.05342,0.05399,1.067,1774045289466
gate,bybit,BSUUSDT,0.05342,0.05399,1.067,1774045289766
gate,bybit,BSUUSDT,0.05342,0.05399,1.067,1774045290069
gate,bybit,BSUUSDT,0.05342,0.05399,1.067,1774045290369
gate,bybit,BSUUSDT,0.05342,0.05399,1.067,1774045290672
gate,bybit,BSUUSDT,0.05342,0.05399,1.067,1774045290972
gate,bybit,BSUUSDT,0.05342,0.05399,1.067,1774045291272
gate,bybit,BSUUSDT,0.05342,0.05399,1.067,1774045291572
gate,bybit,BSUUSDT,0.05342,0.05399,1.067,1774045291873
gate,bybit,BSUUSDT,0.05342,0.05399,1.067,1774045292173
gate,bybit,BSUUSDT,0.05342,0.05399,1.067,1774045292475
gate,bybit,BSUUSDT,0.05342,0.05399,1.067,1774045292776
gate,bybit,BSUUSDT,0.05342,0.05399,1.067,1774045293077
gate,bybit,BSUUSDT,0.05342,0.05399,1.067,1774045293378
gate,bybit,BSUUSDT,0.05342,0.05399,1.067,1774045293678
gate,bybit,BSUUSDT,0.05342,0.05399,1.067,1774045293978
gate,bybit,BSUUSDT,0.05342,0.05399,1.067,1774045294286
gate,bybit,BSUUSDT,0.05342,0.05399,1.067,1774045294601
gate,bybit,BSUUSDT,0.05342,0.05399,1.067,1774045294909
gate,bybit,BSUUSDT,0.05342,0.05399,1.067,1774045295217
gate,bybit,BSUUSDT,0.05342,0.05399,1.067,1774045295524
gate,bybit,BSUUSDT,0.05342,0.05399,1.067,1774045295841
gate,bybit,BSUUSDT,0.05342,0.05399,1.067,1774045296157
gate,bybit,BSUUSDT,0.05342,0.05399,1.067,1774045296470
gate,bybit,BSUUSDT,0.05342,0.05399,1.067,1774045296785
gate,bybit,BSUUSDT,0.05342,0.05399,1.067,1774045297100
gate,bybit,BSUUSDT,0.05342,0.05399,1.067,1774045297408
gate,bybit,BSUUSDT,0.05342,0.05399,1.067,1774045297715
gate,bybit,BSUUSDT,0.05342,0.05399,1.067,1774045298026
gate,bybit,BSUUSDT,0.05342,0.05399,1.067,1774045298337
gate,bybit,BSUUSDT,0.05342,0.05399,1.067,1774045298650
gate,bybit,BSUUSDT,0.05342,0.05399,1.067,1774045298959
gate,bybit,BSUUSDT,0.05342,0.05399,1.067,1774045299271
gate,bybit,BSUUSDT,0.05342,0.05399,1.067,1774045299579
gate,bybit,BSUUSDT,0.05342,0.05399,1.067,1774045299891
gate,bybit,BSUUSDT,0.05342,0.05399,1.067,1774045300203
gate,bybit,BSUUSDT,0.05342,0.05399,1.067,1774045300515
gate,bybit,BSUUSDT,0.05342,0.05399,1.067,1774045300829
gate,bybit,BSUUSDT,0.05342,0.05399,1.067,1774045301145
gate,bybit,BSUUSDT,0.05342,0.05399,1.067,1774045301459
gate,bybit,BSUUSDT,0.05342,0.05399,1.067,1774045301771
gate,bybit,BSUUSDT,0.05342,0.05399,1.067,1774045302077
gate,bybit,BSUUSDT,0.05342,0.05399,1.067,1774045302385
gate,bybit,BSUUSDT,0.05342,0.05399,1.067,1774045302690
gate,bybit,BSUUSDT,0.05342,0.05399,1.067,1774045302994
gate,bybit,BSUUSDT,0.05342,0.05399,1.067,1774045303301
gate,bybit,BSUUSDT,0.05342,0.05399,1.067,1774045303623
gate,bybit,BSUUSDT,0.05342,0.05399,1.067,1774045303933
gate,bybit,BSUUSDT,0.05342,0.05399,1.067,1774045304248
gate,bybit,BSUUSDT,0.05342,0.05399,1.067,1774045304560
gate,bybit,BSUUSDT,0.05342,0.05399,1.067,1774045304866
gate,bybit,BSUUSDT,0.05342,0.05399,1.067,1774045305171
gate,bybit,BSUUSDT,0.05342,0.05399,1.067,1774045305490
gate,bybit,BSUUSDT,0.05342,0.05399,1.067,1774045305795
gate,bybit,BSUUSDT,0.05342,0.05399,1.067,1774045306117
gate,bybit,BSUUSDT,0.05342,0.05399,1.067,1774045306425
gate,bybit,BSUUSDT,0.05342,0.05399,1.067,1774045306731
gate,bybit,BSUUSDT,0.05342,0.05399,1.067,1774045307043
gate,bybit,BSUUSDT,0.05342,0.05399,1.067,1774045307350
gate,bybit,BSUUSDT,0.05342,0.05399,1.067,1774045307655
gate,bybit,BSUUSDT,0.05342,0.05399,1.067,1774045307959
gate,bybit,BSUUSDT,0.05342,0.05399,1.067,1774045308265
gate,bybit,BSUUSDT,0.05342,0.05399,1.067,1774045308566
gate,bybit,BSUUSDT,0.05342,0.05399,1.067,1774045308866
gate,bybit,BSUUSDT,0.05342,0.05399,1.067,1774045309166
gate,bybit,BSUUSDT,0.05342,0.05399,1.067,1774045309467
gate,bybit,BSUUSDT,0.05342,0.05399,1.067,1774045309767
gate,bybit,BSUUSDT,0.05342,0.05399,1.067,1774045310068
gate,bybit,BSUUSDT,0.05342,0.05399,1.067,1774045310368
gate,bybit,BSUUSDT,0.05342,0.05399,1.067,1774045310668
gate,bybit,BSUUSDT,0.05342,0.05399,1.067,1774045310968
gate,bybit,BSUUSDT,0.05342,0.05399,1.067,1774045311268
gate,bybit,BSUUSDT,0.05342,0.05399,1.067,1774045311568
gate,bybit,BSUUSDT,0.05342,0.05399,1.067,1774045311869
gate,bybit,BSUUSDT,0.05342,0.05399,1.067,1774045312171
gate,bybit,BSUUSDT,0.05342,0.05399,1.067,1774045312472
gate,bybit,BSUUSDT,0.05342,0.05399,1.067,1774045312773
gate,bybit,BSUUSDT,0.05342,0.05399,1.067,1774045313074
gate,bybit,BSUUSDT,0.05342,0.05399,1.067,1774045313374
gate,bybit,BSUUSDT,0.05342,0.05399,1.067,1774045313674
gate,bybit,BSUUSDT,0.05342,0.05399,1.067,1774045313974
gate,bybit,BSUUSDT,0.05342,0.05399,1.067,1774045314274
gate,bybit,BSUUSDT,0.05342,0.05399,1.067,1774045314576
gate,bybit,BSUUSDT,0.05342,0.05399,1.067,1774045314876
gate,bybit,BSUUSDT,0.05342,0.05399,1.067,1774045315177
gate,bybit,BSUUSDT,0.05342,0.05399,1.067,1774045315477
gate,bybit,BSUUSDT,0.05342,0.05399,1.067,1774045315777
gate,bybit,BSUUSDT,0.05342,0.05399,1.067,1774045316077
gate,bybit,BSUUSDT,0.05342,0.05399,1.067,1774045316377
gate,bybit,BSUUSDT,0.05342,0.05399,1.067,1774045316678
gate,bybit,BSUUSDT,0.05342,0.05399,1.067,1774045316978
gate,bybit,BSUUSDT,0.05342,0.05399,1.067,1774045317278
gate,bybit,BSUUSDT,0.05342,0.05399,1.067,1774045317578
gate,bybit,BSUUSDT,0.05342,0.05399,1.067,1774045317880
gate,bybit,BSUUSDT,0.05342,0.05399,1.067,1774045318180
gate,bybit,BSUUSDT,0.05342,0.05399,1.067,1774045318481
gate,bybit,BSUUSDT,0.05342,0.05399,1.067,1774045318781
gate,bybit,BSUUSDT,0.05342,0.05399,1.067,1774045319082
gate,bybit,BSUUSDT,0.05342,0.05399,1.067,1774045319382
gate,bybit,BSUUSDT,0.05342,0.05399,1.067,1774045319693
gate,bybit,BSUUSDT,0.05342,0.05399,1.067,1774045319993
gate,bybit,BSUUSDT,0.05342,0.05399,1.067,1774045320296
gate,bybit,BSUUSDT,0.05342,0.054,1.0857,1774045320604
gate,bybit,BSUUSDT,0.05342,0.054,1.0857,1774045320911
gate,bybit,BSUUSDT,0.05342,0.054,1.0857,1774045321226
gate,bybit,BSUUSDT,0.05342,0.054,1.0857,1774045321534
gate,bybit,BSUUSDT,0.05342,0.054,1.0857,1774045321840
gate,bybit,BSUUSDT,0.05342,0.054,1.0857,1774045322140
gate,bybit,BSUUSDT,0.05342,0.054,1.0857,1774045322441
gate,bybit,BSUUSDT,0.05342,0.054,1.0857,1774045322742
gate,bybit,BSUUSDT,0.05342,0.054,1.0857,1774045323045
gate,bybit,BSUUSDT,0.05342,0.054,1.0857,1774045323353
gate,bybit,BSUUSDT,0.05342,0.054,1.0857,1774045323661
gate,bybit,BSUUSDT,0.05342,0.054,1.0857,1774045323961
gate,bybit,BSUUSDT,0.05342,0.054,1.0857,1774045324261
gate,bybit,BSUUSDT,0.05342,0.054,1.0857,1774045324561
gate,bybit,BSUUSDT,0.05342,0.054,1.0857,1774045324861
gate,bybit,BSUUSDT,0.05342,0.054,1.0857,1774045325163
gate,bybit,BSUUSDT,0.05342,0.054,1.0857,1774045325467
gate,bybit,BSUUSDT,0.05342,0.054,1.0857,1774045325767
gate,bybit,BSUUSDT,0.05342,0.054,1.0857,1774045326067
gate,bybit,BSUUSDT,0.05342,0.054,1.0857,1774045326368
gate,bybit,BSUUSDT,0.05342,0.054,1.0857,1774045326668
gate,bybit,BSUUSDT,0.05342,0.054,1.0857,1774045326968
gate,bybit,BSUUSDT,0.05342,0.054,1.0857,1774045327268
gate,bybit,BSUUSDT,0.05342,0.054,1.0857,1774045327568
gate,bybit,BSUUSDT,0.05342,0.054,1.0857,1774045327869
gate,bybit,BSUUSDT,0.05342,0.054,1.0857,1774045328169
gate,bybit,BSUUSDT,0.05342,0.054,1.0857,1774045328469
gate,bybit,BSUUSDT,0.05342,0.054,1.0857,1774045328770
gate,bybit,BSUUSDT,0.05342,0.054,1.0857,1774045329070
gate,bybit,BSUUSDT,0.05342,0.054,1.0857,1774045329371
gate,bybit,BSUUSDT,0.05342,0.054,1.0857,1774045329671
gate,bybit,BSUUSDT,0.05342,0.054,1.0857,1774045329971
gate,bybit,BSUUSDT,0.05342,0.054,1.0857,1774045330272
gate,bybit,BSUUSDT,0.05342,0.054,1.0857,1774045330572
gate,bybit,BSUUSDT,0.05342,0.054,1.0857,1774045330872
gate,bybit,BSUUSDT,0.05342,0.054,1.0857,1774045331172
gate,bybit,BSUUSDT,0.05342,0.054,1.0857,1774045331472
gate,bybit,BSUUSDT,0.05342,0.054,1.0857,1774045331772
gate,bybit,BSUUSDT,0.05342,0.054,1.0857,1774045332073
gate,bybit,BSUUSDT,0.05342,0.054,1.0857,1774045332373
gate,bybit,BSUUSDT,0.05342,0.054,1.0857,1774045332680
gate,bybit,BSUUSDT,0.05342,0.054,1.0857,1774045332985
gate,bybit,BSUUSDT,0.05342,0.054,1.0857,1774045333285
gate,bybit,BSUUSDT,0.05342,0.054,1.0857,1774045333586
gate,bybit,BSUUSDT,0.05342,0.054,1.0857,1774045333886
gate,bybit,BSUUSDT,0.05342,0.054,1.0857,1774045334188
gate,bybit,BSUUSDT,0.05342,0.054,1.0857,1774045334489
gate,bybit,BSUUSDT,0.05342,0.054,1.0857,1774045334789
gate,bybit,BSUUSDT,0.05342,0.054,1.0857,1774045335090
gate,bybit,BSUUSDT,0.05342,0.054,1.0857,1774045335390
gate,bybit,BSUUSDT,0.05342,0.054,1.0857,1774045335690
gate,bybit,BSUUSDT,0.05342,0.054,1.0857,1774045335991
gate,bybit,BSUUSDT,0.05342,0.054,1.0857,1774045336291
gate,bybit,BSUUSDT,0.05342,0.054,1.0857,1774045336600
gate,bybit,BSUUSDT,0.05342,0.054,1.0857,1774045336911
gate,bybit,BSUUSDT,0.05342,0.054,1.0857,1774045337228
gate,bybit,BSUUSDT,0.05342,0.054,1.0857,1774045337556
gate,bybit,BSUUSDT,0.05342,0.054,1.0857,1774045337863
gate,bybit,BSUUSDT,0.05342,0.054,1.0857,1774045338168
gate,bybit,BSUUSDT,0.05342,0.054,1.0857,1774045338479
gate,bybit,BSUUSDT,0.05342,0.054,1.0857,1774045338785
gate,bybit,BSUUSDT,0.05342,0.054,1.0857,1774045339085
gate,bybit,BSUUSDT,0.05342,0.054,1.0857,1774045339386
gate,bybit,BSUUSDT,0.05342,0.054,1.0857,1774045339687
gate,bybit,BSUUSDT,0.05342,0.054,1.0857,1774045339987
gate,bybit,BSUUSDT,0.05342,0.054,1.0857,1774045340287
gate,bybit,BSUUSDT,0.05342,0.054,1.0857,1774045340587
gate,bybit,BSUUSDT,0.05342,0.054,1.0857,1774045340887
gate,bybit,BSUUSDT,0.05342,0.054,1.0857,1774045341187
gate,bybit,BSUUSDT,0.05342,0.054,1.0857,1774045341488
gate,bybit,BSUUSDT,0.05342,0.054,1.0857,1774045341788
gate,bybit,BSUUSDT,0.05342,0.054,1.0857,1774045342088
gate,bybit,BSUUSDT,0.05342,0.054,1.0857,1774045342388
gate,bybit,BSUUSDT,0.05342,0.054,1.0857,1774045342688
gate,bybit,BSUUSDT,0.05342,0.054,1.0857,1774045342988
gate,bybit,BSUUSDT,0.05342,0.054,1.0857,1774045343290
gate,bybit,BSUUSDT,0.05342,0.054,1.0857,1774045343590
gate,bybit,BSUUSDT,0.05342,0.054,1.0857,1774045343891
gate,bybit,BSUUSDT,0.05342,0.054,1.0857,1774045344191
gate,bybit,BSUUSDT,0.05342,0.054,1.0857,1774045344492
gate,bybit,BSUUSDT,0.05342,0.054,1.0857,1774045344792
gate,bybit,BSUUSDT,0.05342,0.054,1.0857,1774045345092
gate,bybit,BSUUSDT,0.05342,0.054,1.0857,1774045345393
gate,bybit,BSUUSDT,0.05342,0.054,1.0857,1774045345693
gate,bybit,BSUUSDT,0.05342,0.054,1.0857,1774045345993
gate,bybit,BSUUSDT,0.05342,0.054,1.0857,1774045346294
gate,bybit,BSUUSDT,0.05342,0.054,1.0857,1774045346596
gate,bybit,BSUUSDT,0.05342,0.054,1.0857,1774045346901
gate,bybit,BSUUSDT,0.05342,0.054,1.0857,1774045347206
gate,bybit,BSUUSDT,0.05342,0.054,1.0857,1774045347510
gate,bybit,BSUUSDT,0.05342,0.054,1.0857,1774045347811
gate,bybit,BSUUSDT,0.05342,0.054,1.0857,1774045348112
gate,bybit,BSUUSDT,0.05342,0.054,1.0857,1774045348415
gate,bybit,BSUUSDT,0.05342,0.054,1.0857,1774045348718
gate,bybit,BSUUSDT,0.05342,0.054,1.0857,1774045349019
gate,bybit,BSUUSDT,0.05342,0.054,1.0857,1774045349319
gate,bybit,BSUUSDT,0.05342,0.054,1.0857,1774045349622
gate,bybit,BSUUSDT,0.05342,0.054,1.0857,1774045349924
gate,bybit,BSUUSDT,0.05342,0.054,1.0857,1774045350227
gate,bybit,BSUUSDT,0.05342,0.054,1.0857,1774045350528
gate,bybit,BSUUSDT,0.05342,0.054,1.0857,1774045350828
gate,bybit,BSUUSDT,0.05342,0.054,1.0857,1774045351131
gate,bybit,BSUUSDT,0.05342,0.054,1.0857,1774045351431
gate,bybit,BSUUSDT,0.05342,0.054,1.0857,1774045351732
gate,bybit,BSUUSDT,0.05342,0.054,1.0857,1774045352032
gate,bybit,BSUUSDT,0.05342,0.054,1.0857,1774045352332
gate,bybit,BSUUSDT,0.05342,0.054,1.0857,1774045352632
gate,bybit,BSUUSDT,0.05342,0.054,1.0857,1774045352933
gate,bybit,BSUUSDT,0.05342,0.054,1.0857,1774045353233
gate,bybit,BSUUSDT,0.05342,0.054,1.0857,1774045353533
gate,bybit,BSUUSDT,0.05342,0.054,1.0857,1774045353833
gate,bybit,BSUUSDT,0.05342,0.054,1.0857,1774045354134
gate,bybit,BSUUSDT,0.05342,0.054,1.0857,1774045354435
gate,bybit,BSUUSDT,0.05342,0.054,1.0857,1774045354735
gate,bybit,BSUUSDT,0.05342,0.054,1.0857,1774045355035
gate,bybit,BSUUSDT,0.05342,0.054,1.0857,1774045355335
gate,bybit,BSUUSDT,0.05342,0.054,1.0857,1774045355636
gate,bybit,BSUUSDT,0.05342,0.054,1.0857,1774045355936
gate,bybit,BSUUSDT,0.05342,0.054,1.0857,1774045356236
gate,bybit,BSUUSDT,0.05342,0.054,1.0857,1774045356536
gate,bybit,BSUUSDT,0.05342,0.054,1.0857,1774045356836
gate,bybit,BSUUSDT,0.05342,0.054,1.0857,1774045357137
gate,bybit,BSUUSDT,0.05342,0.054,1.0857,1774045357437
gate,bybit,BSUUSDT,0.05342,0.054,1.0857,1774045357737
gate,bybit,BSUUSDT,0.05342,0.054,1.0857,1774045358038
gate,bybit,BSUUSDT,0.05342,0.054,1.0857,1774045358338
gate,bybit,BSUUSDT,0.05342,0.054,1.0857,1774045358638
gate,bybit,BSUUSDT,0.05342,0.054,1.0857,1774045358942
gate,bybit,BSUUSDT,0.05342,0.054,1.0857,1774045359244
gate,bybit,BSUUSDT,0.05342,0.054,1.0857,1774045359544
gate,bybit,BSUUSDT,0.05342,0.054,1.0857,1774045359844
gate,bybit,BSUUSDT,0.05342,0.054,1.0857,1774045360145
gate,bybit,BSUUSDT,0.05342,0.054,1.0857,1774045360446
gate,bybit,BSUUSDT,0.05342,0.054,1.0857,1774045360746
gate,bybit,BSUUSDT,0.05342,0.054,1.0857,1774045361046
gate,bybit,BSUUSDT,0.05342,0.054,1.0857,1774045361346
gate,bybit,BSUUSDT,0.05342,0.054,1.0857,1774045361647
gate,bybit,BSUUSDT,0.05342,0.054,1.0857,1774045361947
gate,bybit,BSUUSDT,0.05342,0.054,1.0857,1774045362248
gate,bybit,BSUUSDT,0.05342,0.054,1.0857,1774045362548
gate,bybit,BSUUSDT,0.05342,0.054,1.0857,1774045362848
gate,bybit,BSUUSDT,0.05342,0.054,1.0857,1774045363149
gate,bybit,BSUUSDT,0.05342,0.054,1.0857,1774045363449
gate,bybit,BSUUSDT,0.05342,0.054,1.0857,1774045363750
gate,bybit,BSUUSDT,0.05342,0.054,1.0857,1774045364050
gate,bybit,BSUUSDT,0.05342,0.054,1.0857,1774045364363
gate,bybit,BSUUSDT,0.05342,0.054,1.0857,1774045364663
gate,bybit,BSUUSDT,0.05342,0.054,1.0857,1774045364963
gate,bybit,BSUUSDT,0.05342,0.054,1.0857,1774045365272
gate,bybit,BSUUSDT,0.05342,0.054,1.0857,1774045365585
gate,bybit,BSUUSDT,0.05342,0.054,1.0857,1774045365894
gate,bybit,BSUUSDT,0.05342,0.054,1.0857,1774045366199
gate,bybit,BSUUSDT,0.05342,0.054,1.0857,1774045366507
gate,bybit,BSUUSDT,0.05342,0.054,1.0857,1774045366809
gate,bybit,BSUUSDT,0.05342,0.054,1.0857,1774045367109
gate,bybit,BSUUSDT,0.05342,0.054,1.0857,1774045367411
gate,bybit,BSUUSDT,0.05342,0.054,1.0857,1774045367711
gate,bybit,BSUUSDT,0.05342,0.054,1.0857,1774045368016
gate,bybit,BSUUSDT,0.05342,0.054,1.0857,1774045368320
gate,bybit,BSUUSDT,0.05342,0.054,1.0857,1774045368631
gate,bybit,BSUUSDT,0.05342,0.054,1.0857,1774045368931
gate,bybit,BSUUSDT,0.05342,0.054,1.0857,1774045369231
gate,bybit,BSUUSDT,0.05342,0.054,1.0857,1774045369531
gate,bybit,BSUUSDT,0.05342,0.054,1.0857,1774045369832
gate,bybit,BSUUSDT,0.05342,0.054,1.0857,1774045370148
gate,bybit,BSUUSDT,0.05342,0.054,1.0857,1774045370448
gate,bybit,BSUUSDT,0.05342,0.054,1.0857,1774045370748
gate,bybit,BSUUSDT,0.05342,0.054,1.0857,1774045371048
gate,bybit,BSUUSDT,0.05342,0.054,1.0857,1774045371348
gate,bybit,BSUUSDT,0.05342,0.054,1.0857,1774045371649
gate,bybit,BSUUSDT,0.05342,0.054,1.0857,1774045371949
gate,bybit,BSUUSDT,0.05342,0.054,1.0857,1774045372250
gate,bybit,BSUUSDT,0.05342,0.054,1.0857,1774045372550
gate,bybit,BSUUSDT,0.05342,0.054,1.0857,1774045372850
gate,bybit,BSUUSDT,0.05342,0.054,1.0857,1774045373150
gate,bybit,BSUUSDT,0.05342,0.054,1.0857,1774045373450
gate,bybit,BSUUSDT,0.05342,0.054,1.0857,1774045373750
gate,bybit,BSUUSDT,0.05342,0.054,1.0857,1774045374051
gate,bybit,BSUUSDT,0.05342,0.054,1.0857,1774045374351
gate,bybit,BSUUSDT,0.05342,0.054,1.0857,1774045374651
gate,bybit,BSUUSDT,0.05342,0.054,1.0857,1774045374951
gate,bybit,BSUUSDT,0.05342,0.054,1.0857,1774045375251
gate,bybit,BSUUSDT,0.05342,0.054,1.0857,1774045375552
gate,bybit,BSUUSDT,0.05342,0.054,1.0857,1774045375852
gate,bybit,BSUUSDT,0.05342,0.054,1.0857,1774045376153
gate,bybit,BSUUSDT,0.05342,0.054,1.0857,1774045376454
gate,bybit,BSUUSDT,0.05342,0.054,1.0857,1774045376755
gate,bybit,BSUUSDT,0.05342,0.054,1.0857,1774045377056
gate,bybit,BSUUSDT,0.05342,0.054,1.0857,1774045377368
gate,bybit,BSUUSDT,0.05342,0.054,1.0857,1774045377680
gate,bybit,BSUUSDT,0.05342,0.054,1.0857,1774045377998
gate,bybit,BSUUSDT,0.05342,0.054,1.0857,1774045378312
gate,bybit,BSUUSDT,0.05342,0.054,1.0857,1774045378627
gate,bybit,BSUUSDT,0.05342,0.054,1.0857,1774045378938
gate,bybit,BSUUSDT,0.05342,0.054,1.0857,1774045379252
gate,bybit,BSUUSDT,0.05342,0.054,1.0857,1774045379566
gate,bybit,BSUUSDT,0.05342,0.054,1.0857,1774045379871
gate,bybit,BSUUSDT,0.05342,0.054,1.0857,1774045380179
gate,bybit,BSUUSDT,0.05342,0.05401,1.1045,1774045380485
gate,bybit,BSUUSDT,0.05342,0.05401,1.1045,1774045380792
gate,bybit,BSUUSDT,0.05342,0.05401,1.1045,1774045381100
gate,bybit,BSUUSDT,0.05342,0.05401,1.1045,1774045381410
gate,bybit,BSUUSDT,0.05342,0.05401,1.1045,1774045381723
gate,bybit,BSUUSDT,0.05342,0.05401,1.1045,1774045382032
gate,bybit,BSUUSDT,0.05342,0.05401,1.1045,1774045382345
gate,bybit,BSUUSDT,0.05342,0.05401,1.1045,1774045382655
gate,bybit,BSUUSDT,0.05342,0.05401,1.1045,1774045382964
gate,bybit,BSUUSDT,0.05342,0.05401,1.1045,1774045383265
gate,bybit,BSUUSDT,0.05342,0.05401,1.1045,1774045383567
gate,bybit,BSUUSDT,0.05342,0.05401,1.1045,1774045383877
gate,bybit,BSUUSDT,0.05342,0.05401,1.1045,1774045384193
gate,bybit,BSUUSDT,0.05342,0.05401,1.1045,1774045384503
gate,bybit,BSUUSDT,0.05342,0.05401,1.1045,1774045384823
gate,bybit,BSUUSDT,0.05342,0.05401,1.1045,1774045385131
gate,bybit,BSUUSDT,0.05342,0.05401,1.1045,1774045385435
gate,bybit,BSUUSDT,0.05342,0.05401,1.1045,1774045385735
gate,bybit,BSUUSDT,0.05342,0.05401,1.1045,1774045386035
gate,bybit,BSUUSDT,0.05342,0.05401,1.1045,1774045386336
gate,bybit,BSUUSDT,0.05342,0.05401,1.1045,1774045386636
gate,bybit,BSUUSDT,0.05342,0.05401,1.1045,1774045386936
gate,bybit,BSUUSDT,0.05342,0.05401,1.1045,1774045387236
gate,bybit,BSUUSDT,0.05342,0.05401,1.1045,1774045387539
gate,bybit,BSUUSDT,0.05342,0.05401,1.1045,1774045387839
gate,bybit,BSUUSDT,0.05342,0.05401,1.1045,1774045388140
gate,bybit,BSUUSDT,0.05342,0.05401,1.1045,1774045388451
gate,bybit,BSUUSDT,0.05342,0.05401,1.1045,1774045388751
gate,bybit,BSUUSDT,0.05342,0.05401,1.1045,1774045389051
gate,bybit,BSUUSDT,0.05342,0.05401,1.1045,1774045389351
gate,bybit,BSUUSDT,0.05342,0.05401,1.1045,1774045389652
gate,bybit,BSUUSDT,0.05342,0.05401,1.1045,1774045389952
gate,bybit,BSUUSDT,0.05342,0.05401,1.1045,1774045390261
gate,bybit,BSUUSDT,0.05342,0.05401,1.1045,1774045390565
gate,bybit,BSUUSDT,0.05342,0.05401,1.1045,1774045390865
gate,bybit,BSUUSDT,0.05342,0.05401,1.1045,1774045391165
gate,bybit,BSUUSDT,0.05342,0.05401,1.1045,1774045391465
gate,bybit,BSUUSDT,0.05342,0.05401,1.1045,1774045391767
gate,bybit,BSUUSDT,0.05342,0.05401,1.1045,1774045392067
gate,bybit,BSUUSDT,0.05342,0.05401,1.1045,1774045392367
gate,bybit,BSUUSDT,0.05342,0.05401,1.1045,1774045392668
gate,bybit,BSUUSDT,0.05342,0.05401,1.1045,1774045392968
gate,bybit,BSUUSDT,0.05342,0.05401,1.1045,1774045393268
gate,bybit,BSUUSDT,0.05342,0.05401,1.1045,1774045393568
gate,bybit,BSUUSDT,0.05342,0.05401,1.1045,1774045393868
gate,bybit,BSUUSDT,0.05342,0.05401,1.1045,1774045394168
gate,bybit,BSUUSDT,0.05342,0.05401,1.1045,1774045394469
gate,bybit,BSUUSDT,0.05342,0.05401,1.1045,1774045394769
gate,bybit,BSUUSDT,0.05342,0.05401,1.1045,1774045395069
gate,bybit,BSUUSDT,0.05342,0.05401,1.1045,1774045395369
gate,bybit,BSUUSDT,0.05342,0.05401,1.1045,1774045395670
gate,bybit,BSUUSDT,0.05342,0.05401,1.1045,1774045395970
gate,bybit,BSUUSDT,0.05342,0.05401,1.1045,1774045396270
gate,bybit,BSUUSDT,0.05342,0.05401,1.1045,1774045396570
gate,bybit,BSUUSDT,0.05342,0.05401,1.1045,1774045396870
gate,bybit,BSUUSDT,0.05342,0.05401,1.1045,1774045397170
gate,bybit,BSUUSDT,0.05342,0.05401,1.1045,1774045397471
gate,bybit,BSUUSDT,0.05342,0.05401,1.1045,1774045397771
gate,bybit,BSUUSDT,0.05342,0.05401,1.1045,1774045398072
gate,bybit,BSUUSDT,0.05342,0.05401,1.1045,1774045398372
gate,bybit,BSUUSDT,0.05342,0.05401,1.1045,1774045398672
gate,bybit,BSUUSDT,0.05342,0.05401,1.1045,1774045398972
gate,bybit,BSUUSDT,0.05342,0.05401,1.1045,1774045399272
gate,bybit,BSUUSDT,0.05342,0.05401,1.1045,1774045399572
gate,bybit,BSUUSDT,0.05342,0.05401,1.1045,1774045399873
gate,bybit,BSUUSDT,0.05342,0.05401,1.1045,1774045400173
gate,bybit,BSUUSDT,0.05342,0.05401,1.1045,1774045400473
gate,bybit,BSUUSDT,0.05342,0.05401,1.1045,1774045400774
gate,bybit,BSUUSDT,0.05342,0.05401,1.1045,1774045401074
gate,bybit,BSUUSDT,0.05342,0.05401,1.1045,1774045401375
gate,bybit,BSUUSDT,0.05342,0.05401,1.1045,1774045401675
gate,bybit,BSUUSDT,0.05342,0.05401,1.1045,1774045401975
gate,bybit,BSUUSDT,0.05342,0.05401,1.1045,1774045402276
gate,bybit,BSUUSDT,0.05342,0.05401,1.1045,1774045402576
gate,bybit,BSUUSDT,0.05342,0.05401,1.1045,1774045402876
gate,bybit,BSUUSDT,0.05342,0.05401,1.1045,1774045403177
gate,bybit,BSUUSDT,0.05342,0.05401,1.1045,1774045403477
gate,bybit,BSUUSDT,0.05342,0.05401,1.1045,1774045403777
gate,bybit,BSUUSDT,0.05342,0.05401,1.1045,1774045404078
gate,bybit,BSUUSDT,0.05342,0.05401,1.1045,1774045404378
gate,bybit,BSUUSDT,0.05342,0.05401,1.1045,1774045404678
gate,bybit,BSUUSDT,0.05342,0.05401,1.1045,1774045404979
gate,bybit,BSUUSDT,0.05342,0.05401,1.1045,1774045405279
gate,bybit,BSUUSDT,0.05342,0.05401,1.1045,1774045405579
gate,bybit,BSUUSDT,0.05342,0.05401,1.1045,1774045405880
gate,bybit,BSUUSDT,0.05342,0.05401,1.1045,1774045406180
gate,bybit,BSUUSDT,0.05342,0.05401,1.1045,1774045406480
gate,bybit,BSUUSDT,0.05342,0.05401,1.1045,1774045406780
gate,bybit,BSUUSDT,0.05342,0.05401,1.1045,1774045407087
gate,bybit,BSUUSDT,0.05342,0.05401,1.1045,1774045407389
gate,bybit,BSUUSDT,0.05342,0.05401,1.1045,1774045407690
gate,bybit,BSUUSDT,0.05342,0.05401,1.1045,1774045407990
gate,bybit,BSUUSDT,0.05342,0.05401,1.1045,1774045408304
gate,bybit,BSUUSDT,0.05342,0.05401,1.1045,1774045408613
gate,bybit,BSUUSDT,0.05342,0.05401,1.1045,1774045408916
gate,bybit,BSUUSDT,0.05342,0.05401,1.1045,1774045409221
gate,bybit,BSUUSDT,0.05342,0.05401,1.1045,1774045409522
gate,bybit,BSUUSDT,0.05342,0.05401,1.1045,1774045409825
gate,bybit,BSUUSDT,0.05342,0.05401,1.1045,1774045410128
gate,bybit,BSUUSDT,0.05342,0.05401,1.1045,1774045410429
gate,bybit,BSUUSDT,0.05342,0.05401,1.1045,1774045410736
gate,bybit,BSUUSDT,0.05342,0.05401,1.1045,1774045411038
gate,bybit,BSUUSDT,0.05342,0.05401,1.1045,1774045411338
gate,bybit,BSUUSDT,0.05342,0.05401,1.1045,1774045411638
gate,bybit,BSUUSDT,0.05342,0.05401,1.1045,1774045411938
gate,bybit,BSUUSDT,0.05342,0.05401,1.1045,1774045412238
gate,bybit,BSUUSDT,0.05342,0.05401,1.1045,1774045412538
gate,bybit,BSUUSDT,0.05342,0.05401,1.1045,1774045412838
gate,bybit,BSUUSDT,0.05342,0.05401,1.1045,1774045413138
gate,bybit,BSUUSDT,0.05342,0.05401,1.1045,1774045413438
gate,bybit,BSUUSDT,0.05342,0.05401,1.1045,1774045413738
gate,bybit,BSUUSDT,0.05342,0.05401,1.1045,1774045414039
gate,bybit,BSUUSDT,0.05342,0.05401,1.1045,1774045414339
gate,bybit,BSUUSDT,0.05342,0.05401,1.1045,1774045414639
gate,bybit,BSUUSDT,0.05342,0.05401,1.1045,1774045414939
gate,bybit,BSUUSDT,0.05342,0.05401,1.1045,1774045415240
gate,bybit,BSUUSDT,0.05342,0.05401,1.1045,1774045415540
gate,bybit,BSUUSDT,0.05342,0.05401,1.1045,1774045415842
gate,bybit,BSUUSDT,0.05342,0.05401,1.1045,1774045416142
gate,bybit,BSUUSDT,0.05342,0.05401,1.1045,1774045416442
gate,bybit,BSUUSDT,0.05342,0.05401,1.1045,1774045416742
gate,bybit,BSUUSDT,0.05342,0.05401,1.1045,1774045417042
gate,bybit,BSUUSDT,0.05342,0.05401,1.1045,1774045417343
gate,bybit,BSUUSDT,0.05342,0.05401,1.1045,1774045417643
gate,bybit,BSUUSDT,0.05342,0.05401,1.1045,1774045417943
gate,bybit,BSUUSDT,0.05342,0.05401,1.1045,1774045418243
gate,bybit,BSUUSDT,0.05342,0.05401,1.1045,1774045418544
gate,bybit,BSUUSDT,0.05342,0.05401,1.1045,1774045418844
gate,bybit,BSUUSDT,0.05342,0.05401,1.1045,1774045419144
gate,bybit,BSUUSDT,0.05342,0.05401,1.1045,1774045419445
gate,bybit,BSUUSDT,0.05342,0.05401,1.1045,1774045419745
gate,bybit,BSUUSDT,0.05342,0.05401,1.1045,1774045420045
gate,bybit,BSUUSDT,0.05342,0.05401,1.1045,1774045420345
gate,bybit,BSUUSDT,0.05342,0.05401,1.1045,1774045420645
gate,bybit,BSUUSDT,0.05342,0.05401,1.1045,1774045420946
gate,bybit,BSUUSDT,0.05342,0.05401,1.1045,1774045421246
gate,bybit,BSUUSDT,0.05342,0.05401,1.1045,1774045421546
gate,bybit,BSUUSDT,0.05342,0.05401,1.1045,1774045421846
gate,bybit,BSUUSDT,0.05342,0.05401,1.1045,1774045422146
gate,bybit,BSUUSDT,0.05342,0.05401,1.1045,1774045422447
gate,bybit,BSUUSDT,0.05342,0.05401,1.1045,1774045422747
gate,bybit,BSUUSDT,0.05342,0.05401,1.1045,1774045423047
gate,bybit,BSUUSDT,0.05342,0.05401,1.1045,1774045423347
gate,bybit,BSUUSDT,0.05342,0.05401,1.1045,1774045423648
gate,bybit,BSUUSDT,0.05342,0.05401,1.1045,1774045423948
gate,bybit,BSUUSDT,0.05342,0.05401,1.1045,1774045424248
gate,bybit,BSUUSDT,0.05342,0.05401,1.1045,1774045424548
gate,bybit,BSUUSDT,0.05342,0.05401,1.1045,1774045424863
gate,bybit,BSUUSDT,0.05342,0.05401,1.1045,1774045425163
gate,bybit,BSUUSDT,0.05342,0.05401,1.1045,1774045425463
gate,bybit,BSUUSDT,0.05342,0.05401,1.1045,1774045425763
gate,bybit,BSUUSDT,0.05342,0.05401,1.1045,1774045426064
gate,bybit,BSUUSDT,0.05342,0.05401,1.1045,1774045426364
gate,bybit,BSUUSDT,0.05342,0.05401,1.1045,1774045426664
gate,bybit,BSUUSDT,0.05342,0.05401,1.1045,1774045426965
gate,bybit,BSUUSDT,0.05342,0.05401,1.1045,1774045427265
gate,bybit,BSUUSDT,0.05342,0.05401,1.1045,1774045427565
gate,bybit,BSUUSDT,0.05342,0.05401,1.1045,1774045427866
gate,bybit,BSUUSDT,0.05342,0.05401,1.1045,1774045428166
gate,bybit,BSUUSDT,0.05342,0.05401,1.1045,1774045428466
gate,bybit,BSUUSDT,0.05342,0.05401,1.1045,1774045428766
gate,bybit,BSUUSDT,0.05342,0.05401,1.1045,1774045429067
gate,bybit,BSUUSDT,0.05342,0.05401,1.1045,1774045429367
gate,bybit,BSUUSDT,0.05342,0.05401,1.1045,1774045429667
gate,bybit,BSUUSDT,0.05342,0.05401,1.1045,1774045429968
gate,bybit,BSUUSDT,0.05342,0.05401,1.1045,1774045430269
gate,bybit,BSUUSDT,0.05342,0.05401,1.1045,1774045430569
gate,bybit,BSUUSDT,0.05342,0.05401,1.1045,1774045430869
gate,bybit,BSUUSDT,0.05342,0.05401,1.1045,1774045431170
gate,bybit,BSUUSDT,0.05342,0.05401,1.1045,1774045431470
gate,bybit,BSUUSDT,0.05342,0.05401,1.1045,1774045431770
gate,bybit,BSUUSDT,0.05342,0.05401,1.1045,1774045432070
gate,bybit,BSUUSDT,0.05342,0.05401,1.1045,1774045432370
gate,bybit,BSUUSDT,0.05342,0.05401,1.1045,1774045432671
gate,bybit,BSUUSDT,0.05342,0.05401,1.1045,1774045432971
gate,bybit,BSUUSDT,0.05342,0.05401,1.1045,1774045433271
gate,bybit,BSUUSDT,0.05342,0.05401,1.1045,1774045433571
gate,bybit,BSUUSDT,0.05342,0.05401,1.1045,1774045433872
gate,bybit,BSUUSDT,0.05342,0.05401,1.1045,1774045434172
gate,bybit,BSUUSDT,0.05342,0.05401,1.1045,1774045434472
gate,bybit,BSUUSDT,0.05342,0.05401,1.1045,1774045434772
gate,bybit,BSUUSDT,0.05342,0.05401,1.1045,1774045435073
gate,bybit,BSUUSDT,0.05342,0.05401,1.1045,1774045435389
gate,bybit,BSUUSDT,0.05342,0.05401,1.1045,1774045435690
gate,bybit,BSUUSDT,0.05342,0.05401,1.1045,1774045435991
gate,bybit,BSUUSDT,0.05342,0.05401,1.1045,1774045436291
gate,bybit,BSUUSDT,0.05342,0.05401,1.1045,1774045436591
gate,bybit,BSUUSDT,0.05342,0.05401,1.1045,1774045436891
gate,bybit,BSUUSDT,0.05342,0.05401,1.1045,1774045437191
gate,bybit,BSUUSDT,0.05342,0.05401,1.1045,1774045437493
gate,bybit,BSUUSDT,0.05342,0.05401,1.1045,1774045437793
gate,bybit,BSUUSDT,0.05342,0.05401,1.1045,1774045438093
gate,bybit,BSUUSDT,0.05342,0.05401,1.1045,1774045438393
gate,bybit,BSUUSDT,0.05342,0.05401,1.1045,1774045438694
gate,bybit,BSUUSDT,0.05342,0.05401,1.1045,1774045438994
gate,bybit,BSUUSDT,0.05342,0.05401,1.1045,1774045439296
gate,bybit,BSUUSDT,0.05342,0.05401,1.1045,1774045439599
gate,bybit,BSUUSDT,0.05342,0.05401,1.1045,1774045439904
gate,bybit,BSUUSDT,0.05342,0.05401,1.1045,1774045440215
gate,bybit,BSUUSDT,0.05342,0.05402,1.1232,1774045440522
gate,bybit,BSUUSDT,0.05342,0.05402,1.1232,1774045440831
gate,bybit,BSUUSDT,0.05342,0.05402,1.1232,1774045441147
gate,bybit,BSUUSDT,0.05342,0.05402,1.1232,1774045441449
gate,bybit,BSUUSDT,0.05342,0.05402,1.1232,1774045441749
gate,bybit,BSUUSDT,0.05342,0.05402,1.1232,1774045442051
gate,bybit,BSUUSDT,0.05342,0.05402,1.1232,1774045442354
gate,bybit,BSUUSDT,0.05342,0.05402,1.1232,1774045442655
gate,bybit,BSUUSDT,0.05342,0.05402,1.1232,1774045442955
gate,bybit,BSUUSDT,0.05342,0.05402,1.1232,1774045443255
gate,bybit,BSUUSDT,0.05342,0.05402,1.1232,1774045443556
gate,bybit,BSUUSDT,0.05342,0.05402,1.1232,1774045443856
gate,bybit,BSUUSDT,0.05342,0.05402,1.1232,1774045444156
gate,bybit,BSUUSDT,0.05342,0.05402,1.1232,1774045444456
gate,bybit,BSUUSDT,0.05342,0.05402,1.1232,1774045444757
gate,bybit,BSUUSDT,0.05342,0.05402,1.1232,1774045445057
gate,bybit,BSUUSDT,0.05342,0.05402,1.1232,1774045445357
gate,bybit,BSUUSDT,0.05342,0.05402,1.1232,1774045445658
gate,bybit,BSUUSDT,0.05342,0.05402,1.1232,1774045445958
gate,bybit,BSUUSDT,0.05342,0.05402,1.1232,1774045446258
gate,bybit,BSUUSDT,0.05342,0.05402,1.1232,1774045446558
gate,bybit,BSUUSDT,0.05342,0.05402,1.1232,1774045446858
gate,bybit,BSUUSDT,0.05342,0.05402,1.1232,1774045447159
gate,bybit,BSUUSDT,0.05342,0.05402,1.1232,1774045447459
gate,bybit,BSUUSDT,0.05342,0.05402,1.1232,1774045447759
gate,bybit,BSUUSDT,0.05342,0.05402,1.1232,1774045448059
gate,bybit,BSUUSDT,0.05342,0.05402,1.1232,1774045448359
gate,bybit,BSUUSDT,0.05342,0.05402,1.1232,1774045448659
gate,bybit,BSUUSDT,0.05342,0.05402,1.1232,1774045448960
gate,bybit,BSUUSDT,0.05342,0.05402,1.1232,1774045449260
gate,bybit,BSUUSDT,0.05342,0.05402,1.1232,1774045449566
gate,bybit,BSUUSDT,0.05342,0.05402,1.1232,1774045449866
gate,bybit,BSUUSDT,0.05342,0.05402,1.1232,1774045450168
gate,bybit,BSUUSDT,0.05342,0.05402,1.1232,1774045450468
gate,bybit,BSUUSDT,0.05342,0.05402,1.1232,1774045450768
gate,bybit,BSUUSDT,0.05342,0.05402,1.1232,1774045451069
gate,bybit,BSUUSDT,0.05342,0.05402,1.1232,1774045451369
gate,bybit,BSUUSDT,0.05342,0.05402,1.1232,1774045451669
gate,bybit,BSUUSDT,0.05342,0.05402,1.1232,1774045451969
gate,bybit,BSUUSDT,0.05342,0.05402,1.1232,1774045452270
gate,bybit,BSUUSDT,0.05342,0.05402,1.1232,1774045452570
gate,bybit,BSUUSDT,0.05342,0.05402,1.1232,1774045452871
gate,bybit,BSUUSDT,0.05342,0.05402,1.1232,1774045453171
gate,bybit,BSUUSDT,0.05342,0.05402,1.1232,1774045453471
gate,bybit,BSUUSDT,0.05342,0.05402,1.1232,1774045453772
gate,bybit,BSUUSDT,0.05342,0.05402,1.1232,1774045454072
gate,bybit,BSUUSDT,0.05342,0.05402,1.1232,1774045454372
gate,bybit,BSUUSDT,0.05342,0.05402,1.1232,1774045454672
gate,bybit,BSUUSDT,0.05342,0.05402,1.1232,1774045454972
gate,bybit,BSUUSDT,0.05342,0.05402,1.1232,1774045455272
gate,bybit,BSUUSDT,0.05342,0.05402,1.1232,1774045455572
gate,bybit,BSUUSDT,0.05342,0.05402,1.1232,1774045455873
gate,bybit,BSUUSDT,0.05342,0.05402,1.1232,1774045456173
gate,bybit,BSUUSDT,0.05342,0.05402,1.1232,1774045456473
gate,bybit,BSUUSDT,0.05342,0.05402,1.1232,1774045456773
gate,bybit,BSUUSDT,0.05342,0.05402,1.1232,1774045457074
gate,bybit,BSUUSDT,0.05342,0.05402,1.1232,1774045457374
gate,bybit,BSUUSDT,0.05342,0.05402,1.1232,1774045457674
gate,bybit,BSUUSDT,0.05342,0.05402,1.1232,1774045457975
gate,bybit,BSUUSDT,0.05342,0.05402,1.1232,1774045458275
gate,bybit,BSUUSDT,0.05342,0.05402,1.1232,1774045458575
gate,bybit,BSUUSDT,0.05342,0.05402,1.1232,1774045458875
gate,bybit,BSUUSDT,0.05342,0.05402,1.1232,1774045459175
gate,bybit,BSUUSDT,0.05342,0.05402,1.1232,1774045459477
gate,bybit,BSUUSDT,0.05342,0.05402,1.1232,1774045459777
gate,bybit,BSUUSDT,0.05342,0.05402,1.1232,1774045460077
gate,bybit,BSUUSDT,0.05342,0.05402,1.1232,1774045460377
gate,bybit,BSUUSDT,0.05342,0.05402,1.1232,1774045460678
gate,bybit,BSUUSDT,0.05342,0.05402,1.1232,1774045460978
gate,bybit,BSUUSDT,0.05342,0.05402,1.1232,1774045461279
gate,bybit,BSUUSDT,0.05342,0.05402,1.1232,1774045461579
gate,bybit,BSUUSDT,0.05342,0.05402,1.1232,1774045461879
gate,bybit,BSUUSDT,0.05342,0.05402,1.1232,1774045462179
gate,bybit,BSUUSDT,0.05342,0.05402,1.1232,1774045462479
gate,bybit,BSUUSDT,0.05342,0.05402,1.1232,1774045462779
gate,bybit,BSUUSDT,0.05342,0.05402,1.1232,1774045463079
gate,bybit,BSUUSDT,0.05342,0.05402,1.1232,1774045463379
gate,bybit,BSUUSDT,0.05342,0.05402,1.1232,1774045463679
gate,bybit,BSUUSDT,0.05342,0.05402,1.1232,1774045463980
gate,bybit,BSUUSDT,0.05342,0.05402,1.1232,1774045464281
gate,bybit,BSUUSDT,0.05342,0.05402,1.1232,1774045464582
gate,bybit,BSUUSDT,0.05342,0.05402,1.1232,1774045464882
gate,bybit,BSUUSDT,0.05342,0.05402,1.1232,1774045465182
gate,bybit,BSUUSDT,0.05342,0.05402,1.1232,1774045465483
gate,bybit,BSUUSDT,0.05342,0.05402,1.1232,1774045465783
gate,bybit,BSUUSDT,0.05342,0.05402,1.1232,1774045466085
gate,bybit,BSUUSDT,0.05342,0.05402,1.1232,1774045466385
gate,bybit,BSUUSDT,0.05342,0.05402,1.1232,1774045466685
gate,bybit,BSUUSDT,0.05342,0.05402,1.1232,1774045466986
gate,bybit,BSUUSDT,0.05342,0.05402,1.1232,1774045467286
gate,bybit,BSUUSDT,0.05342,0.05402,1.1232,1774045467586
gate,bybit,BSUUSDT,0.05342,0.05402,1.1232,1774045467887
gate,bybit,BSUUSDT,0.05342,0.05402,1.1232,1774045468187
gate,bybit,BSUUSDT,0.05342,0.05402,1.1232,1774045468487
gate,bybit,BSUUSDT,0.05342,0.05402,1.1232,1774045468788
gate,bybit,BSUUSDT,0.05342,0.05402,1.1232,1774045469088
gate,bybit,BSUUSDT,0.05342,0.05402,1.1232,1774045469388
gate,bybit,BSUUSDT,0.05342,0.05402,1.1232,1774045469689
gate,bybit,BSUUSDT,0.05342,0.05402,1.1232,1774045469989
gate,bybit,BSUUSDT,0.05342,0.05402,1.1232,1774045470289
gate,bybit,BSUUSDT,0.05342,0.05402,1.1232,1774045470589
gate,bybit,BSUUSDT,0.05342,0.05402,1.1232,1774045470890
gate,bybit,BSUUSDT,0.05342,0.05402,1.1232,1774045471190
gate,bybit,BSUUSDT,0.05342,0.05402,1.1232,1774045471491
gate,bybit,BSUUSDT,0.05342,0.05402,1.1232,1774045471792
gate,bybit,BSUUSDT,0.05342,0.05402,1.1232,1774045472092
gate,bybit,BSUUSDT,0.05342,0.05402,1.1232,1774045472392
gate,bybit,BSUUSDT,0.05342,0.05402,1.1232,1774045472692
gate,bybit,BSUUSDT,0.05342,0.05402,1.1232,1774045472993
gate,bybit,BSUUSDT,0.05342,0.05402,1.1232,1774045473293
gate,bybit,BSUUSDT,0.05342,0.05402,1.1232,1774045473593
gate,bybit,BSUUSDT,0.05342,0.05402,1.1232,1774045473893
gate,bybit,BSUUSDT,0.05342,0.05402,1.1232,1774045474193
gate,bybit,BSUUSDT,0.05342,0.05402,1.1232,1774045474495
gate,bybit,BSUUSDT,0.05342,0.05402,1.1232,1774045474797
gate,bybit,BSUUSDT,0.05342,0.05402,1.1232,1774045475100
gate,bybit,BSUUSDT,0.05342,0.05402,1.1232,1774045475404
gate,bybit,BSUUSDT,0.05342,0.05402,1.1232,1774045475706
gate,bybit,BSUUSDT,0.05342,0.05402,1.1232,1774045476008
gate,bybit,BSUUSDT,0.05342,0.05402,1.1232,1774045476310
gate,bybit,BSUUSDT,0.05342,0.05402,1.1232,1774045476613
gate,bybit,BSUUSDT,0.05342,0.05402,1.1232,1774045476915
gate,bybit,BSUUSDT,0.05342,0.05402,1.1232,1774045477219
gate,bybit,BSUUSDT,0.05342,0.05402,1.1232,1774045477520
gate,bybit,BSUUSDT,0.05342,0.05402,1.1232,1774045477825
gate,bybit,BSUUSDT,0.05342,0.05402,1.1232,1774045478125
gate,bybit,BSUUSDT,0.05342,0.05402,1.1232,1774045478429
gate,bybit,BSUUSDT,0.05342,0.05402,1.1232,1774045478730
gate,bybit,BSUUSDT,0.05342,0.05402,1.1232,1774045479032
gate,bybit,BSUUSDT,0.05342,0.05402,1.1232,1774045479332
gate,bybit,BSUUSDT,0.05342,0.05402,1.1232,1774045479632
gate,bybit,BSUUSDT,0.05342,0.05402,1.1232,1774045479932
gate,bybit,BSUUSDT,0.05342,0.05402,1.1232,1774045480233
gate,bybit,BSUUSDT,0.05342,0.05402,1.1232,1774045480534
gate,bybit,BSUUSDT,0.05342,0.05402,1.1232,1774045480834
gate,bybit,BSUUSDT,0.05342,0.05402,1.1232,1774045481134
gate,bybit,BSUUSDT,0.05342,0.05402,1.1232,1774045481434
gate,bybit,BSUUSDT,0.05342,0.05402,1.1232,1774045481734
gate,bybit,BSUUSDT,0.05342,0.05402,1.1232,1774045482047
gate,bybit,BSUUSDT,0.05342,0.05402,1.1232,1774045482347
gate,bybit,BSUUSDT,0.05342,0.05402,1.1232,1774045482648
gate,bybit,BSUUSDT,0.05342,0.05402,1.1232,1774045482948
gate,bybit,BSUUSDT,0.05342,0.05402,1.1232,1774045483248
gate,bybit,BSUUSDT,0.05342,0.05402,1.1232,1774045483549
gate,bybit,BSUUSDT,0.05342,0.05402,1.1232,1774045483849
gate,bybit,BSUUSDT,0.05342,0.05402,1.1232,1774045484149
gate,bybit,BSUUSDT,0.05342,0.05402,1.1232,1774045484449
gate,bybit,BSUUSDT,0.05342,0.05402,1.1232,1774045484749
gate,bybit,BSUUSDT,0.05342,0.05402,1.1232,1774045485049
gate,bybit,BSUUSDT,0.05342,0.05402,1.1232,1774045485349
gate,bybit,BSUUSDT,0.05342,0.05402,1.1232,1774045485649
gate,bybit,BSUUSDT,0.05342,0.05402,1.1232,1774045485950
gate,bybit,BSUUSDT,0.05342,0.05402,1.1232,1774045486250
gate,bybit,BSUUSDT,0.05342,0.05402,1.1232,1774045486550
gate,bybit,BSUUSDT,0.05342,0.05402,1.1232,1774045486851
gate,bybit,BSUUSDT,0.05342,0.05402,1.1232,1774045487151
gate,bybit,BSUUSDT,0.05342,0.05402,1.1232,1774045487451
gate,bybit,BSUUSDT,0.05342,0.05402,1.1232,1774045487751
gate,bybit,BSUUSDT,0.05342,0.05402,1.1232,1774045488051
gate,bybit,BSUUSDT,0.05342,0.05402,1.1232,1774045488352
gate,bybit,BSUUSDT,0.05342,0.05402,1.1232,1774045488652
gate,bybit,BSUUSDT,0.05342,0.05402,1.1232,1774045488952
gate,bybit,BSUUSDT,0.05342,0.05402,1.1232,1774045489252
gate,bybit,BSUUSDT,0.05342,0.05402,1.1232,1774045489552
gate,bybit,BSUUSDT,0.05342,0.05402,1.1232,1774045489852
gate,bybit,BSUUSDT,0.05342,0.05402,1.1232,1774045490152
gate,bybit,BSUUSDT,0.05342,0.05402,1.1232,1774045490453
gate,bybit,BSUUSDT,0.05342,0.05402,1.1232,1774045490753
gate,bybit,BSUUSDT,0.05342,0.05402,1.1232,1774045491053
gate,bybit,BSUUSDT,0.05342,0.05402,1.1232,1774045491353
gate,bybit,BSUUSDT,0.05342,0.05402,1.1232,1774045491654
gate,bybit,BSUUSDT,0.05342,0.05402,1.1232,1774045491954
gate,bybit,BSUUSDT,0.05342,0.05402,1.1232,1774045492255
gate,bybit,BSUUSDT,0.05342,0.05402,1.1232,1774045492555
gate,bybit,BSUUSDT,0.05342,0.05402,1.1232,1774045492855
gate,bybit,BSUUSDT,0.05342,0.05402,1.1232,1774045493156
gate,bybit,BSUUSDT,0.05342,0.05402,1.1232,1774045493456
gate,bybit,BSUUSDT,0.05342,0.05402,1.1232,1774045493756
gate,bybit,BSUUSDT,0.05342,0.05402,1.1232,1774045494056
gate,bybit,BSUUSDT,0.05342,0.05402,1.1232,1774045494356
gate,bybit,BSUUSDT,0.05342,0.05402,1.1232,1774045494657
gate,bybit,BSUUSDT,0.05342,0.05402,1.1232,1774045494957
gate,bybit,BSUUSDT,0.05342,0.05402,1.1232,1774045495257
gate,bybit,BSUUSDT,0.05342,0.05402,1.1232,1774045495558
gate,bybit,BSUUSDT,0.05342,0.05402,1.1232,1774045495858
gate,bybit,BSUUSDT,0.05342,0.05402,1.1232,1774045496158
gate,bybit,BSUUSDT,0.05342,0.05402,1.1232,1774045496458
gate,bybit,BSUUSDT,0.05342,0.05402,1.1232,1774045496758
gate,bybit,BSUUSDT,0.05342,0.05402,1.1232,1774045497058
gate,bybit,BSUUSDT,0.05342,0.05402,1.1232,1774045497359
gate,bybit,BSUUSDT,0.05342,0.05402,1.1232,1774045497659
gate,bybit,BSUUSDT,0.05342,0.05402,1.1232,1774045497959
gate,bybit,BSUUSDT,0.05342,0.05402,1.1232,1774045498259
gate,bybit,BSUUSDT,0.05342,0.05402,1.1232,1774045498560
gate,bybit,BSUUSDT,0.05342,0.05402,1.1232,1774045498860
gate,bybit,BSUUSDT,0.05342,0.05402,1.1232,1774045499160
gate,bybit,BSUUSDT,0.05342,0.05402,1.1232,1774045499460
gate,bybit,BSUUSDT,0.05342,0.05402,1.1232,1774045499760
gate,bybit,BSUUSDT,0.05342,0.05402,1.1232,1774045500067
gate,bybit,BSUUSDT,0.05342,0.05402,1.1232,1774045500375
gate,bybit,BSUUSDT,0.05342,0.05402,1.1232,1774045500689
gate,bybit,BSUUSDT,0.05341,0.05392,0.9549,1774045501001
gate,bybit,BSUUSDT,0.05341,0.05392,0.9549,1774045501310
gate,bybit,BSUUSDT,0.05341,0.05392,0.9549,1774045501621
gate,bybit,BSUUSDT,0.05342,0.05392,0.936,1774045501925
gate,bybit,BSUUSDT,0.05342,0.05392,0.936,1774045502240
gate,bybit,BSUUSDT,0.05342,0.05392,0.936,1774045502555
gate,bybit,BSUUSDT,0.05342,0.05392,0.936,1774045502865
gate,bybit,BSUUSDT,0.05342,0.05392,0.936,1774045503169
gate,bybit,BSUUSDT,0.05342,0.05392,0.936,1774045503476
gate,bybit,BSUUSDT,0.05342,0.05392,0.936,1774045503782
gate,bybit,BSUUSDT,0.05342,0.05392,0.936,1774045504088
gate,bybit,BSUUSDT,0.05342,0.05392,0.936,1774045504395
gate,bybit,BSUUSDT,0.05342,0.05392,0.936,1774045504700
gate,bybit,BSUUSDT,0.05342,0.05392,0.936,1774045505006
gate,bybit,BSUUSDT,0.05342,0.05392,0.936,1774045505313
gate,bybit,BSUUSDT,0.05342,0.05392,0.936,1774045505617
gate,bybit,BSUUSDT,0.05342,0.05392,0.936,1774045505919
gate,bybit,BSUUSDT,0.05342,0.05392,0.936,1774045506224
gate,bybit,BSUUSDT,0.05342,0.05392,0.936,1774045506530
gate,bybit,BSUUSDT,0.05342,0.05392,0.936,1774045506831
gate,bybit,BSUUSDT,0.05342,0.05392,0.936,1774045507133
gate,bybit,BSUUSDT,0.05342,0.05392,0.936,1774045507435
gate,bybit,BSUUSDT,0.05342,0.05392,0.936,1774045507736
gate,bybit,BSUUSDT,0.05342,0.05392,0.936,1774045508048
gate,bybit,BSUUSDT,0.05342,0.05392,0.936,1774045508359
gate,bybit,BSUUSDT,0.05342,0.05392,0.936,1774045508664
gate,bybit,BSUUSDT,0.05342,0.05392,0.936,1774045508969
gate,bybit,BSUUSDT,0.05342,0.05392,0.936,1774045509270
gate,bybit,BSUUSDT,0.05342,0.05392,0.936,1774045509570
gate,bybit,BSUUSDT,0.05342,0.05392,0.936,1774045509870
gate,bybit,BSUUSDT,0.05342,0.05392,0.936,1774045510181
gate,bybit,BSUUSDT,0.05342,0.05392,0.936,1774045510486
gate,bybit,BSUUSDT,0.05342,0.05392,0.936,1774045510786
gate,bybit,BSUUSDT,0.05342,0.05392,0.936,1774045511087
gate,bybit,BSUUSDT,0.05342,0.05392,0.936,1774045511387
gate,bybit,BSUUSDT,0.05342,0.05392,0.936,1774045511687
gate,bybit,BSUUSDT,0.05342,0.05392,0.936,1774045511987
gate,bybit,BSUUSDT,0.05342,0.05392,0.936,1774045512289
gate,bybit,BSUUSDT,0.05342,0.05392,0.936,1774045512598
gate,bybit,BSUUSDT,0.05342,0.05392,0.936,1774045512904
gate,bybit,BSUUSDT,0.05342,0.05392,0.936,1774045513211
gate,bybit,BSUUSDT,0.05342,0.05392,0.936,1774045513513
gate,bybit,BSUUSDT,0.05342,0.05392,0.936,1774045513822
gate,bybit,BSUUSDT,0.05342,0.05392,0.936,1774045514129
gate,bybit,BSUUSDT,0.05342,0.05392,0.936,1774045514446
gate,bybit,BSUUSDT,0.05342,0.05392,0.936,1774045514761
gate,bybit,BSUUSDT,0.05342,0.05392,0.936,1774045515061
gate,bybit,BSUUSDT,0.05342,0.05392,0.936,1774045515361
gate,bybit,BSUUSDT,0.05342,0.05392,0.936,1774045515661
gate,bybit,BSUUSDT,0.05342,0.05392,0.936,1774045515962
gate,bybit,BSUUSDT,0.05342,0.05392,0.936,1774045516262
gate,bybit,BSUUSDT,0.05342,0.05392,0.936,1774045516562
gate,bybit,BSUUSDT,0.05342,0.05392,0.936,1774045516862
gate,bybit,BSUUSDT,0.05342,0.05392,0.936,1774045517162
gate,bybit,BSUUSDT,0.05342,0.05392,0.936,1774045517462
gate,bybit,BSUUSDT,0.05342,0.05392,0.936,1774045517763
gate,bybit,BSUUSDT,0.05342,0.05392,0.936,1774045518063
gate,bybit,BSUUSDT,0.05342,0.05392,0.936,1774045518363
gate,bybit,BSUUSDT,0.05342,0.05392,0.936,1774045518667
gate,bybit,BSUUSDT,0.05342,0.05392,0.936,1774045518967
gate,bybit,BSUUSDT,0.05342,0.05392,0.936,1774045519268
gate,bybit,BSUUSDT,0.05342,0.05392,0.936,1774045519568
gate,bybit,BSUUSDT,0.05342,0.05392,0.936,1774045519868
gate,bybit,BSUUSDT,0.05342,0.05392,0.936,1774045520168
gate,bybit,BSUUSDT,0.05342,0.05392,0.936,1774045520468
gate,bybit,BSUUSDT,0.05342,0.05392,0.936,1774045520769
gate,bybit,BSUUSDT,0.05342,0.05392,0.936,1774045521069
gate,bybit,BSUUSDT,0.05342,0.05392,0.936,1774045521369
gate,bybit,BSUUSDT,0.05342,0.05392,0.936,1774045521670
gate,bybit,BSUUSDT,0.05342,0.05392,0.936,1774045521970
gate,bybit,BSUUSDT,0.05342,0.05392,0.936,1774045522271
gate,bybit,BSUUSDT,0.05342,0.05392,0.936,1774045522572
gate,bybit,BSUUSDT,0.05342,0.05392,0.936,1774045522872
gate,bybit,BSUUSDT,0.05342,0.05392,0.936,1774045523173
gate,bybit,BSUUSDT,0.05342,0.05392,0.936,1774045523473
gate,bybit,BSUUSDT,0.05342,0.05392,0.936,1774045523773
gate,bybit,BSUUSDT,0.05342,0.05392,0.936,1774045524073
gate,bybit,BSUUSDT,0.05342,0.05392,0.936,1774045524374
gate,bybit,BSUUSDT,0.05342,0.05392,0.936,1774045524674
gate,bybit,BSUUSDT,0.05342,0.05392,0.936,1774045524974
gate,bybit,BSUUSDT,0.05342,0.05392,0.936,1774045525275
gate,bybit,BSUUSDT,0.05342,0.05392,0.936,1774045525575
gate,bybit,BSUUSDT,0.05342,0.05392,0.936,1774045525875
gate,bybit,BSUUSDT,0.05342,0.05392,0.936,1774045526175
gate,bybit,BSUUSDT,0.05342,0.05392,0.936,1774045526475
gate,bybit,BSUUSDT,0.05342,0.05392,0.936,1774045526787
gate,bybit,BSUUSDT,0.05342,0.05392,0.936,1774045527088
gate,bybit,BSUUSDT,0.05342,0.05392,0.936,1774045527388
gate,bybit,BSUUSDT,0.05342,0.05392,0.936,1774045527689
gate,bybit,BSUUSDT,0.05342,0.05392,0.936,1774045527989
gate,bybit,BSUUSDT,0.05342,0.05392,0.936,1774045528290
gate,bybit,BSUUSDT,0.05342,0.05392,0.936,1774045528591
gate,bybit,BSUUSDT,0.05342,0.05392,0.936,1774045528891
gate,bybit,BSUUSDT,0.05342,0.05392,0.936,1774045529191
gate,bybit,BSUUSDT,0.05342,0.05392,0.936,1774045529492
gate,bybit,BSUUSDT,0.05342,0.05392,0.936,1774045529792
gate,bybit,BSUUSDT,0.05342,0.05392,0.936,1774045530093
gate,bybit,BSUUSDT,0.05342,0.05392,0.936,1774045530394
gate,bybit,BSUUSDT,0.05342,0.05392,0.936,1774045530696
gate,bybit,BSUUSDT,0.05342,0.05392,0.936,1774045530998
gate,bybit,BSUUSDT,0.05342,0.05392,0.936,1774045531302
gate,bybit,BSUUSDT,0.05342,0.05392,0.936,1774045531605
gate,bybit,BSUUSDT,0.05342,0.05392,0.936,1774045531909
gate,bybit,BSUUSDT,0.05342,0.05392,0.936,1774045532210
gate,bybit,BSUUSDT,0.05342,0.05392,0.936,1774045532511
gate,bybit,BSUUSDT,0.05342,0.05392,0.936,1774045532812
gate,bybit,BSUUSDT,0.05342,0.05392,0.936,1774045533112
gate,bybit,BSUUSDT,0.05342,0.05392,0.936,1774045533413
gate,bybit,BSUUSDT,0.05342,0.05392,0.936,1774045533715
gate,bybit,BSUUSDT,0.05342,0.05392,0.936,1774045534019
gate,bybit,BSUUSDT,0.05342,0.05392,0.936,1774045534320
gate,bybit,BSUUSDT,0.05342,0.05392,0.936,1774045534626
gate,bybit,BSUUSDT,0.05342,0.05392,0.936,1774045534927
gate,bybit,BSUUSDT,0.05342,0.05392,0.936,1774045535227
gate,bybit,BSUUSDT,0.05342,0.05392,0.936,1774045535527
gate,bybit,BSUUSDT,0.05342,0.05392,0.936,1774045535827
gate,bybit,BSUUSDT,0.05342,0.05392,0.936,1774045536129
gate,bybit,BSUUSDT,0.05342,0.05392,0.936,1774045536429
gate,bybit,BSUUSDT,0.05342,0.05392,0.936,1774045536729
gate,bybit,BSUUSDT,0.05342,0.05392,0.936,1774045537029
gate,bybit,BSUUSDT,0.05342,0.05392,0.936,1774045537330
gate,bybit,BSUUSDT,0.05342,0.05392,0.936,1774045537630
gate,bybit,BSUUSDT,0.05342,0.05392,0.936,1774045537930
gate,bybit,BSUUSDT,0.05342,0.05392,0.936,1774045538231
gate,bybit,BSUUSDT,0.05342,0.05392,0.936,1774045538532
gate,bybit,BSUUSDT,0.05342,0.05392,0.936,1774045538832
gate,bybit,BSUUSDT,0.05342,0.05392,0.936,1774045539132
gate,bybit,BSUUSDT,0.05342,0.05392,0.936,1774045539432
gate,bybit,BSUUSDT,0.05342,0.05392,0.936,1774045539733
gate,bybit,BSUUSDT,0.05342,0.05392,0.936,1774045540033
gate,bybit,BSUUSDT,0.05342,0.05392,0.936,1774045540333
gate,bybit,BSUUSDT,0.05342,0.05392,0.936,1774045540633
gate,bybit,BSUUSDT,0.05342,0.05392,0.936,1774045540933
gate,bybit,BSUUSDT,0.05342,0.05392,0.936,1774045541233
gate,bybit,BSUUSDT,0.05342,0.05392,0.936,1774045541533
gate,bybit,BSUUSDT,0.05342,0.05392,0.936,1774045541833
gate,bybit,BSUUSDT,0.05342,0.05392,0.936,1774045542134
gate,bybit,BSUUSDT,0.05342,0.05392,0.936,1774045542434
gate,bybit,BSUUSDT,0.05342,0.05392,0.936,1774045542734
gate,bybit,BSUUSDT,0.05342,0.05392,0.936,1774045543035
gate,bybit,BSUUSDT,0.05342,0.05392,0.936,1774045543336
gate,bybit,BSUUSDT,0.05342,0.05392,0.936,1774045543636
gate,bybit,BSUUSDT,0.05342,0.05392,0.936,1774045543936
gate,bybit,BSUUSDT,0.05342,0.05392,0.936,1774045544237
gate,bybit,BSUUSDT,0.05342,0.05392,0.936,1774045544537
gate,bybit,BSUUSDT,0.05342,0.05392,0.936,1774045544837
gate,bybit,BSUUSDT,0.05342,0.05392,0.936,1774045545137
gate,bybit,BSUUSDT,0.05342,0.05392,0.936,1774045545438
gate,bybit,BSUUSDT,0.05342,0.05392,0.936,1774045545738
gate,bybit,BSUUSDT,0.05342,0.05392,0.936,1774045546039
gate,bybit,BSUUSDT,0.05342,0.05392,0.936,1774045546339
gate,bybit,BSUUSDT,0.05342,0.05392,0.936,1774045546639
gate,bybit,BSUUSDT,0.05342,0.05392,0.936,1774045546939
gate,bybit,BSUUSDT,0.05342,0.05392,0.936,1774045547239
gate,bybit,BSUUSDT,0.05342,0.05392,0.936,1774045547539
gate,bybit,BSUUSDT,0.05342,0.05392,0.936,1774045547839
gate,bybit,BSUUSDT,0.05342,0.05392,0.936,1774045548139
gate,bybit,BSUUSDT,0.05342,0.05392,0.936,1774045548440
gate,bybit,BSUUSDT,0.05342,0.05392,0.936,1774045548740
gate,bybit,BSUUSDT,0.05342,0.05392,0.936,1774045549040
gate,bybit,BSUUSDT,0.05342,0.05392,0.936,1774045549340
gate,bybit,BSUUSDT,0.05342,0.05392,0.936,1774045549641
gate,bybit,BSUUSDT,0.05342,0.05392,0.936,1774045549941
gate,bybit,BSUUSDT,0.05342,0.05392,0.936,1774045550241
gate,bybit,BSUUSDT,0.05342,0.05392,0.936,1774045550553
gate,bybit,BSUUSDT,0.05342,0.05392,0.936,1774045550855
gate,bybit,BSUUSDT,0.05342,0.05392,0.936,1774045551156
gate,bybit,BSUUSDT,0.05342,0.05392,0.936,1774045551456
gate,bybit,BSUUSDT,0.05342,0.05392,0.936,1774045551756
gate,bybit,BSUUSDT,0.05342,0.05392,0.936,1774045552056
gate,bybit,BSUUSDT,0.05342,0.05392,0.936,1774045552357
gate,bybit,BSUUSDT,0.05342,0.05392,0.936,1774045552657
gate,bybit,BSUUSDT,0.05342,0.05392,0.936,1774045552957
gate,bybit,BSUUSDT,0.05342,0.05392,0.936,1774045553259
gate,bybit,BSUUSDT,0.05342,0.05392,0.936,1774045553559
gate,bybit,BSUUSDT,0.05342,0.05392,0.936,1774045553859
gate,bybit,BSUUSDT,0.05342,0.05392,0.936,1774045554159
gate,bybit,BSUUSDT,0.05342,0.05392,0.936,1774045554459
gate,bybit,BSUUSDT,0.05342,0.05392,0.936,1774045554760
gate,bybit,BSUUSDT,0.05342,0.05392,0.936,1774045555060
gate,bybit,BSUUSDT,0.05342,0.05392,0.936,1774045555360
gate,bybit,BSUUSDT,0.05342,0.05392,0.936,1774045555660
gate,bybit,BSUUSDT,0.05342,0.05392,0.936,1774045555960
gate,bybit,BSUUSDT,0.05342,0.05392,0.936,1774045556261
gate,bybit,BSUUSDT,0.05342,0.05392,0.936,1774045556561
gate,bybit,BSUUSDT,0.05342,0.05392,0.936,1774045556861
gate,bybit,BSUUSDT,0.05342,0.05392,0.936,1774045557161
gate,bybit,BSUUSDT,0.05342,0.05392,0.936,1774045557461
gate,bybit,BSUUSDT,0.05342,0.05392,0.936,1774045557761
gate,bybit,BSUUSDT,0.05342,0.05392,0.936,1774045558061
gate,bybit,BSUUSDT,0.05342,0.05392,0.936,1774045558361
gate,bybit,BSUUSDT,0.05342,0.05392,0.936,1774045558661
gate,bybit,BSUUSDT,0.05342,0.05392,0.936,1774045558962
gate,bybit,BSUUSDT,0.05342,0.05392,0.936,1774045559262
gate,bybit,BSUUSDT,0.05342,0.05392,0.936,1774045559562
gate,bybit,BSUUSDT,0.05342,0.05392,0.936,1774045559867
gate,bybit,BSUUSDT,0.05342,0.05392,0.936,1774045560168
gate,bybit,BSUUSDT,0.05342,0.05393,0.9547,1774045560470
gate,bybit,BSUUSDT,0.05342,0.05393,0.9547,1774045560786
gate,bybit,BSUUSDT,0.05342,0.05393,0.9547,1774045561097
gate,bybit,BSUUSDT,0.05342,0.05393,0.9547,1774045561406
gate,bybit,BSUUSDT,0.0536,0.05393,0.6157,1774045561722
gate,bybit,BSUUSDT,0.05352,0.05393,0.7661,1774045562032
gate,bybit,BSUUSDT,0.05352,0.05393,0.7661,1774045562337
gate,bybit,BSUUSDT,0.05352,0.05393,0.7661,1774045562651
gate,bybit,BSUUSDT,0.05352,0.05393,0.7661,1774045562965
gate,bybit,BSUUSDT,0.05352,0.05393,0.7661,1774045563281
gate,bybit,BSUUSDT,0.05352,0.05393,0.7661,1774045563587
gate,bybit,BSUUSDT,0.05349,0.05393,0.8226,1774045563890
gate,bybit,BSUUSDT,0.05349,0.05393,0.8226,1774045564191
gate,bybit,BSUUSDT,0.05349,0.05393,0.8226,1774045564491
gate,bybit,BSUUSDT,0.05349,0.05393,0.8226,1774045564797
gate,bybit,BSUUSDT,0.05349,0.05393,0.8226,1774045565102
gate,bybit,BSUUSDT,0.05349,0.05393,0.8226,1774045565408
gate,bybit,BSUUSDT,0.05349,0.05393,0.8226,1774045565712
gate,bybit,BSUUSDT,0.05349,0.05393,0.8226,1774045566014
gate,bybit,BSUUSDT,0.05349,0.05393,0.8226,1774045566322
gate,bybit,BSUUSDT,0.05349,0.05393,0.8226,1774045566624
gate,bybit,BSUUSDT,0.05349,0.05393,0.8226,1774045566926
gate,bybit,BSUUSDT,0.05349,0.05393,0.8226,1774045567230
gate,bybit,BSUUSDT,0.05349,0.05393,0.8226,1774045567530
gate,bybit,BSUUSDT,0.05349,0.05393,0.8226,1774045567830
gate,bybit,BSUUSDT,0.05349,0.05393,0.8226,1774045568132
gate,bybit,BSUUSDT,0.05349,0.05393,0.8226,1774045568433
gate,bybit,BSUUSDT,0.05349,0.05393,0.8226,1774045568733
gate,bybit,BSUUSDT,0.05349,0.05393,0.8226,1774045569034
gate,bybit,BSUUSDT,0.05349,0.05393,0.8226,1774045569337
gate,bybit,BSUUSDT,0.05349,0.05393,0.8226,1774045569638
gate,bybit,BSUUSDT,0.05349,0.05393,0.8226,1774045569938
gate,bybit,BSUUSDT,0.05349,0.05393,0.8226,1774045570239
gate,bybit,BSUUSDT,0.05349,0.05393,0.8226,1774045570539
gate,bybit,BSUUSDT,0.05349,0.05393,0.8226,1774045570839
gate,bybit,BSUUSDT,0.05349,0.05393,0.8226,1774045571139
gate,bybit,BSUUSDT,0.05349,0.05393,0.8226,1774045571439
gate,bybit,BSUUSDT,0.05349,0.05393,0.8226,1774045571739
gate,bybit,BSUUSDT,0.05349,0.05393,0.8226,1774045572048
gate,bybit,BSUUSDT,0.05349,0.05393,0.8226,1774045572360
gate,bybit,BSUUSDT,0.05349,0.05393,0.8226,1774045572665
gate,bybit,BSUUSDT,0.05349,0.05393,0.8226,1774045572969
gate,bybit,BSUUSDT,0.05349,0.05393,0.8226,1774045573269
gate,bybit,BSUUSDT,0.05349,0.05393,0.8226,1774045573569
gate,bybit,BSUUSDT,0.05349,0.05393,0.8226,1774045573876
gate,bybit,BSUUSDT,0.05349,0.05393,0.8226,1774045574176
gate,bybit,BSUUSDT,0.05349,0.05393,0.8226,1774045574477
gate,bybit,BSUUSDT,0.05349,0.05393,0.8226,1774045574778
gate,bybit,BSUUSDT,0.05349,0.05393,0.8226,1774045575081
gate,bybit,BSUUSDT,0.05349,0.05393,0.8226,1774045575383
gate,bybit,BSUUSDT,0.05349,0.05393,0.8226,1774045575683
gate,bybit,BSUUSDT,0.05349,0.05393,0.8226,1774045575983
gate,bybit,BSUUSDT,0.05349,0.05393,0.8226,1774045576283
gate,bybit,BSUUSDT,0.05349,0.05393,0.8226,1774045576584
gate,bybit,BSUUSDT,0.05349,0.05393,0.8226,1774045576884
gate,bybit,BSUUSDT,0.05349,0.05393,0.8226,1774045577184
gate,bybit,BSUUSDT,0.05349,0.05393,0.8226,1774045577484
gate,bybit,BSUUSDT,0.05349,0.05393,0.8226,1774045577785
gate,bybit,BSUUSDT,0.05349,0.05393,0.8226,1774045578085
gate,bybit,BSUUSDT,0.05349,0.05393,0.8226,1774045578385
gate,bybit,BSUUSDT,0.05349,0.05393,0.8226,1774045578685
gate,bybit,BSUUSDT,0.05349,0.05393,0.8226,1774045578986
gate,bybit,BSUUSDT,0.05349,0.05393,0.8226,1774045579286
gate,bybit,BSUUSDT,0.05349,0.05393,0.8226,1774045579586
gate,bybit,BSUUSDT,0.05349,0.05393,0.8226,1774045579887
gate,bybit,BSUUSDT,0.05349,0.05393,0.8226,1774045580187
gate,bybit,BSUUSDT,0.05349,0.05393,0.8226,1774045580488
gate,bybit,BSUUSDT,0.05349,0.05393,0.8226,1774045580788
gate,bybit,BSUUSDT,0.05349,0.05393,0.8226,1774045581089
gate,bybit,BSUUSDT,0.05349,0.05393,0.8226,1774045581389
gate,bybit,BSUUSDT,0.05349,0.05393,0.8226,1774045581689
gate,bybit,BSUUSDT,0.05349,0.05393,0.8226,1774045581989
gate,bybit,BSUUSDT,0.05349,0.05393,0.8226,1774045582289
gate,bybit,BSUUSDT,0.05349,0.05393,0.8226,1774045582590
gate,bybit,BSUUSDT,0.05349,0.05393,0.8226,1774045582890
gate,bybit,BSUUSDT,0.05349,0.05393,0.8226,1774045583190
gate,bybit,BSUUSDT,0.05349,0.05393,0.8226,1774045583490
gate,bybit,BSUUSDT,0.05349,0.05393,0.8226,1774045583790
gate,bybit,BSUUSDT,0.05349,0.05393,0.8226,1774045584090
gate,bybit,BSUUSDT,0.05349,0.05393,0.8226,1774045584390
gate,bybit,BSUUSDT,0.05349,0.05393,0.8226,1774045584691
gate,bybit,BSUUSDT,0.05349,0.05393,0.8226,1774045584991
gate,bybit,BSUUSDT,0.05349,0.05393,0.8226,1774045585291
gate,bybit,BSUUSDT,0.05349,0.05393,0.8226,1774045585591
gate,bybit,BSUUSDT,0.05349,0.05393,0.8226,1774045585892
gate,bybit,BSUUSDT,0.05349,0.05393,0.8226,1774045586192
gate,bybit,BSUUSDT,0.05349,0.05393,0.8226,1774045586492
gate,bybit,BSUUSDT,0.05349,0.05393,0.8226,1774045586793
gate,bybit,BSUUSDT,0.05349,0.05393,0.8226,1774045587093
gate,bybit,BSUUSDT,0.05349,0.05393,0.8226,1774045587396
gate,bybit,BSUUSDT,0.05349,0.05393,0.8226,1774045587700
gate,bybit,BSUUSDT,0.05349,0.05393,0.8226,1774045588005
gate,bybit,BSUUSDT,0.05349,0.05393,0.8226,1774045588309
gate,bybit,BSUUSDT,0.05349,0.05393,0.8226,1774045588609
gate,bybit,BSUUSDT,0.05349,0.05393,0.8226,1774045588911
gate,bybit,BSUUSDT,0.05349,0.05393,0.8226,1774045589212
gate,bybit,BSUUSDT,0.05349,0.05393,0.8226,1774045589514
gate,bybit,BSUUSDT,0.05349,0.05393,0.8226,1774045589816
gate,bybit,BSUUSDT,0.05349,0.05393,0.8226,1774045590119
gate,bybit,BSUUSDT,0.05349,0.05393,0.8226,1774045590423
gate,bybit,BSUUSDT,0.05349,0.05393,0.8226,1774045590724
gate,bybit,BSUUSDT,0.05349,0.05393,0.8226,1774045591024
gate,bybit,BSUUSDT,0.05349,0.05393,0.8226,1774045591325
gate,bybit,BSUUSDT,0.05349,0.05393,0.8226,1774045591628
gate,bybit,BSUUSDT,0.05349,0.05393,0.8226,1774045591928
gate,bybit,BSUUSDT,0.05349,0.05393,0.8226,1774045592229
gate,bybit,BSUUSDT,0.05349,0.05393,0.8226,1774045592530
gate,bybit,BSUUSDT,0.05349,0.05393,0.8226,1774045592830
gate,bybit,BSUUSDT,0.05349,0.05393,0.8226,1774045593130
gate,bybit,BSUUSDT,0.05349,0.05393,0.8226,1774045593431
gate,bybit,BSUUSDT,0.05349,0.05393,0.8226,1774045593732
gate,bybit,BSUUSDT,0.05349,0.05393,0.8226,1774045594032
gate,bybit,BSUUSDT,0.05349,0.05393,0.8226,1774045594332
gate,bybit,BSUUSDT,0.05349,0.05393,0.8226,1774045594632
gate,bybit,BSUUSDT,0.05349,0.05393,0.8226,1774045594933
gate,bybit,BSUUSDT,0.05349,0.05393,0.8226,1774045595233
gate,bybit,BSUUSDT,0.05349,0.05393,0.8226,1774045595533
gate,bybit,BSUUSDT,0.05349,0.05393,0.8226,1774045595833
gate,bybit,BSUUSDT,0.05349,0.05393,0.8226,1774045596136
gate,bybit,BSUUSDT,0.05349,0.05393,0.8226,1774045596437
gate,bybit,BSUUSDT,0.05349,0.05393,0.8226,1774045596737
gate,bybit,BSUUSDT,0.05349,0.05393,0.8226,1774045597037
gate,bybit,BSUUSDT,0.05349,0.05393,0.8226,1774045597337
gate,bybit,BSUUSDT,0.05349,0.05393,0.8226,1774045597637
gate,bybit,BSUUSDT,0.05349,0.05393,0.8226,1774045597937
gate,bybit,BSUUSDT,0.05349,0.05393,0.8226,1774045598238
gate,bybit,BSUUSDT,0.05349,0.05393,0.8226,1774045598538
gate,bybit,BSUUSDT,0.05349,0.05393,0.8226,1774045598838
gate,bybit,BSUUSDT,0.05349,0.05393,0.8226,1774045599138
gate,bybit,BSUUSDT,0.05349,0.05393,0.8226,1774045599438
gate,bybit,BSUUSDT,0.05349,0.05393,0.8226,1774045599738
gate,bybit,BSUUSDT,0.05349,0.05393,0.8226,1774045600038
gate,bybit,BSUUSDT,0.05349,0.05393,0.8226,1774045600339
gate,bybit,BSUUSDT,0.05349,0.05393,0.8226,1774045600639
gate,bybit,BSUUSDT,0.05349,0.05393,0.8226,1774045600939
gate,bybit,BSUUSDT,0.05349,0.05393,0.8226,1774045601239
gate,bybit,BSUUSDT,0.05349,0.05393,0.8226,1774045601539
gate,bybit,BSUUSDT,0.05349,0.05393,0.8226,1774045601840
gate,bybit,BSUUSDT,0.05349,0.05393,0.8226,1774045602141
gate,bybit,BSUUSDT,0.05349,0.05393,0.8226,1774045602441
gate,bybit,BSUUSDT,0.05349,0.05393,0.8226,1774045602741
gate,bybit,BSUUSDT,0.05349,0.05393,0.8226,1774045603041
gate,bybit,BSUUSDT,0.05349,0.05393,0.8226,1774045603342
gate,bybit,BSUUSDT,0.05349,0.05393,0.8226,1774045603642
gate,bybit,BSUUSDT,0.05349,0.05393,0.8226,1774045603942
gate,bybit,BSUUSDT,0.05349,0.05393,0.8226,1774045604243
gate,bybit,BSUUSDT,0.05349,0.05393,0.8226,1774045604543
gate,bybit,BSUUSDT,0.05349,0.05393,0.8226,1774045604843
gate,bybit,BSUUSDT,0.05349,0.05393,0.8226,1774045605143
gate,bybit,BSUUSDT,0.05349,0.05393,0.8226,1774045605443
gate,bybit,BSUUSDT,0.05349,0.05393,0.8226,1774045605744
gate,bybit,BSUUSDT,0.05349,0.05393,0.8226,1774045606044
gate,bybit,BSUUSDT,0.05349,0.05393,0.8226,1774045606344
gate,bybit,BSUUSDT,0.05349,0.05393,0.8226,1774045606645
gate,bybit,BSUUSDT,0.05349,0.05393,0.8226,1774045606945
gate,bybit,BSUUSDT,0.05349,0.05393,0.8226,1774045607246
gate,bybit,BSUUSDT,0.05349,0.05393,0.8226,1774045607546
gate,bybit,BSUUSDT,0.05349,0.05393,0.8226,1774045607846
gate,bybit,BSUUSDT,0.05349,0.05393,0.8226,1774045608146
gate,bybit,BSUUSDT,0.05349,0.05393,0.8226,1774045608448
gate,bybit,BSUUSDT,0.05349,0.05393,0.8226,1774045608748
gate,bybit,BSUUSDT,0.05349,0.05393,0.8226,1774045609048
gate,bybit,BSUUSDT,0.05349,0.05393,0.8226,1774045609348
gate,bybit,BSUUSDT,0.05349,0.05393,0.8226,1774045609649
gate,bybit,BSUUSDT,0.05349,0.05393,0.8226,1774045609949
gate,bybit,BSUUSDT,0.05349,0.05393,0.8226,1774045610249
gate,bybit,BSUUSDT,0.05349,0.05393,0.8226,1774045610550
gate,bybit,BSUUSDT,0.05349,0.05393,0.8226,1774045610851
gate,bybit,BSUUSDT,0.05349,0.05393,0.8226,1774045611151
gate,bybit,BSUUSDT,0.05349,0.05393,0.8226,1774045611451
gate,bybit,BSUUSDT,0.05349,0.05393,0.8226,1774045611751
gate,bybit,BSUUSDT,0.05349,0.05393,0.8226,1774045612052
gate,bybit,BSUUSDT,0.05349,0.05393,0.8226,1774045612352
gate,bybit,BSUUSDT,0.05349,0.05393,0.8226,1774045612652
gate,bybit,BSUUSDT,0.05349,0.05393,0.8226,1774045612952
gate,bybit,BSUUSDT,0.05349,0.05393,0.8226,1774045613252
gate,bybit,BSUUSDT,0.05349,0.05393,0.8226,1774045613552
gate,bybit,BSUUSDT,0.05349,0.05393,0.8226,1774045613853
gate,bybit,BSUUSDT,0.05349,0.05393,0.8226,1774045614153
gate,bybit,BSUUSDT,0.05349,0.05393,0.8226,1774045614453
gate,bybit,BSUUSDT,0.05349,0.05393,0.8226,1774045614754
gate,bybit,BSUUSDT,0.05349,0.05393,0.8226,1774045615055
gate,bybit,BSUUSDT,0.05349,0.05393,0.8226,1774045615355
gate,bybit,BSUUSDT,0.05349,0.05393,0.8226,1774045615655
gate,bybit,BSUUSDT,0.05349,0.05393,0.8226,1774045615955
gate,bybit,BSUUSDT,0.05349,0.05393,0.8226,1774045616255
gate,bybit,BSUUSDT,0.05349,0.05393,0.8226,1774045616556
gate,bybit,BSUUSDT,0.05349,0.05393,0.8226,1774045616863
gate,bybit,BSUUSDT,0.05349,0.05393,0.8226,1774045617173
gate,bybit,BSUUSDT,0.05349,0.05393,0.8226,1774045617485
gate,bybit,BSUUSDT,0.05349,0.05393,0.8226,1774045617791
gate,bybit,BSUUSDT,0.05349,0.05393,0.8226,1774045618098
gate,bybit,BSUUSDT,0.05349,0.05393,0.8226,1774045618405
gate,bybit,BSUUSDT,0.05349,0.05393,0.8226,1774045618711
gate,bybit,BSUUSDT,0.05349,0.05393,0.8226,1774045619016
gate,bybit,BSUUSDT,0.05349,0.05393,0.8226,1774045619320
gate,bybit,BSUUSDT,0.05349,0.05393,0.8226,1774045619624
gate,bybit,BSUUSDT,0.05349,0.05393,0.8226,1774045619924
gate,bybit,BSUUSDT,0.05349,0.05393,0.8226,1774045620231
gate,bybit,BSUUSDT,0.05349,0.05393,0.8226,1774045620546
gate,bybit,BSUUSDT,0.05349,0.05394,0.8413,1774045620855
gate,bybit,BSUUSDT,0.05349,0.05394,0.8413,1774045621159
gate,bybit,BSUUSDT,0.05349,0.05394,0.8413,1774045621464
gate,bybit,BSUUSDT,0.05349,0.05394,0.8413,1774045621764
gate,bybit,BSUUSDT,0.05349,0.05394,0.8413,1774045622064
