spot_exch,fut_exch,symbol,ask_spot,bid_futures,spread_pct,ts,s_b1,s_b2,s_b3,s_b4,s_b5,s_b6,s_b7,s_b8,s_b9,s_b10,s_bq1,s_bq2,s_bq3,s_bq4,s_bq5,s_bq6,s_bq7,s_bq8,s_bq9,s_bq10,s_a1,s_a2,s_a3,s_a4,s_a5,s_a6,s_a7,s_a8,s_a9,s_a10,s_aq1,s_aq2,s_aq3,s_aq4,s_aq5,s_aq6,s_aq7,s_aq8,s_aq9,s_aq10,f_b1,f_b2,f_b3,f_b4,f_b5,f_b6,f_b7,f_b8,f_b9,f_b10,f_bq1,f_bq2,f_bq3,f_bq4,f_bq5,f_bq6,f_bq7,f_bq8,f_bq9,f_bq10,f_a1,f_a2,f_a3,f_a4,f_a5,f_a6,f_a7,f_a8,f_a9,f_a10,f_aq1,f_aq2,f_aq3,f_aq4,f_aq5,f_aq6,f_aq7,f_aq8,f_aq9,f_aq10
binance,gate,FUNUSDT,0.00139300,0.03077,2108.9017,1774049197000,,,,,,,,,,,,,,,,,,,,,,,,,,,,,,,,,,,,,,,,,0.03077,195,0.03074,65,0.03073,195,0.03071,19,0.0307,195,0.03066,183,0.0306,183,0.03054,183,0.03048,183,0.03042,183,0.03086,241,0.03089,183,0.03092,183,0.03095,183,0.03098,183,0.03101,183,0.03104,183,0.0311,183,0.03116,183,0.0312,57
binance,gate,FUNUSDT,0.00139500,0.03077,2105.7348,1774049311000,,,,,,,,,,,,,,,,,,,,,,,,,,,,,,,,,,,,,,,,,0.03078,5,0.03077,195,0.03073,195,0.0307,195,0.03066,183,0.0306,183,0.03054,183,0.03048,183,0.03042,183,0.03036,183,0.03086,183,0.03089,183,0.03092,183,0.03095,183,0.03098,183,0.03101,183,0.03104,183,0.0311,183,0.03116,183,0.0312,57
binance,gate,FUNUSDT,0.00139300,0.03079,2110.3374,1774049412000,0.00139300,300055.00000000,0.00139200,579125.00000000,0.00139100,44138.00000000,0.00139000,588745.00000000,0.00138900,39609.00000000,0.00138800,581823.00000000,0.00138700,40720.00000000,0.00138600,811216.00000000,0.00138500,61420.00000000,0.00138400,583124.00000000,0.00139600,538986.00000000,0.00139700,44138.00000000,0.00139800,583124.00000000,0.00139900,1529961.00000000,0.00140000,2173540.00000000,0.00140100,1040046.00000000,0.00140200,8521.00000000,0.00140300,929150.00000000,0.00140400,7301.00000000,0.00140500,538986.00000000,0.03083,195,0.03081,3,0.0308,245,0.03078,65,0.03077,195,0.03075,19,0.03073,195,0.0307,195,0.03066,183,0.0306,183,0.03091,58,0.03092,183,0.03095,183,0.03098,183,0.03101,183,0.03104,183,0.0311,183,0.03116,183,0.0312,57,0.03122,183
binance,gate,FUNUSDT,0.00139600,0.03083,2108.4527,1774049413000,0.00139300,300055.00000000,0.00139200,579125.00000000,0.00139100,44138.00000000,0.00139000,588745.00000000,0.00138900,39609.00000000,0.00138800,581823.00000000,0.00138700,40720.00000000,0.00138600,1760754.00000000,0.00138500,260550.00000000,0.00138400,583124.00000000,0.00139600,1475104.00000000,0.00139700,44138.00000000,0.00139800,583124.00000000,0.00139900,815165.00000000,0.00140000,2173540.00000000,0.00140100,1040046.00000000,0.00140200,8521.00000000,0.00140300,929150.00000000,0.00140400,207804.00000000,0.00140500,739489.00000000,0.03084,2,0.03083,197,0.0308,260,0.03077,195,0.03075,19,0.03073,195,0.0307,195,0.03066,183,0.0306,183,0.03054,183,0.03092,195,0.03093,58,0.03095,183,0.03098,183,0.03101,183,0.03104,183,0.0311,183,0.03116,183,0.0312,57,0.03122,183
binance,gate,FUNUSDT,0.00139600,0.03084,2109.1691,1774049414000,0.00139300,127186.00000000,0.00139200,194591.00000000,0.00139100,724147.00000000,0.00139000,692534.00000000,0.00138900,512897.00000000,0.00138800,41478.00000000,0.00138700,514008.00000000,0.00138600,1219434.00000000,0.00138500,733838.00000000,0.00138400,784415.00000000,0.00139600,1466177.00000000,0.00139700,44138.00000000,0.00139800,517426.00000000,0.00139900,1305810.00000000,0.00140000,2173540.00000000,0.00140100,1464993.00000000,0.00140200,8521.00000000,0.00140300,590667.00000000,0.00140400,681092.00000000,0.00140500,200503.00000000,0.03084,2,0.03083,195,0.0308,260,0.03077,195,0.03075,19,0.03073,195,0.0307,195,0.03066,183,0.0306,183,0.03054,183,0.03094,108,0.03095,183,0.03098,183,0.03101,183,0.03104,183,0.0311,183,0.03116,183,0.0312,57,0.03122,183,0.03128,183
binance,gate,FUNUSDT,0.00139600,0.03084,2109.1691,1774049418000,0.00139300,119991.00000000,0.00139200,200513.00000000,0.00139100,724147.00000000,0.00139000,1150483.00000000,0.00138900,726503.00000000,0.00138800,41478.00000000,0.00138700,514008.00000000,0.00138600,998005.00000000,0.00138500,733838.00000000,0.00138400,784415.00000000,0.00139500,4349.00000000,0.00139600,1924126.00000000,0.00139700,44138.00000000,0.00139800,517426.00000000,0.00139900,1763759.00000000,0.00140000,2173540.00000000,0.00140100,1469021.00000000,0.00140200,8521.00000000,0.00140300,590667.00000000,0.00140400,681092.00000000,0.03084,196,0.0308,195,0.03077,260,0.03075,19,0.03073,195,0.0307,195,0.03066,183,0.0306,183,0.03054,183,0.03048,183,0.03094,58,0.03095,183,0.03098,183,0.03101,183,0.03104,183,0.0311,183,0.03116,183,0.0312,57,0.03122,183,0.03128,183
binance,gate,FUNUSDT,0.00139600,0.03084,2109.1691,1774049425000,0.00139300,119991.00000000,0.00139200,200513.00000000,0.00139100,638095.00000000,0.00139000,1150483.00000000,0.00138900,744048.00000000,0.00138800,428714.00000000,0.00138700,40720.00000000,0.00138600,1385241.00000000,0.00138500,260550.00000000,0.00138400,1172027.00000000,0.00139600,1988807.00000000,0.00139700,431374.00000000,0.00139800,395903.00000000,0.00139900,1660350.00000000,0.00140000,2627461.00000000,0.00140100,995733.00000000,0.00140200,395757.00000000,0.00140300,805727.00000000,0.00140400,207804.00000000,0.00140500,587739.00000000,0.03084,195,0.03083,65,0.0308,195,0.03077,195,0.03075,19,0.03073,195,0.0307,195,0.03066,183,0.0306,183,0.03054,183,0.03095,183,0.03096,58,0.03098,183,0.03101,183,0.03104,183,0.0311,183,0.03116,183,0.0312,57,0.03122,183,0.03128,183
binance,gate,FUNUSDT,0.00139600,0.03085,2109.8854,1774049426000,0.00139300,119991.00000000,0.00139200,200513.00000000,0.00139100,638095.00000000,0.00139000,1150483.00000000,0.00138900,744048.00000000,0.00138800,428714.00000000,0.00138700,40720.00000000,0.00138600,1385241.00000000,0.00138500,260550.00000000,0.00138400,1172027.00000000,0.00139600,1993293.00000000,0.00139700,431374.00000000,0.00139800,395903.00000000,0.00139900,1660350.00000000,0.00140000,2627461.00000000,0.00140100,995733.00000000,0.00140200,395757.00000000,0.00140300,805727.00000000,0.00140400,207804.00000000,0.00140500,587739.00000000,0.03085,3,0.03084,195,0.03083,65,0.0308,195,0.03077,195,0.03075,19,0.03073,195,0.0307,195,0.03066,183,0.0306,183,0.03095,241,0.03098,183,0.03101,183,0.03104,183,0.0311,183,0.03116,183,0.0312,57,0.03122,183,0.03128,183,0.03135,40
binance,gate,FUNUSDT,0.00139900,0.03085,2105.1465,1774049427000,0.00139800,125479.00000000,0.00139700,38752.00000000,0.00139600,980733.00000000,0.00139500,4353845.00000000,0.00139400,395122.00000000,0.00139300,787699.00000000,0.00139200,481958.00000000,0.00139100,982640.00000000,0.00139000,727024.00000000,0.00138900,239680.00000000,0.00139900,771027.00000000,0.00140000,2592045.00000000,0.00140100,7400.00000000,0.00140200,1178072.00000000,0.00140300,388266.00000000,0.00140400,482982.00000000,0.00140500,777414.00000000,0.00140600,15785701.00000000,0.00140700,394531.00000000,0.00140800,7744313.00000000,0.03085,1,0.03084,260,0.0308,195,0.03077,195,0.03075,19,0.03073,195,0.0307,195,0.03066,183,0.0306,183,0.03054,183,0.03095,183,0.03097,58,0.03098,183,0.03101,183,0.03104,183,0.0311,183,0.03116,183,0.0312,57,0.03122,183,0.03128,183
binance,gate,FUNUSDT,0.00139900,0.03084,2104.4317,1774049430000,0.00139800,632846.00000000,0.00139700,405951.00000000,0.00139600,1400435.00000000,0.00139500,3922323.00000000,0.00139400,395122.00000000,0.00139300,436758.00000000,0.00139200,250006.00000000,0.00139100,982640.00000000,0.00139000,926594.00000000,0.00138900,777511.00000000,0.00139900,563881.00000000,0.00140000,2138124.00000000,0.00140100,7400.00000000,0.00140200,1178072.00000000,0.00140300,388266.00000000,0.00140400,482982.00000000,0.00140500,777414.00000000,0.00140600,14964133.00000000,0.00140700,1279672.00000000,0.00140800,7744313.00000000,0.03084,195,0.03082,65,0.0308,195,0.03077,195,0.03075,19,0.03073,195,0.0307,195,0.03066,183,0.0306,183,0.03054,183,0.03095,241,0.03098,183,0.03101,183,0.03104,183,0.0311,183,0.03116,183,0.0312,57,0.03122,183,0.03128,183,0.03135,40
binance,gate,FUNUSDT,0.00139900,0.03084,2104.4317,1774049431000,0.00139800,687895.00000000,0.00139700,405951.00000000,0.00139600,1400435.00000000,0.00139500,3922323.00000000,0.00139400,395122.00000000,0.00139300,436758.00000000,0.00139200,250006.00000000,0.00139100,982640.00000000,0.00139000,926594.00000000,0.00138900,777511.00000000,0.00139900,563881.00000000,0.00140000,2138124.00000000,0.00140100,7400.00000000,0.00140200,1178072.00000000,0.00140300,388266.00000000,0.00140400,482982.00000000,0.00140500,777414.00000000,0.00140600,14964133.00000000,0.00140700,1279672.00000000,0.00140800,7744313.00000000,0.03084,196,0.03082,65,0.0308,195,0.03077,195,0.03075,19,0.03073,195,0.0307,195,0.03066,183,0.0306,183,0.03054,183,0.03095,241,0.03098,183,0.03101,183,0.03104,183,0.0311,183,0.03116,183,0.0312,57,0.03122,183,0.03128,183,0.03135,40
binance,gate,FUNUSDT,0.00139900,0.03084,2104.4317,1774049432000,0.00139800,752893.00000000,0.00139700,405951.00000000,0.00139600,1400435.00000000,0.00139500,3922323.00000000,0.00139400,395122.00000000,0.00139300,436758.00000000,0.00139200,250006.00000000,0.00139100,982640.00000000,0.00139000,248359.00000000,0.00138900,777511.00000000,0.00139900,563881.00000000,0.00140000,2138124.00000000,0.00140100,7400.00000000,0.00140200,1178072.00000000,0.00140300,388266.00000000,0.00140400,482982.00000000,0.00140500,777414.00000000,0.00140600,14964133.00000000,0.00140700,1279672.00000000,0.00140800,7744313.00000000,0.03084,196,0.03082,65,0.0308,195,0.03077,195,0.03075,19,0.03073,195,0.0307,195,0.03066,183,0.0306,183,0.03054,183,0.03095,241,0.03098,183,0.03101,183,0.03104,183,0.0311,183,0.03116,183,0.0312,57,0.03122,183,0.03128,183,0.03135,40
binance,gate,FUNUSDT,0.00139900,0.03084,2104.4317,1774049434000,0.00139800,752893.00000000,0.00139700,405951.00000000,0.00139600,1400435.00000000,0.00139500,3922323.00000000,0.00139400,395122.00000000,0.00139300,657181.00000000,0.00139200,250006.00000000,0.00139100,982640.00000000,0.00139000,248359.00000000,0.00138900,777511.00000000,0.00139900,467969.00000000,0.00140000,2138124.00000000,0.00140100,7400.00000000,0.00140200,1178072.00000000,0.00140300,388266.00000000,0.00140400,482982.00000000,0.00140500,777414.00000000,0.00140600,14964133.00000000,0.00140700,1279672.00000000,0.00140800,7744313.00000000,0.03084,261,0.0308,195,0.03077,195,0.03075,19,0.03073,195,0.0307,195,0.03066,183,0.0306,183,0.03054,183,0.03048,183,0.03095,183,0.03097,58,0.03098,183,0.03101,183,0.03104,183,0.0311,183,0.03116,183,0.0312,57,0.03122,183,0.03128,183
binance,gate,FUNUSDT,0.00139900,0.03084,2104.4317,1774049439000,0.00139800,130099.00000000,0.00139700,49716.00000000,0.00139600,978243.00000000,0.00139500,4473724.00000000,0.00139400,395122.00000000,0.00139300,436758.00000000,0.00139200,266013.00000000,0.00139100,783070.00000000,0.00139000,248359.00000000,0.00138900,777511.00000000,0.00139900,454462.00000000,0.00140000,2138124.00000000,0.00140100,380057.00000000,0.00140200,791434.00000000,0.00140300,718956.00000000,0.00140400,51608.00000000,0.00140500,426473.00000000,0.00140600,14964133.00000000,0.00140700,1258121.00000000,0.00140800,7744313.00000000,0.03084,196,0.03082,65,0.0308,195,0.03077,195,0.03075,19,0.03073,195,0.0307,195,0.03066,183,0.0306,183,0.03054,183,0.03095,183,0.03097,58,0.03098,183,0.03101,183,0.03104,183,0.0311,183,0.03116,183,0.0312,57,0.03122,183,0.03128,183
binance,gate,FUNUSDT,0.00139900,0.03085,2105.1465,1774049444000,0.00139800,130099.00000000,0.00139700,49716.00000000,0.00139600,1264528.00000000,0.00139500,4143034.00000000,0.00139400,395122.00000000,0.00139300,436758.00000000,0.00139200,266013.00000000,0.00139100,783070.00000000,0.00139000,248359.00000000,0.00138900,777511.00000000,0.00139900,444462.00000000,0.00140000,2138124.00000000,0.00140100,338090.00000000,0.00140200,791434.00000000,0.00140300,718956.00000000,0.00140400,51608.00000000,0.00140500,426473.00000000,0.00140600,14964133.00000000,0.00140700,1258121.00000000,0.00140800,7744313.00000000,0.03085,3,0.03084,195,0.03082,65,0.0308,195,0.03077,195,0.03075,19,0.03073,195,0.0307,195,0.03066,183,0.0306,183,0.03095,241,0.03098,183,0.03101,183,0.03104,183,0.0311,183,0.03116,183,0.0312,57,0.03122,183,0.03128,183,0.03135,40
binance,gate,FUNUSDT,0.00139900,0.03085,2105.1465,1774049449000,0.00139800,130099.00000000,0.00139700,263988.00000000,0.00139600,904799.00000000,0.00139500,4143034.00000000,0.00139400,395122.00000000,0.00139300,436758.00000000,0.00139200,266013.00000000,0.00139100,783070.00000000,0.00139000,248359.00000000,0.00138900,777511.00000000,0.00139900,428000.00000000,0.00140000,2138124.00000000,0.00140100,521451.00000000,0.00140200,791434.00000000,0.00140300,368130.00000000,0.00140400,51608.00000000,0.00140500,426473.00000000,0.00140600,14964133.00000000,0.00140700,1258121.00000000,0.00140800,3653609.00000000,0.03085,3,0.03084,195,0.03082,65,0.0308,195,0.03077,195,0.03075,19,0.03073,195,0.0307,195,0.03066,183,0.0306,183,0.03095,183,0.03096,58,0.03098,183,0.03101,183,0.03104,183,0.0311,183,0.03116,183,0.0312,57,0.03122,183,0.03128,183
binance,gate,FUNUSDT,0.00139900,0.03092,2110.1501,1774049460000,0.00139800,126020.00000000,0.00139700,263988.00000000,0.00139600,717828.00000000,0.00139500,258277.00000000,0.00139400,395122.00000000,0.00139300,646778.00000000,0.00139200,50436.00000000,0.00139100,783070.00000000,0.00139000,248359.00000000,0.00138900,239680.00000000,0.00139900,400118.00000000,0.00140000,2138124.00000000,0.00140100,270228.00000000,0.00140200,975038.00000000,0.00140300,368130.00000000,0.00140400,51608.00000000,0.00140500,426473.00000000,0.00140600,14964133.00000000,0.00140700,1058622.00000000,0.00140800,3653609.00000000,0.03085,3,0.03084,195,0.03082,65,0.0308,195,0.03077,195,0.03075,19,0.03073,195,0.0307,195,0.03066,183,0.0306,183,0.03095,241,0.03098,183,0.03101,183,0.03104,183,0.0311,183,0.03116,183,0.0312,57,0.03122,183,0.03128,183,0.03135,40
binance,gate,FUNUSDT,0.00139800,0.03092,2111.731,1774049475767,0.00139600,125347.00000000,0.00139500,431580.00000000,0.00139400,253087.00000000,0.00139300,877402.00000000,0.00139200,50436.00000000,0.00139100,909521.00000000,0.00139000,48789.00000000,0.00138900,501782.00000000,0.00138800,635864.00000000,0.00138700,242218.00000000,0.00139800,10197.00000000,0.00139900,872759.00000000,0.00140000,2316094.00000000,0.00140100,49602.00000000,0.00140200,1535577.00000000,0.00140300,37440.00000000,0.00140400,270163.00000000,0.00140500,626186.00000000,0.00140600,15354179.00000000,0.00140700,1258121.00000000,0.03092,1,0.03085,50,0.03084,195,0.0308,195,0.03077,195,0.03075,19,0.03073,195,0.0307,195,0.03066,183,0.0306,183,0.03095,241,0.03098,183,0.03101,183,0.03104,183,0.0311,183,0.03116,183,0.0312,57,0.03122,183,0.03128,183,0.03135,40
binance,gate,FUNUSDT,0.00139800,0.03092,2111.731,1774049476067,0.00139600,125347.00000000,0.00139500,431580.00000000,0.00139400,253087.00000000,0.00139300,877402.00000000,0.00139200,50436.00000000,0.00139100,909521.00000000,0.00139000,48789.00000000,0.00138900,302283.00000000,0.00138800,635864.00000000,0.00138700,242218.00000000,0.00139800,10197.00000000,0.00139900,872759.00000000,0.00140000,2316094.00000000,0.00140100,49602.00000000,0.00140200,1535577.00000000,0.00140300,37440.00000000,0.00140400,270163.00000000,0.00140500,626186.00000000,0.00140600,15354179.00000000,0.00140700,1258121.00000000,0.03092,1,0.03085,50,0.03084,195,0.0308,195,0.03077,195,0.03075,19,0.03073,195,0.0307,195,0.03066,183,0.0306,183,0.03095,241,0.03098,183,0.03101,183,0.03104,183,0.0311,183,0.03116,183,0.0312,57,0.03122,183,0.03128,183,0.03135,40
binance,gate,FUNUSDT,0.00139800,0.03092,2111.731,1774049476367,0.00139600,125347.00000000,0.00139500,431580.00000000,0.00139400,253087.00000000,0.00139300,877402.00000000,0.00139200,50436.00000000,0.00139100,909521.00000000,0.00139000,48789.00000000,0.00138900,302283.00000000,0.00138800,635864.00000000,0.00138700,242218.00000000,0.00139800,10197.00000000,0.00139900,872759.00000000,0.00140000,2316094.00000000,0.00140100,49602.00000000,0.00140200,1535577.00000000,0.00140300,37440.00000000,0.00140400,270163.00000000,0.00140500,626186.00000000,0.00140600,15354179.00000000,0.00140700,1258121.00000000,0.03092,1,0.03085,50,0.03084,195,0.0308,195,0.03077,195,0.03075,19,0.03073,195,0.0307,195,0.03066,183,0.0306,183,0.03095,241,0.03098,183,0.03101,183,0.03104,183,0.0311,183,0.03116,183,0.0312,57,0.03122,183,0.03128,183,0.03135,40
binance,gate,FUNUSDT,0.00139800,0.03092,2111.731,1774049476668,0.00139600,125347.00000000,0.00139500,431580.00000000,0.00139400,253087.00000000,0.00139300,877402.00000000,0.00139200,50436.00000000,0.00139100,909521.00000000,0.00139000,48789.00000000,0.00138900,302283.00000000,0.00138800,635864.00000000,0.00138700,242218.00000000,0.00139800,10197.00000000,0.00139900,872759.00000000,0.00140000,2316094.00000000,0.00140100,49602.00000000,0.00140200,1535577.00000000,0.00140300,37440.00000000,0.00140400,270163.00000000,0.00140500,626186.00000000,0.00140600,15354179.00000000,0.00140700,1258121.00000000,0.03092,1,0.03085,50,0.03084,195,0.0308,195,0.03077,195,0.03075,19,0.03073,195,0.0307,195,0.03066,183,0.0306,183,0.03095,241,0.03098,183,0.03101,183,0.03104,183,0.0311,183,0.03116,183,0.0312,57,0.03122,183,0.03128,183,0.03135,40
binance,gate,FUNUSDT,0.00139800,0.03092,2111.731,1774049476968,0.00139600,125347.00000000,0.00139500,431580.00000000,0.00139400,253087.00000000,0.00139300,877402.00000000,0.00139200,50436.00000000,0.00139100,909521.00000000,0.00139000,48789.00000000,0.00138900,302283.00000000,0.00138800,635864.00000000,0.00138700,242218.00000000,0.00139800,10197.00000000,0.00139900,872759.00000000,0.00140000,2316094.00000000,0.00140100,49602.00000000,0.00140200,1535577.00000000,0.00140300,37440.00000000,0.00140400,270163.00000000,0.00140500,626186.00000000,0.00140600,15354179.00000000,0.00140700,1258121.00000000,0.03092,1,0.03085,50,0.03084,195,0.0308,195,0.03077,195,0.03075,19,0.03073,195,0.0307,195,0.03066,183,0.0306,183,0.03095,241,0.03098,183,0.03101,183,0.03104,183,0.0311,183,0.03116,183,0.0312,57,0.03122,183,0.03128,183,0.03135,40
binance,gate,FUNUSDT,0.00139800,0.03092,2111.731,1774049477268,0.00139600,125347.00000000,0.00139500,431580.00000000,0.00139400,253087.00000000,0.00139300,877402.00000000,0.00139200,50436.00000000,0.00139100,909521.00000000,0.00139000,48789.00000000,0.00138900,302283.00000000,0.00138800,635864.00000000,0.00138700,242218.00000000,0.00139800,10197.00000000,0.00139900,872759.00000000,0.00140000,2316094.00000000,0.00140100,299089.00000000,0.00140200,1272715.00000000,0.00140300,37440.00000000,0.00140400,270163.00000000,0.00140500,626186.00000000,0.00140600,15354179.00000000,0.00140700,1258121.00000000,0.03092,1,0.03085,50,0.03084,260,0.0308,195,0.03077,195,0.03075,19,0.03073,195,0.0307,195,0.03066,183,0.0306,183,0.03095,183,0.03097,58,0.03098,183,0.03101,183,0.03104,183,0.0311,183,0.03116,183,0.0312,57,0.03122,183,0.03128,183
binance,gate,FUNUSDT,0.00139800,0.03092,2111.731,1774049477568,0.00139600,125347.00000000,0.00139500,431580.00000000,0.00139400,253087.00000000,0.00139300,877402.00000000,0.00139200,50436.00000000,0.00139100,909521.00000000,0.00139000,48789.00000000,0.00138900,302283.00000000,0.00138800,635864.00000000,0.00138700,242218.00000000,0.00139800,10197.00000000,0.00139900,872759.00000000,0.00140000,2316094.00000000,0.00140100,299089.00000000,0.00140200,1272715.00000000,0.00140300,37440.00000000,0.00140400,270163.00000000,0.00140500,626186.00000000,0.00140600,15354179.00000000,0.00140700,1258121.00000000,0.03092,1,0.03085,50,0.03084,260,0.0308,195,0.03077,195,0.03075,19,0.03073,195,0.0307,195,0.03066,183,0.0306,183,0.03095,183,0.03097,58,0.03098,183,0.03101,183,0.03104,183,0.0311,183,0.03116,183,0.0312,57,0.03122,183,0.03128,183
binance,gate,FUNUSDT,0.00139800,0.03092,2111.731,1774049477868,0.00139600,125347.00000000,0.00139500,431580.00000000,0.00139400,253087.00000000,0.00139300,877402.00000000,0.00139200,50436.00000000,0.00139100,909521.00000000,0.00139000,48789.00000000,0.00138900,302283.00000000,0.00138800,635864.00000000,0.00138700,242218.00000000,0.00139800,10197.00000000,0.00139900,872759.00000000,0.00140000,2316094.00000000,0.00140100,299089.00000000,0.00140200,1272715.00000000,0.00140300,37440.00000000,0.00140400,270163.00000000,0.00140500,626186.00000000,0.00140600,15354179.00000000,0.00140700,1258121.00000000,0.03092,1,0.03085,50,0.03084,260,0.0308,195,0.03077,195,0.03075,19,0.03073,195,0.0307,195,0.03066,183,0.0306,183,0.03095,183,0.03097,58,0.03098,183,0.03101,183,0.03104,183,0.0311,183,0.03116,183,0.0312,57,0.03122,183,0.03128,183
binance,gate,FUNUSDT,0.00139800,0.03092,2111.731,1774049478169,0.00139600,125347.00000000,0.00139500,431580.00000000,0.00139400,253087.00000000,0.00139300,877402.00000000,0.00139200,50436.00000000,0.00139100,909521.00000000,0.00139000,48789.00000000,0.00138900,302283.00000000,0.00138800,635864.00000000,0.00138700,242218.00000000,0.00139800,10197.00000000,0.00139900,872759.00000000,0.00140000,2316094.00000000,0.00140100,299089.00000000,0.00140200,1272715.00000000,0.00140300,37440.00000000,0.00140400,270163.00000000,0.00140500,626186.00000000,0.00140600,15354179.00000000,0.00140700,1258121.00000000,0.03092,1,0.03085,50,0.03084,260,0.0308,195,0.03077,195,0.03075,19,0.03073,195,0.0307,195,0.03066,183,0.0306,183,0.03095,183,0.03097,58,0.03098,183,0.03101,183,0.03104,183,0.0311,183,0.03116,183,0.0312,57,0.03122,183,0.03128,183
binance,gate,FUNUSDT,0.00139800,0.03092,2111.731,1774049478469,0.00139600,125347.00000000,0.00139500,431580.00000000,0.00139400,253087.00000000,0.00139300,877402.00000000,0.00139200,50436.00000000,0.00139100,909521.00000000,0.00139000,48789.00000000,0.00138900,302283.00000000,0.00138800,635864.00000000,0.00138700,242218.00000000,0.00139800,10197.00000000,0.00139900,872759.00000000,0.00140000,2316094.00000000,0.00140100,299089.00000000,0.00140200,1272715.00000000,0.00140300,37440.00000000,0.00140400,270163.00000000,0.00140500,626186.00000000,0.00140600,15354179.00000000,0.00140700,1258121.00000000,0.03092,1,0.03085,50,0.03084,260,0.0308,195,0.03077,195,0.03075,19,0.03073,195,0.0307,195,0.03066,183,0.0306,183,0.03095,183,0.03097,58,0.03098,183,0.03101,183,0.03104,183,0.0311,183,0.03116,183,0.0312,57,0.03122,183,0.03128,183
binance,gate,FUNUSDT,0.00139800,0.03092,2111.731,1774049478770,0.00139600,125347.00000000,0.00139500,431580.00000000,0.00139400,253087.00000000,0.00139300,877402.00000000,0.00139200,50436.00000000,0.00139100,909521.00000000,0.00139000,48789.00000000,0.00138900,302283.00000000,0.00138800,635864.00000000,0.00138700,242218.00000000,0.00139800,10197.00000000,0.00139900,872759.00000000,0.00140000,2316094.00000000,0.00140100,299089.00000000,0.00140200,1272715.00000000,0.00140300,37440.00000000,0.00140400,270163.00000000,0.00140500,626186.00000000,0.00140600,15354179.00000000,0.00140700,1258121.00000000,0.03092,1,0.03085,50,0.03084,260,0.0308,195,0.03077,195,0.03075,19,0.03073,195,0.0307,195,0.03066,183,0.0306,183,0.03095,183,0.03097,58,0.03098,183,0.03101,183,0.03104,183,0.0311,183,0.03116,183,0.0312,57,0.03122,183,0.03128,183
binance,gate,FUNUSDT,0.00139800,0.03092,2111.731,1774049479070,0.00139600,125347.00000000,0.00139500,431580.00000000,0.00139400,253087.00000000,0.00139300,877402.00000000,0.00139200,50436.00000000,0.00139100,909521.00000000,0.00139000,48789.00000000,0.00138900,302283.00000000,0.00138800,635864.00000000,0.00138700,242218.00000000,0.00139800,10197.00000000,0.00139900,872759.00000000,0.00140000,2316094.00000000,0.00140100,299089.00000000,0.00140200,1272715.00000000,0.00140300,37440.00000000,0.00140400,270163.00000000,0.00140500,626186.00000000,0.00140600,15354179.00000000,0.00140700,1258121.00000000,0.03092,1,0.03085,50,0.03084,195,0.0308,195,0.03077,195,0.03075,19,0.03073,195,0.0307,195,0.03066,183,0.0306,183,0.03095,241,0.03098,183,0.03101,183,0.03104,183,0.0311,183,0.03116,183,0.0312,57,0.03122,183,0.03128,183,0.03135,40
binance,gate,FUNUSDT,0.00139800,0.03092,2111.731,1774049479370,0.00139600,125347.00000000,0.00139500,431580.00000000,0.00139400,253087.00000000,0.00139300,877402.00000000,0.00139200,50436.00000000,0.00139100,909521.00000000,0.00139000,48789.00000000,0.00138900,302283.00000000,0.00138800,635864.00000000,0.00138700,242218.00000000,0.00139800,10197.00000000,0.00139900,872759.00000000,0.00140000,2316094.00000000,0.00140100,299089.00000000,0.00140200,1272715.00000000,0.00140300,37440.00000000,0.00140400,270163.00000000,0.00140500,626186.00000000,0.00140600,15354179.00000000,0.00140700,1258121.00000000,0.03092,1,0.03085,50,0.03084,195,0.0308,195,0.03077,195,0.03075,19,0.03073,195,0.0307,195,0.03066,183,0.0306,183,0.03095,241,0.03098,183,0.03101,183,0.03104,183,0.0311,183,0.03116,183,0.0312,57,0.03122,183,0.03128,183,0.03135,40
binance,gate,FUNUSDT,0.00139800,0.03092,2111.731,1774049479670,0.00139600,125347.00000000,0.00139500,431580.00000000,0.00139400,253087.00000000,0.00139300,877402.00000000,0.00139200,50436.00000000,0.00139100,909521.00000000,0.00139000,48789.00000000,0.00138900,302283.00000000,0.00138800,635864.00000000,0.00138700,242218.00000000,0.00139800,10197.00000000,0.00139900,872759.00000000,0.00140000,2316094.00000000,0.00140100,299089.00000000,0.00140200,1272715.00000000,0.00140300,37440.00000000,0.00140400,270163.00000000,0.00140500,626186.00000000,0.00140600,15354179.00000000,0.00140700,1258121.00000000,0.03092,1,0.03085,50,0.03084,195,0.0308,195,0.03077,195,0.03075,19,0.03073,195,0.0307,195,0.03066,183,0.0306,183,0.03095,241,0.03098,183,0.03101,183,0.03104,183,0.0311,183,0.03116,183,0.0312,57,0.03122,183,0.03128,183,0.03135,40
binance,gate,FUNUSDT,0.00139800,0.03092,2111.731,1774049479970,0.00139600,125347.00000000,0.00139500,431580.00000000,0.00139400,253087.00000000,0.00139300,877402.00000000,0.00139200,50436.00000000,0.00139100,909521.00000000,0.00139000,48789.00000000,0.00138900,302283.00000000,0.00138800,635864.00000000,0.00138700,242218.00000000,0.00139800,10197.00000000,0.00139900,872759.00000000,0.00140000,2316094.00000000,0.00140100,299089.00000000,0.00140200,1272715.00000000,0.00140300,37440.00000000,0.00140400,270163.00000000,0.00140500,626186.00000000,0.00140600,15354179.00000000,0.00140700,1258121.00000000,0.03092,1,0.03085,50,0.03084,195,0.0308,195,0.03077,195,0.03075,19,0.03073,195,0.0307,195,0.03066,183,0.0306,183,0.03095,241,0.03098,183,0.03101,183,0.03104,183,0.0311,183,0.03116,183,0.0312,57,0.03122,183,0.03128,183,0.03135,40
binance,gate,FUNUSDT,0.00139800,0.03087,2108.1545,1774049480271,0.00139500,121472.00000000,0.00139400,253087.00000000,0.00139300,877514.00000000,0.00139200,228518.00000000,0.00139100,909521.00000000,0.00139000,48789.00000000,0.00138900,39609.00000000,0.00138800,635864.00000000,0.00138700,242218.00000000,0.00138600,1130060.00000000,0.00139800,502426.00000000,0.00139900,609513.00000000,0.00140000,2138124.00000000,0.00140100,299089.00000000,0.00140200,1450797.00000000,0.00140300,37440.00000000,0.00140400,7301.00000000,0.00140500,626186.00000000,0.00140600,15354179.00000000,0.00140700,1258121.00000000,0.03087,195,0.03084,195,0.03082,65,0.0308,195,0.03077,195,0.03073,195,0.0307,195,0.03066,183,0.0306,183,0.03054,183,0.03095,241,0.03098,183,0.03101,183,0.03104,183,0.0311,183,0.03116,183,0.0312,57,0.03122,183,0.03128,183,0.03135,40
binance,gate,FUNUSDT,0.00139800,0.03087,2108.1545,1774049480571,0.00139500,121472.00000000,0.00139400,253087.00000000,0.00139300,877514.00000000,0.00139200,228518.00000000,0.00139100,909521.00000000,0.00139000,48789.00000000,0.00138900,39609.00000000,0.00138800,635864.00000000,0.00138700,242218.00000000,0.00138600,1130060.00000000,0.00139800,502426.00000000,0.00139900,609513.00000000,0.00140000,2138124.00000000,0.00140100,299089.00000000,0.00140200,1450797.00000000,0.00140300,37440.00000000,0.00140400,7301.00000000,0.00140500,626186.00000000,0.00140600,15354179.00000000,0.00140700,1258121.00000000,0.03087,195,0.03084,195,0.03082,65,0.0308,195,0.03077,195,0.03073,195,0.0307,195,0.03066,183,0.0306,183,0.03054,183,0.03095,241,0.03098,183,0.03101,183,0.03104,183,0.0311,183,0.03116,183,0.0312,57,0.03122,183,0.03128,183,0.03135,40
binance,gate,FUNUSDT,0.00139800,0.03087,2108.1545,1774049480871,0.00139500,121472.00000000,0.00139400,253087.00000000,0.00139300,877514.00000000,0.00139200,228518.00000000,0.00139100,909521.00000000,0.00139000,48789.00000000,0.00138900,39609.00000000,0.00138800,635864.00000000,0.00138700,242218.00000000,0.00138600,1130060.00000000,0.00139800,502426.00000000,0.00139900,609513.00000000,0.00140000,2138124.00000000,0.00140100,299089.00000000,0.00140200,1450797.00000000,0.00140300,37440.00000000,0.00140400,7301.00000000,0.00140500,626186.00000000,0.00140600,15354179.00000000,0.00140700,1258121.00000000,0.03087,195,0.03084,195,0.03082,65,0.0308,195,0.03077,195,0.03073,195,0.0307,195,0.03066,183,0.0306,183,0.03054,183,0.03095,241,0.03098,183,0.03101,183,0.03104,183,0.0311,183,0.03116,183,0.0312,57,0.03122,183,0.03128,183,0.03135,40
binance,gate,FUNUSDT,0.00139800,0.03088,2108.8698,1774049481172,0.00139500,121472.00000000,0.00139400,253087.00000000,0.00139300,877514.00000000,0.00139200,228518.00000000,0.00139100,909521.00000000,0.00139000,48789.00000000,0.00138900,39609.00000000,0.00138800,635864.00000000,0.00138700,242218.00000000,0.00138600,1130060.00000000,0.00139800,502426.00000000,0.00139900,609513.00000000,0.00140000,2138124.00000000,0.00140100,299089.00000000,0.00140200,1450797.00000000,0.00140300,37440.00000000,0.00140400,7301.00000000,0.00140500,626186.00000000,0.00140600,15354179.00000000,0.00140700,1258121.00000000,0.03088,4,0.03087,195,0.03084,195,0.03082,65,0.0308,195,0.03077,195,0.03073,195,0.0307,195,0.03066,183,0.0306,183,0.03095,241,0.03098,183,0.03101,183,0.03104,183,0.0311,183,0.03116,183,0.0312,57,0.03122,183,0.03128,183,0.03135,40
binance,gate,FUNUSDT,0.00139800,0.03088,2108.8698,1774049481474,0.00139500,121472.00000000,0.00139400,253087.00000000,0.00139300,877514.00000000,0.00139200,228518.00000000,0.00139100,909521.00000000,0.00139000,48789.00000000,0.00138900,39609.00000000,0.00138800,635864.00000000,0.00138700,242218.00000000,0.00138600,1130060.00000000,0.00139800,502426.00000000,0.00139900,609513.00000000,0.00140000,2138124.00000000,0.00140100,299089.00000000,0.00140200,1450797.00000000,0.00140300,37440.00000000,0.00140400,7301.00000000,0.00140500,626186.00000000,0.00140600,15354179.00000000,0.00140700,1258121.00000000,0.03088,4,0.03087,195,0.03084,195,0.03082,65,0.0308,195,0.03077,195,0.03073,195,0.0307,195,0.03066,183,0.0306,183,0.03095,241,0.03098,183,0.03101,183,0.03104,183,0.0311,183,0.03116,183,0.0312,57,0.03122,183,0.03128,183,0.03135,40
binance,gate,FUNUSDT,0.00139800,0.03088,2108.8698,1774049481774,0.00139500,121472.00000000,0.00139400,253087.00000000,0.00139300,877514.00000000,0.00139200,228518.00000000,0.00139100,909521.00000000,0.00139000,48789.00000000,0.00138900,39609.00000000,0.00138800,635864.00000000,0.00138700,242218.00000000,0.00138600,1130060.00000000,0.00139800,502426.00000000,0.00139900,609513.00000000,0.00140000,2138124.00000000,0.00140100,299089.00000000,0.00140200,1450797.00000000,0.00140300,37440.00000000,0.00140400,7301.00000000,0.00140500,626186.00000000,0.00140600,15354179.00000000,0.00140700,1258121.00000000,0.03088,4,0.03087,195,0.03084,195,0.03082,65,0.0308,195,0.03077,195,0.03073,195,0.0307,195,0.03066,183,0.0306,183,0.03095,241,0.03098,183,0.03101,183,0.03104,183,0.0311,183,0.03116,183,0.0312,57,0.03122,183,0.03128,183,0.03135,40
binance,gate,FUNUSDT,0.00139800,0.03088,2108.8698,1774049482074,0.00139500,121472.00000000,0.00139400,253087.00000000,0.00139300,877514.00000000,0.00139200,228518.00000000,0.00139100,909521.00000000,0.00139000,48789.00000000,0.00138900,39609.00000000,0.00138800,635864.00000000,0.00138700,242218.00000000,0.00138600,1130060.00000000,0.00139800,502426.00000000,0.00139900,609513.00000000,0.00140000,2138124.00000000,0.00140100,299089.00000000,0.00140200,1450797.00000000,0.00140300,37440.00000000,0.00140400,7301.00000000,0.00140500,626186.00000000,0.00140600,15354179.00000000,0.00140700,1258121.00000000,0.03088,4,0.03087,195,0.03084,195,0.03082,65,0.0308,195,0.03077,195,0.03073,195,0.0307,195,0.03066,183,0.0306,183,0.03095,183,0.03097,58,0.03098,183,0.03101,183,0.03104,183,0.0311,183,0.03116,183,0.0312,57,0.03122,183,0.03128,183
binance,gate,FUNUSDT,0.00139800,0.03088,2108.8698,1774049482397,0.00139500,121472.00000000,0.00139400,253087.00000000,0.00139300,877514.00000000,0.00139200,228518.00000000,0.00139100,909521.00000000,0.00139000,48789.00000000,0.00138900,39609.00000000,0.00138800,635864.00000000,0.00138700,242218.00000000,0.00138600,1130060.00000000,0.00139800,502426.00000000,0.00139900,609513.00000000,0.00140000,2138124.00000000,0.00140100,299089.00000000,0.00140200,1450797.00000000,0.00140300,37440.00000000,0.00140400,7301.00000000,0.00140500,626186.00000000,0.00140600,15354179.00000000,0.00140700,1258121.00000000,0.03088,4,0.03087,195,0.03084,195,0.03082,65,0.0308,195,0.03077,195,0.03073,195,0.0307,195,0.03066,183,0.0306,183,0.03095,183,0.03097,58,0.03098,183,0.03101,183,0.03104,183,0.0311,183,0.03116,183,0.0312,57,0.03122,183,0.03128,183
binance,gate,FUNUSDT,0.00139800,0.03088,2108.8698,1774049482716,0.00139500,121472.00000000,0.00139400,253087.00000000,0.00139300,877514.00000000,0.00139200,228518.00000000,0.00139100,909521.00000000,0.00139000,48789.00000000,0.00138900,39609.00000000,0.00138800,635864.00000000,0.00138700,242218.00000000,0.00138600,1130060.00000000,0.00139800,502426.00000000,0.00139900,609513.00000000,0.00140000,2138124.00000000,0.00140100,299089.00000000,0.00140200,1450797.00000000,0.00140300,37440.00000000,0.00140400,7301.00000000,0.00140500,626186.00000000,0.00140600,15354179.00000000,0.00140700,1258121.00000000,0.03088,4,0.03087,195,0.03084,195,0.03082,65,0.0308,195,0.03077,195,0.03073,195,0.0307,195,0.03066,183,0.0306,183,0.03095,183,0.03097,58,0.03098,183,0.03101,183,0.03104,183,0.0311,183,0.03116,183,0.0312,57,0.03122,183,0.03128,183
binance,gate,FUNUSDT,0.00139800,0.03088,2108.8698,1774049483028,0.00139500,121472.00000000,0.00139400,253087.00000000,0.00139300,877514.00000000,0.00139200,228518.00000000,0.00139100,909521.00000000,0.00139000,48789.00000000,0.00138900,39609.00000000,0.00138800,635864.00000000,0.00138700,242218.00000000,0.00138600,1130060.00000000,0.00139800,502426.00000000,0.00139900,609513.00000000,0.00140000,2138124.00000000,0.00140100,299089.00000000,0.00140200,1450797.00000000,0.00140300,37440.00000000,0.00140400,7301.00000000,0.00140500,626186.00000000,0.00140600,15354179.00000000,0.00140700,1258121.00000000,0.03088,4,0.03087,195,0.03084,195,0.03082,65,0.0308,195,0.03077,195,0.03073,195,0.0307,195,0.03066,183,0.0306,183,0.03095,183,0.03097,58,0.03098,183,0.03101,183,0.03104,183,0.0311,183,0.03116,183,0.0312,57,0.03122,183,0.03128,183
binance,gate,FUNUSDT,0.00139800,0.03088,2108.8698,1774049483339,0.00139500,6778.00000000,0.00139300,436758.00000000,0.00139200,468881.00000000,0.00139100,431374.00000000,0.00139000,48789.00000000,0.00138900,39609.00000000,0.00138800,436294.00000000,0.00138700,242218.00000000,0.00138600,1174880.00000000,0.00138500,261232.00000000,0.00139700,870419.00000000,0.00139800,482385.00000000,0.00139900,431543.00000000,0.00140000,2138124.00000000,0.00140100,477302.00000000,0.00140200,1228214.00000000,0.00140300,37440.00000000,0.00140400,207086.00000000,0.00140500,626186.00000000,0.00140600,15354179.00000000,0.03088,4,0.03087,195,0.03084,260,0.0308,195,0.03077,195,0.03073,195,0.0307,195,0.03066,183,0.0306,183,0.03054,183,0.03095,183,0.03097,58,0.03098,183,0.03101,183,0.03104,183,0.0311,183,0.03116,183,0.0312,57,0.03122,183,0.03128,183
binance,gate,FUNUSDT,0.00139800,0.03088,2108.8698,1774049483653,0.00139500,6778.00000000,0.00139300,436758.00000000,0.00139200,468881.00000000,0.00139100,431374.00000000,0.00139000,48789.00000000,0.00138900,39609.00000000,0.00138800,436294.00000000,0.00138700,242218.00000000,0.00138600,1174880.00000000,0.00138500,261232.00000000,0.00139700,870419.00000000,0.00139800,482385.00000000,0.00139900,431543.00000000,0.00140000,2138124.00000000,0.00140100,477302.00000000,0.00140200,1228214.00000000,0.00140300,37440.00000000,0.00140400,207086.00000000,0.00140500,626186.00000000,0.00140600,15354179.00000000,0.03088,4,0.03087,195,0.03084,260,0.0308,195,0.03077,195,0.03073,195,0.0307,195,0.03066,183,0.0306,183,0.03054,183,0.03095,183,0.03097,58,0.03098,183,0.03101,183,0.03104,183,0.0311,183,0.03116,183,0.0312,57,0.03122,183,0.03128,183
binance,gate,FUNUSDT,0.00139800,0.03088,2108.8698,1774049483967,0.00139500,6778.00000000,0.00139300,436758.00000000,0.00139200,468881.00000000,0.00139100,431374.00000000,0.00139000,48789.00000000,0.00138900,39609.00000000,0.00138800,436294.00000000,0.00138700,242218.00000000,0.00138600,635884.00000000,0.00138500,261232.00000000,0.00139700,870419.00000000,0.00139800,482385.00000000,0.00139900,431543.00000000,0.00140000,2138124.00000000,0.00140100,477302.00000000,0.00140200,1228214.00000000,0.00140300,37440.00000000,0.00140400,207086.00000000,0.00140500,626186.00000000,0.00140600,15354179.00000000,0.03088,4,0.03087,195,0.03084,260,0.0308,195,0.03077,195,0.03073,195,0.0307,195,0.03066,183,0.0306,183,0.03054,183,0.03095,183,0.03097,58,0.03098,183,0.03101,183,0.03104,183,0.0311,183,0.03116,183,0.0312,57,0.03122,183,0.03128,183
binance,gate,FUNUSDT,0.00139700,0.03088,2110.451,1774049484276,0.00139400,147582.00000000,0.00139300,436758.00000000,0.00139200,50436.00000000,0.00139100,850010.00000000,0.00139000,227089.00000000,0.00138900,494047.00000000,0.00138800,436294.00000000,0.00138700,42147.00000000,0.00138600,635884.00000000,0.00138500,261232.00000000,0.00139700,912621.00000000,0.00139800,232844.00000000,0.00139900,671879.00000000,0.00140000,2138124.00000000,0.00140100,435100.00000000,0.00140200,1228214.00000000,0.00140300,37440.00000000,0.00140400,207086.00000000,0.00140500,626186.00000000,0.00140600,15354179.00000000,0.03088,4,0.03087,195,0.03084,260,0.0308,195,0.03077,195,0.03073,195,0.0307,195,0.03066,183,0.0306,183,0.03054,183,0.03095,183,0.03097,58,0.03098,183,0.03101,183,0.03104,183,0.0311,183,0.03116,183,0.0312,57,0.03122,183,0.03128,183
binance,gate,FUNUSDT,0.00139700,0.03088,2110.451,1774049484592,0.00139400,147582.00000000,0.00139300,436758.00000000,0.00139200,304164.00000000,0.00139100,850010.00000000,0.00139000,227089.00000000,0.00138900,494047.00000000,0.00138800,436294.00000000,0.00138700,42147.00000000,0.00138600,635884.00000000,0.00138500,261232.00000000,0.00139700,912621.00000000,0.00139800,232844.00000000,0.00139900,671879.00000000,0.00140000,2138124.00000000,0.00140100,435100.00000000,0.00140200,1228214.00000000,0.00140300,37440.00000000,0.00140400,207086.00000000,0.00140500,626186.00000000,0.00140600,15354179.00000000,0.03088,4,0.03087,195,0.03084,195,0.03082,65,0.0308,195,0.03077,195,0.03073,195,0.0307,195,0.03066,183,0.0306,183,0.03095,183,0.03097,58,0.03098,183,0.03101,183,0.03104,183,0.0311,183,0.03116,183,0.0312,57,0.03122,183,0.03128,183
binance,gate,FUNUSDT,0.00139700,0.03088,2110.451,1774049484900,0.00139400,225081.00000000,0.00139300,436758.00000000,0.00139200,304164.00000000,0.00139100,850010.00000000,0.00139000,227089.00000000,0.00138900,494047.00000000,0.00138800,436294.00000000,0.00138700,42147.00000000,0.00138600,635884.00000000,0.00138500,261232.00000000,0.00139700,912621.00000000,0.00139800,232844.00000000,0.00139900,671879.00000000,0.00140000,2316488.00000000,0.00140100,256887.00000000,0.00140200,1228214.00000000,0.00140300,37440.00000000,0.00140400,207086.00000000,0.00140500,626186.00000000,0.00140600,15354179.00000000,0.03088,4,0.03087,195,0.03084,195,0.03082,65,0.0308,195,0.03077,195,0.03073,195,0.0307,195,0.03066,183,0.0306,183,0.03095,183,0.03097,58,0.03098,183,0.03101,183,0.03104,183,0.0311,183,0.03116,183,0.0312,57,0.03122,183,0.03128,183
binance,gate,FUNUSDT,0.00139700,0.03088,2110.451,1774049485213,0.00139400,225081.00000000,0.00139300,436758.00000000,0.00139200,304164.00000000,0.00139100,850010.00000000,0.00139000,227089.00000000,0.00138900,494047.00000000,0.00138800,436294.00000000,0.00138700,42147.00000000,0.00138600,635884.00000000,0.00138500,261232.00000000,0.00139700,912621.00000000,0.00139800,232844.00000000,0.00139900,671879.00000000,0.00140000,2316488.00000000,0.00140100,256887.00000000,0.00140200,1228214.00000000,0.00140300,37440.00000000,0.00140400,207086.00000000,0.00140500,626186.00000000,0.00140600,15354179.00000000,0.03088,4,0.03087,195,0.03084,195,0.0308,195,0.03077,195,0.03073,195,0.0307,195,0.03066,183,0.0306,183,0.03054,183,0.03095,183,0.03097,58,0.03098,183,0.03101,183,0.03104,183,0.0311,183,0.03116,183,0.0312,57,0.03122,183,0.03128,183
binance,gate,FUNUSDT,0.00139700,0.03088,2110.451,1774049485526,0.00139400,225081.00000000,0.00139300,436758.00000000,0.00139200,304164.00000000,0.00139100,850010.00000000,0.00139000,227089.00000000,0.00138900,494047.00000000,0.00138800,436294.00000000,0.00138700,42147.00000000,0.00138600,635884.00000000,0.00138500,261232.00000000,0.00139700,912621.00000000,0.00139800,232844.00000000,0.00139900,671879.00000000,0.00140000,2316488.00000000,0.00140100,256887.00000000,0.00140200,1228214.00000000,0.00140300,37440.00000000,0.00140400,207086.00000000,0.00140500,626186.00000000,0.00140600,15354179.00000000,0.03088,4,0.03087,195,0.03084,195,0.03083,65,0.0308,195,0.03077,195,0.03073,195,0.0307,195,0.03066,183,0.0306,183,0.03095,183,0.03097,58,0.03098,183,0.03101,183,0.03104,183,0.0311,183,0.03116,183,0.0312,57,0.03122,183,0.03128,183
binance,gate,FUNUSDT,0.00139700,0.03088,2110.451,1774049485834,0.00139400,225081.00000000,0.00139300,436758.00000000,0.00139200,304164.00000000,0.00139100,850010.00000000,0.00139000,227089.00000000,0.00138900,494047.00000000,0.00138800,436294.00000000,0.00138700,42147.00000000,0.00138600,635884.00000000,0.00138500,261232.00000000,0.00139700,912621.00000000,0.00139800,232844.00000000,0.00139900,671879.00000000,0.00140000,2316488.00000000,0.00140100,256887.00000000,0.00140200,1228214.00000000,0.00140300,37440.00000000,0.00140400,207086.00000000,0.00140500,626186.00000000,0.00140600,15354179.00000000,0.03088,4,0.03087,195,0.03084,195,0.0308,195,0.03077,195,0.03073,195,0.0307,195,0.03066,183,0.0306,183,0.03054,183,0.03095,241,0.03098,183,0.03101,183,0.03104,183,0.0311,183,0.03116,183,0.0312,57,0.03122,183,0.03128,183,0.03135,40
binance,gate,FUNUSDT,0.00139700,0.03088,2110.451,1774049486148,0.00139400,225081.00000000,0.00139300,436758.00000000,0.00139200,304164.00000000,0.00139100,850010.00000000,0.00139000,227089.00000000,0.00138900,494047.00000000,0.00138800,436294.00000000,0.00138700,42147.00000000,0.00138600,635884.00000000,0.00138500,261232.00000000,0.00139700,912621.00000000,0.00139800,232844.00000000,0.00139900,671879.00000000,0.00140000,2316488.00000000,0.00140100,256887.00000000,0.00140200,1228214.00000000,0.00140300,37440.00000000,0.00140400,207086.00000000,0.00140500,626186.00000000,0.00140600,15354179.00000000,0.03088,4,0.03087,195,0.03084,195,0.0308,195,0.03077,195,0.03073,195,0.0307,195,0.03066,183,0.0306,183,0.03054,183,0.03095,241,0.03098,183,0.03101,183,0.03104,183,0.0311,183,0.03116,183,0.0312,57,0.03122,183,0.03128,183,0.03135,40
binance,gate,FUNUSDT,0.00139700,0.03088,2110.451,1774049486454,0.00139400,225081.00000000,0.00139300,436758.00000000,0.00139200,304164.00000000,0.00139100,850010.00000000,0.00139000,227089.00000000,0.00138900,494047.00000000,0.00138800,436294.00000000,0.00138700,42147.00000000,0.00138600,635884.00000000,0.00138500,261232.00000000,0.00139700,912621.00000000,0.00139800,232844.00000000,0.00139900,671879.00000000,0.00140000,2316488.00000000,0.00140100,256887.00000000,0.00140200,1228214.00000000,0.00140300,37440.00000000,0.00140400,207086.00000000,0.00140500,626186.00000000,0.00140600,15354179.00000000,0.03088,4,0.03087,195,0.03084,195,0.03082,65,0.0308,195,0.03077,195,0.03073,195,0.0307,195,0.03066,183,0.0306,183,0.03095,183,0.03098,241,0.03101,183,0.03104,183,0.0311,183,0.03116,183,0.0312,57,0.03122,183,0.03128,183,0.03135,40
binance,gate,FUNUSDT,0.00139700,0.03088,2110.451,1774049486760,0.00139400,225081.00000000,0.00139300,436758.00000000,0.00139200,304164.00000000,0.00139100,850010.00000000,0.00139000,227089.00000000,0.00138900,494047.00000000,0.00138800,436294.00000000,0.00138700,42147.00000000,0.00138600,635884.00000000,0.00138500,261232.00000000,0.00139700,912621.00000000,0.00139800,232844.00000000,0.00139900,671879.00000000,0.00140000,2316488.00000000,0.00140100,256887.00000000,0.00140200,1228214.00000000,0.00140300,37440.00000000,0.00140400,207086.00000000,0.00140500,626186.00000000,0.00140600,15354179.00000000,0.03088,4,0.03087,195,0.03084,195,0.0308,195,0.03077,195,0.03073,195,0.0307,195,0.03066,183,0.0306,183,0.03054,183,0.03095,183,0.03096,58,0.03098,183,0.03101,183,0.03104,183,0.0311,183,0.03116,183,0.0312,57,0.03122,183,0.03128,183
binance,gate,FUNUSDT,0.00139700,0.03088,2110.451,1774049487061,0.00139400,225081.00000000,0.00139300,436758.00000000,0.00139200,304164.00000000,0.00139100,850010.00000000,0.00139000,227089.00000000,0.00138900,494047.00000000,0.00138800,436294.00000000,0.00138700,42147.00000000,0.00138600,635884.00000000,0.00138500,261232.00000000,0.00139700,912621.00000000,0.00139800,232844.00000000,0.00139900,671879.00000000,0.00140000,2316488.00000000,0.00140100,256887.00000000,0.00140200,1228214.00000000,0.00140300,37440.00000000,0.00140400,207086.00000000,0.00140500,626186.00000000,0.00140600,15354179.00000000,0.03088,4,0.03087,195,0.03084,195,0.0308,195,0.03077,195,0.03073,195,0.0307,195,0.03066,183,0.0306,183,0.03054,183,0.03095,241,0.03098,183,0.03101,183,0.03104,183,0.0311,183,0.03116,183,0.0312,57,0.03122,183,0.03128,183,0.03135,40
binance,gate,FUNUSDT,0.00139700,0.03088,2110.451,1774049487364,0.00139400,225081.00000000,0.00139300,436758.00000000,0.00139200,304164.00000000,0.00139100,850010.00000000,0.00139000,227089.00000000,0.00138900,494047.00000000,0.00138800,436294.00000000,0.00138700,42147.00000000,0.00138600,635884.00000000,0.00138500,261232.00000000,0.00139700,912621.00000000,0.00139800,232844.00000000,0.00139900,671879.00000000,0.00140000,2316488.00000000,0.00140100,256887.00000000,0.00140200,1228214.00000000,0.00140300,37440.00000000,0.00140400,207086.00000000,0.00140500,626186.00000000,0.00140600,15354179.00000000,0.03088,4,0.03087,195,0.03084,195,0.0308,195,0.03077,195,0.03073,195,0.0307,195,0.03066,183,0.0306,183,0.03054,183,0.03095,241,0.03098,183,0.03101,183,0.03104,183,0.0311,183,0.03116,183,0.0312,57,0.03122,183,0.03128,183,0.03134,195
binance,gate,FUNUSDT,0.00139700,0.03088,2110.451,1774049487664,0.00139400,225081.00000000,0.00139300,436758.00000000,0.00139200,304164.00000000,0.00139100,850010.00000000,0.00139000,227089.00000000,0.00138900,494047.00000000,0.00138800,436294.00000000,0.00138700,42147.00000000,0.00138600,635884.00000000,0.00138500,261232.00000000,0.00139700,912621.00000000,0.00139800,232844.00000000,0.00139900,671879.00000000,0.00140000,2316488.00000000,0.00140100,256887.00000000,0.00140200,1228214.00000000,0.00140300,37440.00000000,0.00140400,207086.00000000,0.00140500,626186.00000000,0.00140600,15354179.00000000,0.03088,4,0.03087,195,0.03084,195,0.0308,195,0.03077,195,0.03073,195,0.0307,195,0.03066,183,0.0306,183,0.03054,183,0.03095,183,0.03096,58,0.03098,183,0.03101,183,0.03104,183,0.0311,183,0.03116,183,0.0312,57,0.03122,183,0.03128,183
binance,gate,FUNUSDT,0.00139700,0.03088,2110.451,1774049487964,0.00139400,225081.00000000,0.00139300,436758.00000000,0.00139200,304164.00000000,0.00139100,850010.00000000,0.00139000,227089.00000000,0.00138900,494047.00000000,0.00138800,436294.00000000,0.00138700,42147.00000000,0.00138600,635884.00000000,0.00138500,261232.00000000,0.00139700,912621.00000000,0.00139800,232844.00000000,0.00139900,671879.00000000,0.00140000,2316488.00000000,0.00140100,256887.00000000,0.00140200,1228214.00000000,0.00140300,37440.00000000,0.00140400,207086.00000000,0.00140500,626186.00000000,0.00140600,15354179.00000000,0.03088,4,0.03087,195,0.03084,195,0.03083,65,0.0308,195,0.03077,195,0.03073,195,0.0307,195,0.03066,183,0.0306,183,0.03095,183,0.03097,58,0.03098,183,0.03101,183,0.03104,183,0.0311,183,0.03116,183,0.0312,57,0.03122,183,0.03128,183
binance,gate,FUNUSDT,0.00139700,0.03088,2110.451,1774049488264,0.00139400,225081.00000000,0.00139300,436758.00000000,0.00139200,304164.00000000,0.00139100,850010.00000000,0.00139000,227089.00000000,0.00138900,494047.00000000,0.00138800,436294.00000000,0.00138700,816520.00000000,0.00138600,635884.00000000,0.00138500,261232.00000000,0.00139700,912621.00000000,0.00139800,232844.00000000,0.00139900,671879.00000000,0.00140000,2316488.00000000,0.00140100,256887.00000000,0.00140200,1228214.00000000,0.00140300,37440.00000000,0.00140400,207086.00000000,0.00140500,626186.00000000,0.00140600,15354179.00000000,0.03088,4,0.03087,195,0.03084,195,0.0308,195,0.03077,195,0.03073,195,0.0307,195,0.03066,183,0.0306,183,0.03054,183,0.03095,241,0.03098,183,0.03101,183,0.03104,183,0.0311,183,0.03116,183,0.0312,57,0.03122,183,0.03128,183,0.03134,195
binance,gate,FUNUSDT,0.00139700,0.03088,2110.451,1774049488564,0.00139400,225081.00000000,0.00139300,436758.00000000,0.00139200,304164.00000000,0.00139100,850010.00000000,0.00139000,227089.00000000,0.00138900,494047.00000000,0.00138800,436294.00000000,0.00138700,816520.00000000,0.00138600,635884.00000000,0.00138500,261232.00000000,0.00139700,912621.00000000,0.00139800,232844.00000000,0.00139900,671879.00000000,0.00140000,2316488.00000000,0.00140100,256887.00000000,0.00140200,1228214.00000000,0.00140300,37440.00000000,0.00140400,207086.00000000,0.00140500,626186.00000000,0.00140600,15354179.00000000,0.03088,4,0.03087,195,0.03084,195,0.0308,195,0.03077,195,0.03073,195,0.0307,195,0.03066,183,0.0306,183,0.03054,183,0.03095,241,0.03098,183,0.03101,183,0.03104,183,0.0311,183,0.03116,183,0.0312,57,0.03122,183,0.03128,183,0.03134,195
binance,gate,FUNUSDT,0.00139700,0.03088,2110.451,1774049488864,0.00139400,225081.00000000,0.00139300,436758.00000000,0.00139200,304164.00000000,0.00139100,850010.00000000,0.00139000,227089.00000000,0.00138900,494047.00000000,0.00138800,436294.00000000,0.00138700,816520.00000000,0.00138600,635884.00000000,0.00138500,261232.00000000,0.00139700,912621.00000000,0.00139800,232844.00000000,0.00139900,671879.00000000,0.00140000,2316488.00000000,0.00140100,256887.00000000,0.00140200,1228214.00000000,0.00140300,37440.00000000,0.00140400,207086.00000000,0.00140500,626186.00000000,0.00140600,15354179.00000000,0.03088,4,0.03087,195,0.03084,195,0.03082,65,0.0308,195,0.03077,195,0.03073,195,0.0307,195,0.03066,183,0.0306,183,0.03095,183,0.03097,58,0.03098,183,0.03101,183,0.03104,183,0.0311,183,0.03116,183,0.0312,57,0.03122,183,0.03128,183
binance,gate,FUNUSDT,0.00139700,0.03088,2110.451,1774049489164,0.00139400,229385.00000000,0.00139300,436758.00000000,0.00139200,304164.00000000,0.00139100,850010.00000000,0.00139000,227089.00000000,0.00138900,494047.00000000,0.00138800,436294.00000000,0.00138700,816520.00000000,0.00138600,635884.00000000,0.00138500,261232.00000000,0.00139700,912621.00000000,0.00139800,232844.00000000,0.00139900,671879.00000000,0.00140000,2316488.00000000,0.00140100,256887.00000000,0.00140200,1228214.00000000,0.00140300,37440.00000000,0.00140400,207086.00000000,0.00140500,626186.00000000,0.00140600,15354179.00000000,0.03088,4,0.03087,195,0.03084,195,0.03083,65,0.0308,195,0.03077,195,0.03073,195,0.0307,195,0.03066,183,0.0306,183,0.03095,183,0.03097,58,0.03098,183,0.03101,183,0.03104,183,0.0311,183,0.03116,183,0.0312,57,0.03122,183,0.03128,183
binance,gate,FUNUSDT,0.00139700,0.03088,2110.451,1774049489468,0.00139400,229385.00000000,0.00139300,436758.00000000,0.00139200,304164.00000000,0.00139100,850010.00000000,0.00139000,227089.00000000,0.00138900,494047.00000000,0.00138800,436294.00000000,0.00138700,816520.00000000,0.00138600,635884.00000000,0.00138500,261232.00000000,0.00139700,912621.00000000,0.00139800,232844.00000000,0.00139900,671879.00000000,0.00140000,2316488.00000000,0.00140100,256887.00000000,0.00140200,1228214.00000000,0.00140300,37440.00000000,0.00140400,207086.00000000,0.00140500,626186.00000000,0.00140600,15354179.00000000,0.03088,4,0.03087,195,0.03084,195,0.0308,195,0.03077,195,0.03073,195,0.0307,195,0.03066,183,0.0306,183,0.03054,183,0.03094,58,0.03095,183,0.03098,183,0.03101,183,0.03104,183,0.0311,183,0.03116,183,0.0312,57,0.03122,183,0.03128,183
binance,gate,FUNUSDT,0.00139700,0.03088,2110.451,1774049489770,0.00139400,229385.00000000,0.00139300,436758.00000000,0.00139200,304164.00000000,0.00139100,850010.00000000,0.00139000,227089.00000000,0.00138900,494047.00000000,0.00138800,436294.00000000,0.00138700,816520.00000000,0.00138600,635884.00000000,0.00138500,261232.00000000,0.00139700,912621.00000000,0.00139800,232844.00000000,0.00139900,671879.00000000,0.00140000,2316488.00000000,0.00140100,256887.00000000,0.00140200,1228214.00000000,0.00140300,37440.00000000,0.00140400,207086.00000000,0.00140500,626186.00000000,0.00140600,15354179.00000000,0.03088,4,0.03087,195,0.03085,65,0.03084,195,0.0308,195,0.03077,195,0.03073,195,0.0307,195,0.03066,183,0.0306,183,0.03095,183,0.03097,58,0.03098,183,0.03101,183,0.03104,183,0.0311,183,0.03116,183,0.0312,57,0.03122,183,0.03128,183
binance,gate,FUNUSDT,0.00139700,0.03088,2110.451,1774049490083,0.00139400,229385.00000000,0.00139300,436758.00000000,0.00139200,304164.00000000,0.00139100,850010.00000000,0.00139000,227089.00000000,0.00138900,494047.00000000,0.00138800,436294.00000000,0.00138700,816520.00000000,0.00138600,635884.00000000,0.00138500,261232.00000000,0.00139700,912621.00000000,0.00139800,232844.00000000,0.00139900,671879.00000000,0.00140000,2316488.00000000,0.00140100,256887.00000000,0.00140200,1228214.00000000,0.00140300,37440.00000000,0.00140400,207086.00000000,0.00140500,626186.00000000,0.00140600,15354179.00000000,0.03088,4,0.03087,195,0.03085,65,0.03084,195,0.0308,195,0.03077,195,0.03073,195,0.0307,195,0.03066,183,0.0306,183,0.03095,183,0.03097,58,0.03098,183,0.03101,183,0.03104,183,0.0311,183,0.03116,183,0.0312,57,0.03122,183,0.03128,183
binance,gate,FUNUSDT,0.00139700,0.03088,2110.451,1774049490398,0.00139400,229385.00000000,0.00139300,436758.00000000,0.00139200,304164.00000000,0.00139100,850010.00000000,0.00139000,227089.00000000,0.00138900,494047.00000000,0.00138800,436294.00000000,0.00138700,816520.00000000,0.00138600,635884.00000000,0.00138500,2762108.00000000,0.00139700,912621.00000000,0.00139800,232844.00000000,0.00139900,671879.00000000,0.00140000,2316488.00000000,0.00140100,256887.00000000,0.00140200,1228214.00000000,0.00140300,37440.00000000,0.00140400,207086.00000000,0.00140500,626186.00000000,0.00140600,15354179.00000000,0.03088,4,0.03087,195,0.03085,65,0.03084,195,0.0308,195,0.03077,195,0.03073,195,0.0307,195,0.03066,183,0.0306,183,0.03095,183,0.03097,58,0.03098,183,0.03101,183,0.03104,183,0.0311,183,0.03116,183,0.0312,57,0.03122,183,0.03128,183
binance,gate,FUNUSDT,0.00139700,0.03088,2110.451,1774049490714,0.00139400,229385.00000000,0.00139300,436758.00000000,0.00139200,304164.00000000,0.00139100,850010.00000000,0.00139000,227089.00000000,0.00138900,494047.00000000,0.00138800,436294.00000000,0.00138700,816520.00000000,0.00138600,635884.00000000,0.00138500,2762108.00000000,0.00139700,912621.00000000,0.00139800,232844.00000000,0.00139900,671879.00000000,0.00140000,2316488.00000000,0.00140100,256887.00000000,0.00140200,1228214.00000000,0.00140300,37440.00000000,0.00140400,207086.00000000,0.00140500,626186.00000000,0.00140600,15354179.00000000,0.03088,4,0.03087,195,0.03085,65,0.03084,195,0.0308,195,0.03077,195,0.03073,195,0.0307,195,0.03066,183,0.0306,183,0.03095,183,0.03097,58,0.03098,183,0.03101,183,0.03104,183,0.0311,183,0.03116,183,0.0312,57,0.03122,183,0.03128,183
binance,gate,FUNUSDT,0.00139700,0.03088,2110.451,1774049491023,0.00139400,229385.00000000,0.00139300,436758.00000000,0.00139200,304164.00000000,0.00139100,850010.00000000,0.00139000,227089.00000000,0.00138900,494047.00000000,0.00138800,436294.00000000,0.00138700,816520.00000000,0.00138600,635884.00000000,0.00138500,2762108.00000000,0.00139700,912621.00000000,0.00139800,232844.00000000,0.00139900,671879.00000000,0.00140000,2316488.00000000,0.00140100,256887.00000000,0.00140200,1228214.00000000,0.00140300,37440.00000000,0.00140400,207086.00000000,0.00140500,626186.00000000,0.00140600,15354179.00000000,0.03088,4,0.03085,65,0.03084,195,0.0308,195,0.03077,195,0.03073,195,0.0307,195,0.03066,183,0.0306,183,0.03054,183,0.03095,183,0.03097,58,0.03098,183,0.03101,183,0.03104,183,0.0311,183,0.03116,183,0.0312,57,0.03122,183,0.03128,183
binance,gate,FUNUSDT,0.00139700,0.03088,2110.451,1774049491330,0.00139400,229385.00000000,0.00139300,436758.00000000,0.00139200,304164.00000000,0.00139100,850010.00000000,0.00139000,227089.00000000,0.00138900,494047.00000000,0.00138800,436294.00000000,0.00138700,816520.00000000,0.00138600,635884.00000000,0.00138500,2762108.00000000,0.00139700,912621.00000000,0.00139800,232844.00000000,0.00139900,671879.00000000,0.00140000,2316488.00000000,0.00140100,256887.00000000,0.00140200,1228214.00000000,0.00140300,37440.00000000,0.00140400,207086.00000000,0.00140500,626186.00000000,0.00140600,15354179.00000000,0.03088,4,0.03085,65,0.03084,195,0.0308,195,0.03077,195,0.03073,195,0.0307,195,0.03066,183,0.0306,183,0.03054,183,0.03095,183,0.03097,58,0.03098,183,0.03101,183,0.03104,183,0.0311,183,0.03116,183,0.0312,57,0.03122,183,0.03128,183
binance,gate,FUNUSDT,0.00139700,0.03088,2110.451,1774049491641,0.00139400,229385.00000000,0.00139300,436758.00000000,0.00139200,304164.00000000,0.00139100,850010.00000000,0.00139000,227089.00000000,0.00138900,494047.00000000,0.00138800,436294.00000000,0.00138700,816520.00000000,0.00138600,635884.00000000,0.00138500,2762108.00000000,0.00139700,912621.00000000,0.00139800,232844.00000000,0.00139900,671879.00000000,0.00140000,2316488.00000000,0.00140100,256887.00000000,0.00140200,1228214.00000000,0.00140300,37440.00000000,0.00140400,207086.00000000,0.00140500,626186.00000000,0.00140600,15354179.00000000,0.03088,4,0.03086,50,0.03085,65,0.03084,195,0.0308,195,0.03077,195,0.03073,195,0.0307,195,0.03066,183,0.0306,183,0.03095,183,0.03097,58,0.03098,183,0.03101,183,0.03104,183,0.0311,183,0.03116,183,0.0312,57,0.03122,183,0.03128,183
binance,gate,FUNUSDT,0.00139700,0.03088,2110.451,1774049491953,0.00139400,229385.00000000,0.00139300,436758.00000000,0.00139200,304164.00000000,0.00139100,850010.00000000,0.00139000,227089.00000000,0.00138900,494047.00000000,0.00138800,436294.00000000,0.00138700,816520.00000000,0.00138600,635884.00000000,0.00138500,2762108.00000000,0.00139700,912621.00000000,0.00139800,232844.00000000,0.00139900,671879.00000000,0.00140000,2316488.00000000,0.00140100,256887.00000000,0.00140200,1228214.00000000,0.00140300,37440.00000000,0.00140400,207086.00000000,0.00140500,626186.00000000,0.00140600,15354179.00000000,0.03088,4,0.03086,50,0.03085,65,0.03084,195,0.0308,195,0.03077,195,0.03073,195,0.0307,195,0.03066,183,0.0306,183,0.03095,183,0.03097,58,0.03098,183,0.03101,183,0.03104,183,0.0311,183,0.03116,183,0.0312,57,0.03122,183,0.03128,183
binance,gate,FUNUSDT,0.00139700,0.03088,2110.451,1774049492259,0.00139400,229385.00000000,0.00139300,436758.00000000,0.00139200,304164.00000000,0.00139100,850010.00000000,0.00139000,227089.00000000,0.00138900,494047.00000000,0.00138800,436294.00000000,0.00138700,816520.00000000,0.00138600,635884.00000000,0.00138500,2762108.00000000,0.00139700,912621.00000000,0.00139800,232844.00000000,0.00139900,671879.00000000,0.00140000,2316488.00000000,0.00140100,256887.00000000,0.00140200,1228214.00000000,0.00140300,37440.00000000,0.00140400,207086.00000000,0.00140500,626186.00000000,0.00140600,15354179.00000000,0.03088,4,0.03086,50,0.03085,65,0.03084,195,0.0308,195,0.03077,195,0.03073,195,0.0307,195,0.03066,183,0.0306,183,0.03095,183,0.03097,58,0.03098,183,0.03101,183,0.03104,183,0.0311,183,0.03116,183,0.0312,57,0.03122,183,0.03128,183
binance,gate,FUNUSDT,0.00139700,0.03088,2110.451,1774049492564,0.00139400,229385.00000000,0.00139300,436758.00000000,0.00139200,304164.00000000,0.00139100,850010.00000000,0.00139000,227089.00000000,0.00138900,494047.00000000,0.00138800,436294.00000000,0.00138700,816520.00000000,0.00138600,635884.00000000,0.00138500,2762108.00000000,0.00139700,912621.00000000,0.00139800,232844.00000000,0.00139900,671879.00000000,0.00140000,2316488.00000000,0.00140100,256887.00000000,0.00140200,1228214.00000000,0.00140300,37440.00000000,0.00140400,207086.00000000,0.00140500,626186.00000000,0.00140600,15354179.00000000,0.03088,4,0.03086,50,0.03085,65,0.03084,195,0.0308,195,0.03077,195,0.03073,195,0.0307,195,0.03066,183,0.0306,183,0.03095,183,0.03097,58,0.03098,183,0.03101,183,0.03104,183,0.0311,183,0.03116,183,0.0312,57,0.03122,183,0.03128,183
binance,gate,FUNUSDT,0.00139700,0.03088,2110.451,1774049492869,0.00139400,229385.00000000,0.00139300,436758.00000000,0.00139200,304164.00000000,0.00139100,850010.00000000,0.00139000,227089.00000000,0.00138900,494047.00000000,0.00138800,436294.00000000,0.00138700,816520.00000000,0.00138600,635884.00000000,0.00138500,2762108.00000000,0.00139700,912621.00000000,0.00139800,232844.00000000,0.00139900,671879.00000000,0.00140000,2316488.00000000,0.00140100,256887.00000000,0.00140200,1228214.00000000,0.00140300,37440.00000000,0.00140400,207086.00000000,0.00140500,626186.00000000,0.00140600,15354179.00000000,0.03088,4,0.03086,50,0.03085,65,0.03084,195,0.0308,195,0.03077,195,0.03073,195,0.0307,195,0.03066,183,0.0306,183,0.03095,183,0.03097,58,0.03098,183,0.03101,183,0.03104,183,0.0311,183,0.03116,183,0.0312,57,0.03122,183,0.03128,183
binance,gate,FUNUSDT,0.00139700,0.03088,2110.451,1774049493179,0.00139400,229385.00000000,0.00139300,436758.00000000,0.00139200,304164.00000000,0.00139100,850010.00000000,0.00139000,227089.00000000,0.00138900,494047.00000000,0.00138800,436294.00000000,0.00138700,816520.00000000,0.00138600,635884.00000000,0.00138500,2762108.00000000,0.00139700,912621.00000000,0.00139800,232844.00000000,0.00139900,671879.00000000,0.00140000,2316488.00000000,0.00140100,256887.00000000,0.00140200,1228214.00000000,0.00140300,37440.00000000,0.00140400,207086.00000000,0.00140500,626186.00000000,0.00140600,15354179.00000000,0.03088,4,0.03086,50,0.03085,65,0.03084,195,0.0308,195,0.03077,195,0.03073,195,0.0307,195,0.03066,183,0.0306,183,0.03095,183,0.03097,58,0.03098,183,0.03101,183,0.03104,183,0.0311,183,0.03116,183,0.0312,57,0.03122,183,0.03128,183
binance,gate,FUNUSDT,0.00139700,0.03088,2110.451,1774049493479,0.00139400,229385.00000000,0.00139300,436758.00000000,0.00139200,304164.00000000,0.00139100,850010.00000000,0.00139000,227089.00000000,0.00138900,494047.00000000,0.00138800,436294.00000000,0.00138700,816520.00000000,0.00138600,635884.00000000,0.00138500,2762108.00000000,0.00139700,912621.00000000,0.00139800,232844.00000000,0.00139900,671879.00000000,0.00140000,2316488.00000000,0.00140100,256887.00000000,0.00140200,1228214.00000000,0.00140300,37440.00000000,0.00140400,207086.00000000,0.00140500,626186.00000000,0.00140600,15354179.00000000,0.03088,4,0.03086,50,0.03085,65,0.03084,195,0.0308,195,0.03077,195,0.03073,195,0.0307,195,0.03066,183,0.0306,183,0.03095,183,0.03097,58,0.03098,183,0.03101,183,0.03104,183,0.0311,183,0.03116,183,0.0312,57,0.03122,183,0.03128,183
binance,gate,FUNUSDT,0.00139700,0.03088,2110.451,1774049493780,0.00139400,229385.00000000,0.00139300,436758.00000000,0.00139200,304164.00000000,0.00139100,850010.00000000,0.00139000,227089.00000000,0.00138900,494047.00000000,0.00138800,436294.00000000,0.00138700,816520.00000000,0.00138600,635884.00000000,0.00138500,2762108.00000000,0.00139700,912621.00000000,0.00139800,232844.00000000,0.00139900,671879.00000000,0.00140000,2316488.00000000,0.00140100,256887.00000000,0.00140200,1228214.00000000,0.00140300,37440.00000000,0.00140400,207086.00000000,0.00140500,626186.00000000,0.00140600,15354179.00000000,0.03088,4,0.03086,50,0.03085,65,0.03084,195,0.0308,195,0.03077,195,0.03073,195,0.0307,195,0.03066,183,0.0306,183,0.03095,183,0.03097,58,0.03098,183,0.03101,183,0.03104,183,0.0311,183,0.03116,183,0.0312,57,0.03122,183,0.03128,183
binance,gate,FUNUSDT,0.00139700,0.03088,2110.451,1774049494080,0.00139400,229385.00000000,0.00139300,436758.00000000,0.00139200,304164.00000000,0.00139100,850010.00000000,0.00139000,227089.00000000,0.00138900,494047.00000000,0.00138800,436294.00000000,0.00138700,816520.00000000,0.00138600,635884.00000000,0.00138500,2762108.00000000,0.00139700,912621.00000000,0.00139800,232844.00000000,0.00139900,671879.00000000,0.00140000,2316488.00000000,0.00140100,256887.00000000,0.00140200,1228214.00000000,0.00140300,37440.00000000,0.00140400,207086.00000000,0.00140500,626186.00000000,0.00140600,15354179.00000000,0.03088,4,0.03086,50,0.03085,65,0.03084,195,0.0308,195,0.03077,195,0.03073,195,0.0307,195,0.03066,183,0.0306,183,0.03095,183,0.03097,58,0.03098,183,0.03101,183,0.03104,183,0.0311,183,0.03116,183,0.0312,57,0.03122,183,0.03128,183
binance,gate,FUNUSDT,0.00139700,0.03088,2110.451,1774049494380,0.00139400,229385.00000000,0.00139300,436758.00000000,0.00139200,304164.00000000,0.00139100,850010.00000000,0.00139000,227089.00000000,0.00138900,494047.00000000,0.00138800,436294.00000000,0.00138700,816520.00000000,0.00138600,635884.00000000,0.00138500,2762108.00000000,0.00139700,912621.00000000,0.00139800,232844.00000000,0.00139900,671879.00000000,0.00140000,2316488.00000000,0.00140100,256887.00000000,0.00140200,1228214.00000000,0.00140300,37440.00000000,0.00140400,207086.00000000,0.00140500,626186.00000000,0.00140600,15354179.00000000,0.03088,4,0.03086,50,0.03085,65,0.03084,195,0.0308,195,0.03077,195,0.03073,195,0.0307,195,0.03066,183,0.0306,183,0.03095,183,0.03097,58,0.03098,183,0.03101,183,0.03104,183,0.0311,183,0.03116,183,0.0312,57,0.03122,183,0.03128,183
binance,gate,FUNUSDT,0.00139700,0.03088,2110.451,1774049494680,0.00139400,229385.00000000,0.00139300,436758.00000000,0.00139200,304164.00000000,0.00139100,850010.00000000,0.00139000,227089.00000000,0.00138900,494047.00000000,0.00138800,436294.00000000,0.00138700,816520.00000000,0.00138600,635884.00000000,0.00138500,2762108.00000000,0.00139700,912621.00000000,0.00139800,232844.00000000,0.00139900,671879.00000000,0.00140000,2316488.00000000,0.00140100,256887.00000000,0.00140200,1228214.00000000,0.00140300,37440.00000000,0.00140400,207086.00000000,0.00140500,626186.00000000,0.00140600,15354179.00000000,0.03088,4,0.03086,50,0.03085,65,0.03084,195,0.0308,195,0.03077,195,0.03073,195,0.0307,195,0.03066,183,0.0306,183,0.03095,183,0.03097,58,0.03098,183,0.03101,183,0.03104,183,0.0311,183,0.03116,183,0.0312,57,0.03122,183,0.03128,183
binance,gate,FUNUSDT,0.00139700,0.03088,2110.451,1774049494981,0.00139400,229385.00000000,0.00139300,436758.00000000,0.00139200,304164.00000000,0.00139100,850010.00000000,0.00139000,227089.00000000,0.00138900,494047.00000000,0.00138800,436294.00000000,0.00138700,816520.00000000,0.00138600,635884.00000000,0.00138500,2762108.00000000,0.00139700,912621.00000000,0.00139800,232844.00000000,0.00139900,671879.00000000,0.00140000,2316488.00000000,0.00140100,256887.00000000,0.00140200,1228214.00000000,0.00140300,37440.00000000,0.00140400,207086.00000000,0.00140500,626186.00000000,0.00140600,15354179.00000000,0.03088,4,0.03086,50,0.03085,65,0.03084,195,0.0308,195,0.03077,195,0.03073,195,0.0307,195,0.03066,183,0.0306,183,0.03095,183,0.03097,58,0.03098,183,0.03101,183,0.03104,183,0.0311,183,0.03116,183,0.0312,57,0.03122,183,0.03128,183
binance,gate,FUNUSDT,0.00139700,0.03088,2110.451,1774049495281,0.00139400,229385.00000000,0.00139300,436758.00000000,0.00139200,304164.00000000,0.00139100,850010.00000000,0.00139000,227089.00000000,0.00138900,494047.00000000,0.00138800,436294.00000000,0.00138700,816520.00000000,0.00138600,635884.00000000,0.00138500,2762108.00000000,0.00139700,912621.00000000,0.00139800,232844.00000000,0.00139900,671879.00000000,0.00140000,2316488.00000000,0.00140100,256887.00000000,0.00140200,1228214.00000000,0.00140300,37440.00000000,0.00140400,207086.00000000,0.00140500,626186.00000000,0.00140600,15354179.00000000,0.03088,4,0.03086,50,0.03084,195,0.03083,65,0.0308,195,0.03077,195,0.03073,195,0.0307,195,0.03066,183,0.0306,183,0.03095,183,0.03097,58,0.03098,183,0.03101,183,0.03104,183,0.0311,183,0.03116,183,0.0312,57,0.03122,183,0.03128,183
binance,gate,FUNUSDT,0.00139700,0.03088,2110.451,1774049495590,0.00139400,229385.00000000,0.00139300,436758.00000000,0.00139200,304164.00000000,0.00139100,850010.00000000,0.00139000,227089.00000000,0.00138900,494047.00000000,0.00138800,436294.00000000,0.00138700,816520.00000000,0.00138600,635884.00000000,0.00138500,2762108.00000000,0.00139700,912621.00000000,0.00139800,232844.00000000,0.00139900,671879.00000000,0.00140000,2316488.00000000,0.00140100,256887.00000000,0.00140200,1228214.00000000,0.00140300,37440.00000000,0.00140400,207086.00000000,0.00140500,626186.00000000,0.00140600,15354179.00000000,0.03088,4,0.03084,195,0.03083,65,0.0308,195,0.03077,195,0.03073,195,0.0307,195,0.03066,183,0.0306,183,0.03054,183,0.03095,183,0.03097,58,0.03098,183,0.03101,183,0.03104,183,0.0311,183,0.03116,183,0.0312,57,0.03122,183,0.03128,183
binance,gate,FUNUSDT,0.00139700,0.03088,2110.451,1774049495891,0.00139400,229385.00000000,0.00139300,436758.00000000,0.00139200,232424.00000000,0.00139100,609674.00000000,0.00139000,227089.00000000,0.00138900,253711.00000000,0.00138800,436294.00000000,0.00138700,816520.00000000,0.00138600,635884.00000000,0.00138500,2762108.00000000,0.00139700,672303.00000000,0.00139800,232844.00000000,0.00139900,431543.00000000,0.00140000,2316488.00000000,0.00140100,7400.00000000,0.00140200,1228214.00000000,0.00140300,37440.00000000,0.00140400,207086.00000000,0.00140500,626186.00000000,0.00140600,15354179.00000000,0.03088,4,0.03084,195,0.03083,65,0.0308,195,0.03077,195,0.03073,195,0.0307,195,0.03066,183,0.0306,183,0.03054,183,0.03095,183,0.03097,58,0.03098,183,0.03101,183,0.03104,183,0.0311,183,0.03116,183,0.0312,57,0.03122,183,0.03128,183
binance,gate,FUNUSDT,0.00139700,0.03088,2110.451,1774049496191,0.00139400,229385.00000000,0.00139300,436758.00000000,0.00139200,232424.00000000,0.00139100,609674.00000000,0.00139000,227089.00000000,0.00138900,253711.00000000,0.00138800,436294.00000000,0.00138700,816520.00000000,0.00138600,635884.00000000,0.00138500,2762108.00000000,0.00139700,672303.00000000,0.00139800,232844.00000000,0.00139900,431543.00000000,0.00140000,2316488.00000000,0.00140100,7400.00000000,0.00140200,1228214.00000000,0.00140300,37440.00000000,0.00140400,207086.00000000,0.00140500,626186.00000000,0.00140600,15354179.00000000,0.03088,4,0.03085,50,0.03084,195,0.03083,65,0.0308,195,0.03077,195,0.03073,195,0.0307,195,0.03066,183,0.0306,183,0.03095,183,0.03097,58,0.03098,183,0.03101,183,0.03104,183,0.0311,183,0.03116,183,0.0312,57,0.03122,183,0.03128,183
binance,gate,FUNUSDT,0.00139700,0.03088,2110.451,1774049496492,0.00139400,229385.00000000,0.00139300,436758.00000000,0.00139200,232424.00000000,0.00139100,609674.00000000,0.00139000,227089.00000000,0.00138900,253711.00000000,0.00138800,436294.00000000,0.00138700,816520.00000000,0.00138600,635884.00000000,0.00138500,2762108.00000000,0.00139700,672303.00000000,0.00139800,232844.00000000,0.00139900,431543.00000000,0.00140000,2316488.00000000,0.00140100,7400.00000000,0.00140200,1228214.00000000,0.00140300,37440.00000000,0.00140400,207086.00000000,0.00140500,626186.00000000,0.00140600,15354179.00000000,0.03088,4,0.03085,50,0.03084,195,0.03083,65,0.0308,195,0.03077,195,0.03073,195,0.0307,195,0.03066,183,0.0306,183,0.03095,183,0.03097,58,0.03098,183,0.03101,183,0.03104,183,0.0311,183,0.03116,183,0.0312,57,0.03122,183,0.03128,183
binance,gate,FUNUSDT,0.00139700,0.03088,2110.451,1774049496792,0.00139400,229385.00000000,0.00139300,436758.00000000,0.00139200,232424.00000000,0.00139100,609674.00000000,0.00139000,227089.00000000,0.00138900,253711.00000000,0.00138800,436294.00000000,0.00138700,816520.00000000,0.00138600,635884.00000000,0.00138500,2762108.00000000,0.00139700,672303.00000000,0.00139800,232844.00000000,0.00139900,431543.00000000,0.00140000,2316488.00000000,0.00140100,7400.00000000,0.00140200,1228214.00000000,0.00140300,37440.00000000,0.00140400,207086.00000000,0.00140500,626186.00000000,0.00140600,15354179.00000000,0.03088,4,0.03085,50,0.03084,195,0.03083,65,0.0308,195,0.03077,195,0.03073,195,0.0307,195,0.03066,183,0.0306,183,0.03095,183,0.03097,58,0.03098,183,0.03101,183,0.03104,183,0.0311,183,0.03116,183,0.0312,57,0.03122,183,0.03128,183
binance,gate,FUNUSDT,0.00139700,0.03088,2110.451,1774049497092,0.00139400,229385.00000000,0.00139300,436758.00000000,0.00139200,232424.00000000,0.00139100,609674.00000000,0.00139000,227089.00000000,0.00138900,253711.00000000,0.00138800,436294.00000000,0.00138700,816520.00000000,0.00138600,635884.00000000,0.00138500,2762108.00000000,0.00139700,672303.00000000,0.00139800,232844.00000000,0.00139900,431543.00000000,0.00140000,2316488.00000000,0.00140100,7400.00000000,0.00140200,1228214.00000000,0.00140300,37440.00000000,0.00140400,207086.00000000,0.00140500,626186.00000000,0.00140600,15354179.00000000,0.03088,4,0.03085,50,0.03084,195,0.03083,65,0.0308,195,0.03077,195,0.03073,195,0.0307,195,0.03066,183,0.0306,183,0.03095,183,0.03097,58,0.03098,183,0.03101,183,0.03104,183,0.0311,183,0.03116,183,0.0312,57,0.03122,183,0.03128,183
binance,gate,FUNUSDT,0.00139700,0.03088,2110.451,1774049497408,0.00139400,229385.00000000,0.00139300,436758.00000000,0.00139200,232424.00000000,0.00139100,609674.00000000,0.00139000,227089.00000000,0.00138900,253711.00000000,0.00138800,436294.00000000,0.00138700,816520.00000000,0.00138600,635884.00000000,0.00138500,2762108.00000000,0.00139700,672303.00000000,0.00139800,232844.00000000,0.00139900,431543.00000000,0.00140000,2316488.00000000,0.00140100,7400.00000000,0.00140200,1228214.00000000,0.00140300,37440.00000000,0.00140400,207086.00000000,0.00140500,626186.00000000,0.00140600,15354179.00000000,0.03088,4,0.03085,50,0.03084,195,0.03083,65,0.0308,195,0.03077,195,0.03073,195,0.0307,195,0.03066,183,0.0306,183,0.03095,183,0.03097,58,0.03098,183,0.03101,183,0.03104,183,0.0311,183,0.03116,183,0.0312,57,0.03122,183,0.03128,183
binance,gate,FUNUSDT,0.00139700,0.03088,2110.451,1774049497718,0.00139400,229385.00000000,0.00139300,436758.00000000,0.00139200,232424.00000000,0.00139100,609674.00000000,0.00139000,227089.00000000,0.00138900,253711.00000000,0.00138800,436294.00000000,0.00138700,816520.00000000,0.00138600,635884.00000000,0.00138500,2762108.00000000,0.00139700,672303.00000000,0.00139800,232844.00000000,0.00139900,431543.00000000,0.00140000,2316488.00000000,0.00140100,7400.00000000,0.00140200,1228214.00000000,0.00140300,37440.00000000,0.00140400,207086.00000000,0.00140500,626186.00000000,0.00140600,15354179.00000000,0.03088,4,0.03085,50,0.03084,195,0.03083,65,0.0308,195,0.03077,195,0.03073,195,0.0307,195,0.03066,183,0.0306,183,0.03095,183,0.03097,58,0.03098,183,0.03101,183,0.03104,183,0.0311,183,0.03116,183,0.0312,57,0.03122,183,0.03128,183
binance,gate,FUNUSDT,0.00139700,0.03088,2110.451,1774049498024,0.00139400,229385.00000000,0.00139300,436758.00000000,0.00139200,483754.00000000,0.00139100,609674.00000000,0.00139000,227089.00000000,0.00138900,253711.00000000,0.00138800,436294.00000000,0.00138700,816520.00000000,0.00138600,635884.00000000,0.00138500,2762108.00000000,0.00139700,923633.00000000,0.00139800,232844.00000000,0.00139900,682873.00000000,0.00140000,2316488.00000000,0.00140100,7400.00000000,0.00140200,1228214.00000000,0.00140300,37440.00000000,0.00140400,207086.00000000,0.00140500,626186.00000000,0.00140600,15354179.00000000,0.03088,4,0.03085,50,0.03084,195,0.03083,65,0.0308,195,0.03077,195,0.03073,195,0.0307,195,0.03066,183,0.0306,183,0.03095,183,0.03097,58,0.03098,183,0.03101,183,0.03104,183,0.0311,183,0.03116,183,0.0312,57,0.03122,183,0.03128,183
binance,gate,FUNUSDT,0.00139700,0.03088,2110.451,1774049498330,0.00139400,229385.00000000,0.00139300,436758.00000000,0.00139200,483754.00000000,0.00139100,609674.00000000,0.00139000,227089.00000000,0.00138900,253711.00000000,0.00138800,436294.00000000,0.00138700,816520.00000000,0.00138600,635884.00000000,0.00138500,2762108.00000000,0.00139700,923633.00000000,0.00139800,232844.00000000,0.00139900,682873.00000000,0.00140000,2316488.00000000,0.00140100,7400.00000000,0.00140200,1228214.00000000,0.00140300,37440.00000000,0.00140400,207086.00000000,0.00140500,626186.00000000,0.00140600,15354179.00000000,0.03088,4,0.03085,50,0.03084,195,0.03083,65,0.0308,195,0.03077,195,0.03073,195,0.0307,195,0.03066,183,0.0306,183,0.03095,183,0.03097,58,0.03098,183,0.03101,183,0.03104,183,0.0311,183,0.03116,183,0.0312,57,0.03122,183,0.03128,183
binance,gate,FUNUSDT,0.00139700,0.03088,2110.451,1774049498631,0.00139400,229385.00000000,0.00139300,436758.00000000,0.00139200,483754.00000000,0.00139100,609674.00000000,0.00139000,227089.00000000,0.00138900,253711.00000000,0.00138800,436294.00000000,0.00138700,816520.00000000,0.00138600,635884.00000000,0.00138500,2762108.00000000,0.00139700,923633.00000000,0.00139800,232844.00000000,0.00139900,682873.00000000,0.00140000,2316488.00000000,0.00140100,7400.00000000,0.00140200,1228214.00000000,0.00140300,37440.00000000,0.00140400,207086.00000000,0.00140500,626186.00000000,0.00140600,15354179.00000000,0.03088,4,0.03085,50,0.03084,195,0.03083,65,0.0308,195,0.03077,195,0.03073,195,0.0307,195,0.03066,183,0.0306,183,0.03095,241,0.03098,183,0.03101,183,0.03104,183,0.0311,183,0.03116,183,0.0312,57,0.03122,183,0.03128,183,0.03134,195
binance,gate,FUNUSDT,0.00139700,0.03088,2110.451,1774049498931,0.00139400,229385.00000000,0.00139300,436758.00000000,0.00139200,483754.00000000,0.00139100,609674.00000000,0.00139000,227089.00000000,0.00138900,253711.00000000,0.00138800,436294.00000000,0.00138700,816520.00000000,0.00138600,635884.00000000,0.00138500,2762108.00000000,0.00139700,923633.00000000,0.00139800,232844.00000000,0.00139900,682873.00000000,0.00140000,2316488.00000000,0.00140100,7400.00000000,0.00140200,1228214.00000000,0.00140300,37440.00000000,0.00140400,207086.00000000,0.00140500,626186.00000000,0.00140600,15354179.00000000,0.03088,4,0.03085,50,0.03084,195,0.03083,65,0.0308,195,0.03077,195,0.03073,195,0.0307,195,0.03066,183,0.0306,183,0.03095,183,0.03097,58,0.03098,183,0.03101,183,0.03104,183,0.0311,183,0.03116,183,0.0312,57,0.03122,183,0.03128,183
binance,gate,FUNUSDT,0.00139700,0.03088,2110.451,1774049499232,0.00139400,229385.00000000,0.00139300,436758.00000000,0.00139200,483754.00000000,0.00139100,609674.00000000,0.00139000,227089.00000000,0.00138900,253711.00000000,0.00138800,436294.00000000,0.00138700,816520.00000000,0.00138600,635884.00000000,0.00138500,2762108.00000000,0.00139700,923633.00000000,0.00139800,232844.00000000,0.00139900,682873.00000000,0.00140000,2316488.00000000,0.00140100,7400.00000000,0.00140200,1228214.00000000,0.00140300,37440.00000000,0.00140400,207086.00000000,0.00140500,626186.00000000,0.00140600,15354179.00000000,0.03088,4,0.03085,50,0.03084,195,0.03083,65,0.0308,195,0.03077,195,0.03073,195,0.0307,195,0.03066,183,0.0306,183,0.03095,183,0.03097,58,0.03098,183,0.03101,183,0.03104,183,0.0311,183,0.03116,183,0.0312,57,0.03122,183,0.03128,183
binance,gate,FUNUSDT,0.00139700,0.03088,2110.451,1774049499532,0.00139400,229385.00000000,0.00139300,436758.00000000,0.00139200,483754.00000000,0.00139100,609674.00000000,0.00139000,227089.00000000,0.00138900,253711.00000000,0.00138800,436294.00000000,0.00138700,816520.00000000,0.00138600,635884.00000000,0.00138500,2762108.00000000,0.00139700,923633.00000000,0.00139800,232844.00000000,0.00139900,682873.00000000,0.00140000,2316488.00000000,0.00140100,7400.00000000,0.00140200,1228214.00000000,0.00140300,37440.00000000,0.00140400,207086.00000000,0.00140500,626186.00000000,0.00140600,15354179.00000000,0.03088,4,0.03085,50,0.03084,195,0.03083,65,0.0308,195,0.03077,195,0.03073,195,0.0307,195,0.03066,183,0.0306,183,0.03095,183,0.03097,58,0.03098,183,0.03101,183,0.03104,183,0.0311,183,0.03116,183,0.0312,57,0.03122,183,0.03128,183
binance,gate,FUNUSDT,0.00139700,0.03088,2110.451,1774049499833,0.00139400,229385.00000000,0.00139300,436758.00000000,0.00139200,483754.00000000,0.00139100,609674.00000000,0.00139000,227089.00000000,0.00138900,253711.00000000,0.00138800,436294.00000000,0.00138700,816520.00000000,0.00138600,635884.00000000,0.00138500,2762108.00000000,0.00139700,923633.00000000,0.00139800,232844.00000000,0.00139900,682873.00000000,0.00140000,2316488.00000000,0.00140100,7400.00000000,0.00140200,1228214.00000000,0.00140300,37440.00000000,0.00140400,207086.00000000,0.00140500,626186.00000000,0.00140600,15354179.00000000,0.03088,4,0.03085,50,0.03084,195,0.03083,65,0.0308,195,0.03077,195,0.03073,195,0.0307,195,0.03066,183,0.0306,183,0.03095,183,0.03097,58,0.03098,183,0.03101,183,0.03104,183,0.0311,183,0.03116,183,0.0312,57,0.03122,183,0.03128,183
binance,gate,FUNUSDT,0.00139700,0.03088,2110.451,1774049500134,0.00139400,229385.00000000,0.00139300,436758.00000000,0.00139200,483754.00000000,0.00139100,609674.00000000,0.00139000,227089.00000000,0.00138900,253711.00000000,0.00138800,436294.00000000,0.00138700,816520.00000000,0.00138600,635884.00000000,0.00138500,2762108.00000000,0.00139700,923633.00000000,0.00139800,232844.00000000,0.00139900,682873.00000000,0.00140000,2316488.00000000,0.00140100,7400.00000000,0.00140200,1228214.00000000,0.00140300,37440.00000000,0.00140400,207086.00000000,0.00140500,626186.00000000,0.00140600,15354179.00000000,0.03088,4,0.03085,50,0.03084,195,0.03083,65,0.0308,195,0.03077,195,0.03073,195,0.0307,195,0.03066,183,0.0306,183,0.03095,183,0.03097,58,0.03098,183,0.03101,183,0.03104,183,0.0311,183,0.03116,183,0.0312,57,0.03122,183,0.03128,183
binance,gate,FUNUSDT,0.00139700,0.03088,2110.451,1774049500434,0.00139400,229385.00000000,0.00139300,436758.00000000,0.00139200,483754.00000000,0.00139100,609674.00000000,0.00139000,227089.00000000,0.00138900,253711.00000000,0.00138800,436294.00000000,0.00138700,816520.00000000,0.00138600,635884.00000000,0.00138500,2762108.00000000,0.00139700,923633.00000000,0.00139800,232844.00000000,0.00139900,682873.00000000,0.00140000,2316488.00000000,0.00140100,7400.00000000,0.00140200,1228214.00000000,0.00140300,37440.00000000,0.00140400,207086.00000000,0.00140500,626186.00000000,0.00140600,15354179.00000000,0.03088,4,0.03085,50,0.03084,195,0.03083,65,0.0308,195,0.03077,195,0.03073,195,0.0307,195,0.03066,183,0.0306,183,0.03095,183,0.03097,58,0.03098,183,0.03101,183,0.03104,183,0.0311,183,0.03116,183,0.0312,57,0.03122,183,0.03128,183
binance,gate,FUNUSDT,0.00139700,0.03088,2110.451,1774049500734,0.00139400,229385.00000000,0.00139300,436758.00000000,0.00139200,483754.00000000,0.00139100,609674.00000000,0.00139000,227089.00000000,0.00138900,253711.00000000,0.00138800,436294.00000000,0.00138700,816520.00000000,0.00138600,635884.00000000,0.00138500,2762108.00000000,0.00139700,923633.00000000,0.00139800,232844.00000000,0.00139900,682873.00000000,0.00140000,2316488.00000000,0.00140100,7400.00000000,0.00140200,1228214.00000000,0.00140300,37440.00000000,0.00140400,207086.00000000,0.00140500,626186.00000000,0.00140600,15354179.00000000,0.03088,4,0.03085,50,0.03084,195,0.03083,65,0.0308,195,0.03077,195,0.03073,195,0.0307,195,0.03066,183,0.0306,183,0.03095,183,0.03097,58,0.03098,183,0.03101,183,0.03104,183,0.0311,183,0.03116,183,0.0312,57,0.03122,183,0.03128,183
binance,gate,FUNUSDT,0.00139700,0.03088,2110.451,1774049501035,0.00139400,229385.00000000,0.00139300,436758.00000000,0.00139200,483754.00000000,0.00139100,609674.00000000,0.00139000,227089.00000000,0.00138900,253711.00000000,0.00138800,436294.00000000,0.00138700,816520.00000000,0.00138600,635884.00000000,0.00138500,2762108.00000000,0.00139700,923633.00000000,0.00139800,232844.00000000,0.00139900,682873.00000000,0.00140000,2316488.00000000,0.00140100,7400.00000000,0.00140200,1228214.00000000,0.00140300,37440.00000000,0.00140400,207086.00000000,0.00140500,626186.00000000,0.00140600,15354179.00000000,0.03088,4,0.03085,50,0.03084,195,0.03083,65,0.0308,195,0.03077,195,0.03073,195,0.0307,195,0.03066,183,0.0306,183,0.03095,183,0.03097,58,0.03098,183,0.03101,183,0.03104,183,0.0311,183,0.03116,183,0.0312,57,0.03122,183,0.03128,183
binance,gate,FUNUSDT,0.00139700,0.03088,2110.451,1774049501335,0.00139400,229385.00000000,0.00139300,436758.00000000,0.00139200,483754.00000000,0.00139100,609674.00000000,0.00139000,227089.00000000,0.00138900,253711.00000000,0.00138800,436294.00000000,0.00138700,816520.00000000,0.00138600,635884.00000000,0.00138500,2762108.00000000,0.00139700,923633.00000000,0.00139800,232844.00000000,0.00139900,682873.00000000,0.00140000,2316488.00000000,0.00140100,7400.00000000,0.00140200,1228214.00000000,0.00140300,37440.00000000,0.00140400,207086.00000000,0.00140500,626186.00000000,0.00140600,15354179.00000000,0.03088,4,0.03085,50,0.03084,195,0.03083,65,0.0308,195,0.03077,195,0.03073,195,0.0307,195,0.03066,183,0.0306,183,0.03095,183,0.03096,58,0.03098,183,0.03101,183,0.03104,183,0.0311,183,0.03116,183,0.0312,57,0.03122,183,0.03128,183
binance,gate,FUNUSDT,0.00139700,0.03088,2110.451,1774049501635,0.00139400,229385.00000000,0.00139300,436758.00000000,0.00139200,483754.00000000,0.00139100,609674.00000000,0.00139000,227089.00000000,0.00138900,253711.00000000,0.00138800,436294.00000000,0.00138700,816520.00000000,0.00138600,635884.00000000,0.00138500,2762108.00000000,0.00139700,923633.00000000,0.00139800,232844.00000000,0.00139900,682873.00000000,0.00140000,2316488.00000000,0.00140100,7400.00000000,0.00140200,1228214.00000000,0.00140300,37440.00000000,0.00140400,207086.00000000,0.00140500,626186.00000000,0.00140600,15354179.00000000,0.03088,4,0.03085,50,0.03084,195,0.03083,65,0.0308,195,0.03077,195,0.03073,195,0.0307,195,0.03066,183,0.0306,183,0.03095,183,0.03098,183,0.03099,58,0.03101,183,0.03104,183,0.0311,183,0.03116,183,0.0312,57,0.03122,183,0.03128,183
binance,gate,FUNUSDT,0.00139700,0.03088,2110.451,1774049501935,0.00139400,229385.00000000,0.00139300,436758.00000000,0.00139200,483754.00000000,0.00139100,609674.00000000,0.00139000,227089.00000000,0.00138900,253711.00000000,0.00138800,436294.00000000,0.00138700,816520.00000000,0.00138600,635884.00000000,0.00138500,2762108.00000000,0.00139700,923633.00000000,0.00139800,232844.00000000,0.00139900,682873.00000000,0.00140000,2316488.00000000,0.00140100,7400.00000000,0.00140200,1228214.00000000,0.00140300,37440.00000000,0.00140400,207086.00000000,0.00140500,626186.00000000,0.00140600,15354179.00000000,0.03088,4,0.03085,50,0.03084,195,0.03083,65,0.0308,195,0.03077,195,0.03073,195,0.0307,195,0.03066,183,0.0306,183,0.03095,183,0.03096,58,0.03098,183,0.03101,183,0.03104,183,0.0311,183,0.03116,183,0.0312,57,0.03122,183,0.03128,183
binance,gate,FUNUSDT,0.00139700,0.03088,2110.451,1774049502236,0.00139400,229385.00000000,0.00139300,436758.00000000,0.00139200,483754.00000000,0.00139100,609674.00000000,0.00139000,227089.00000000,0.00138900,253711.00000000,0.00138800,436294.00000000,0.00138700,42147.00000000,0.00138600,635884.00000000,0.00138500,261232.00000000,0.00139700,923633.00000000,0.00139800,232844.00000000,0.00139900,682873.00000000,0.00140000,2316488.00000000,0.00140100,7400.00000000,0.00140200,1228214.00000000,0.00140300,37440.00000000,0.00140400,207086.00000000,0.00140500,626186.00000000,0.00140600,15354179.00000000,0.03088,4,0.03085,50,0.03084,195,0.03083,65,0.0308,195,0.03077,195,0.03073,195,0.0307,195,0.03066,183,0.0306,183,0.03095,183,0.03096,58,0.03098,183,0.03101,183,0.03104,183,0.0311,183,0.03116,183,0.0312,57,0.03122,183,0.03128,183
binance,gate,FUNUSDT,0.00139700,0.03088,2110.451,1774049502536,0.00139400,229385.00000000,0.00139300,436758.00000000,0.00139200,483754.00000000,0.00139100,609674.00000000,0.00139000,227089.00000000,0.00138900,39609.00000000,0.00138800,436294.00000000,0.00138700,42147.00000000,0.00138600,635884.00000000,0.00138500,261232.00000000,0.00139700,923633.00000000,0.00139800,232844.00000000,0.00139900,682873.00000000,0.00140000,2316488.00000000,0.00140100,7400.00000000,0.00140200,1228214.00000000,0.00140300,37440.00000000,0.00140400,207086.00000000,0.00140500,626186.00000000,0.00140600,15354179.00000000,0.03088,4,0.03085,50,0.03084,195,0.03083,65,0.0308,195,0.03077,195,0.03073,195,0.0307,195,0.03066,183,0.0306,183,0.03095,183,0.03096,58,0.03098,183,0.03101,183,0.03104,183,0.0311,183,0.03116,183,0.0312,57,0.03122,183,0.03128,183
binance,gate,FUNUSDT,0.00139700,0.03085,2108.3035,1774049502836,0.00139400,229385.00000000,0.00139300,436758.00000000,0.00139200,483754.00000000,0.00139100,609674.00000000,0.00139000,227089.00000000,0.00138900,39609.00000000,0.00138800,436294.00000000,0.00138700,42147.00000000,0.00138600,635884.00000000,0.00138500,261232.00000000,0.00139700,923633.00000000,0.00139800,232844.00000000,0.00139900,682873.00000000,0.00140000,2316488.00000000,0.00140100,7400.00000000,0.00140200,1228214.00000000,0.00140300,37440.00000000,0.00140400,207086.00000000,0.00140500,626186.00000000,0.00140600,15354179.00000000,0.03085,50,0.03084,195,0.03083,65,0.0308,195,0.03077,195,0.03073,195,0.0307,195,0.03066,183,0.0306,183,0.03054,183,0.03095,241,0.03098,183,0.03101,183,0.03104,183,0.0311,183,0.03116,183,0.0312,57,0.03122,183,0.03128,183,0.03134,195
binance,gate,FUNUSDT,0.00139700,0.03085,2108.3035,1774049503136,0.00139400,229385.00000000,0.00139300,436758.00000000,0.00139200,483754.00000000,0.00139100,609674.00000000,0.00139000,441059.00000000,0.00138900,39609.00000000,0.00138800,436294.00000000,0.00138700,42147.00000000,0.00138600,635884.00000000,0.00138500,261232.00000000,0.00139700,923633.00000000,0.00139800,232844.00000000,0.00139900,682873.00000000,0.00140000,2316488.00000000,0.00140100,7400.00000000,0.00140200,1228214.00000000,0.00140300,37440.00000000,0.00140400,207086.00000000,0.00140500,626186.00000000,0.00140600,15354179.00000000,0.03085,50,0.03084,195,0.03083,65,0.0308,195,0.03077,195,0.03073,195,0.0307,195,0.03066,183,0.0306,183,0.03054,183,0.03095,241,0.03098,183,0.03101,183,0.03104,183,0.0311,183,0.03116,183,0.0312,57,0.03122,183,0.03128,183,0.03134,195
binance,gate,FUNUSDT,0.00139700,0.03085,2108.3035,1774049503437,0.00139400,229385.00000000,0.00139300,436758.00000000,0.00139200,483754.00000000,0.00139100,609674.00000000,0.00139000,441059.00000000,0.00138900,39609.00000000,0.00138800,436294.00000000,0.00138700,42147.00000000,0.00138600,635884.00000000,0.00138500,261232.00000000,0.00139700,923633.00000000,0.00139800,232844.00000000,0.00139900,682873.00000000,0.00140000,2316488.00000000,0.00140100,7400.00000000,0.00140200,1228214.00000000,0.00140300,37440.00000000,0.00140400,207086.00000000,0.00140500,626186.00000000,0.00140600,15354179.00000000,0.03085,50,0.03084,195,0.03083,65,0.0308,195,0.03077,195,0.03073,195,0.0307,195,0.03066,183,0.0306,183,0.03054,183,0.03095,241,0.03098,183,0.03101,183,0.03104,183,0.0311,183,0.03116,183,0.0312,57,0.03122,183,0.03128,183,0.03134,195
binance,gate,FUNUSDT,0.00139700,0.03085,2108.3035,1774049503737,0.00139400,229385.00000000,0.00139300,436758.00000000,0.00139200,483754.00000000,0.00139100,609674.00000000,0.00139000,441059.00000000,0.00138900,39609.00000000,0.00138800,436294.00000000,0.00138700,42147.00000000,0.00138600,635884.00000000,0.00138500,261232.00000000,0.00139700,923633.00000000,0.00139800,232844.00000000,0.00139900,682873.00000000,0.00140000,2316488.00000000,0.00140100,7400.00000000,0.00140200,1228214.00000000,0.00140300,37440.00000000,0.00140400,207086.00000000,0.00140500,626186.00000000,0.00140600,15354179.00000000,0.03085,50,0.03084,195,0.03083,65,0.0308,195,0.03077,195,0.03073,195,0.0307,195,0.03066,183,0.0306,183,0.03054,183,0.03095,241,0.03098,183,0.03101,183,0.03104,183,0.0311,183,0.03116,183,0.0312,57,0.03122,183,0.03128,183,0.03134,195
binance,gate,FUNUSDT,0.00139700,0.03085,2108.3035,1774049504037,0.00139400,229385.00000000,0.00139300,436758.00000000,0.00139200,483754.00000000,0.00139100,609674.00000000,0.00139000,441059.00000000,0.00138900,39609.00000000,0.00138800,436294.00000000,0.00138700,42147.00000000,0.00138600,635884.00000000,0.00138500,261232.00000000,0.00139700,923633.00000000,0.00139800,232844.00000000,0.00139900,682873.00000000,0.00140000,2316488.00000000,0.00140100,7400.00000000,0.00140200,1228214.00000000,0.00140300,37440.00000000,0.00140400,207086.00000000,0.00140500,626186.00000000,0.00140600,15354179.00000000,0.03085,50,0.03084,195,0.03083,65,0.0308,195,0.03077,195,0.03073,195,0.0307,195,0.03066,183,0.0306,183,0.03054,183,0.03095,241,0.03098,183,0.03101,183,0.03104,183,0.0311,183,0.03116,183,0.0312,57,0.03122,183,0.03128,183,0.03134,195
binance,gate,FUNUSDT,0.00139700,0.03086,2109.0193,1774049504337,0.00139400,229385.00000000,0.00139300,436758.00000000,0.00139200,483754.00000000,0.00139100,609674.00000000,0.00139000,441059.00000000,0.00138900,39609.00000000,0.00138800,436294.00000000,0.00138700,42147.00000000,0.00138600,635884.00000000,0.00138500,261232.00000000,0.00139700,923633.00000000,0.00139800,232844.00000000,0.00139900,682873.00000000,0.00140000,2316488.00000000,0.00140100,7400.00000000,0.00140200,1228214.00000000,0.00140300,37440.00000000,0.00140400,207086.00000000,0.00140500,626186.00000000,0.00140600,15354179.00000000,0.03086,3,0.03085,50,0.03084,195,0.03083,65,0.0308,195,0.03077,195,0.03073,195,0.0307,195,0.03066,183,0.0306,183,0.03095,241,0.03098,183,0.03101,183,0.03104,183,0.0311,183,0.03116,183,0.0312,57,0.03122,183,0.03128,183,0.03134,195
binance,gate,FUNUSDT,0.00139700,0.03086,2109.0193,1774049504638,0.00139400,229385.00000000,0.00139300,436758.00000000,0.00139200,483754.00000000,0.00139100,609674.00000000,0.00139000,441059.00000000,0.00138900,39609.00000000,0.00138800,436294.00000000,0.00138700,42147.00000000,0.00138600,635884.00000000,0.00138500,261232.00000000,0.00139700,923633.00000000,0.00139800,232844.00000000,0.00139900,682873.00000000,0.00140000,2316488.00000000,0.00140100,7400.00000000,0.00140200,1228214.00000000,0.00140300,37440.00000000,0.00140400,207086.00000000,0.00140500,626186.00000000,0.00140600,15354179.00000000,0.03086,3,0.03085,50,0.03084,195,0.03083,65,0.0308,195,0.03077,195,0.03073,195,0.0307,195,0.03066,183,0.0306,183,0.03095,241,0.03098,183,0.03101,183,0.03104,183,0.0311,183,0.03116,183,0.0312,57,0.03122,183,0.03128,183,0.03134,195
binance,gate,FUNUSDT,0.00139700,0.03086,2109.0193,1774049504938,0.00139400,229385.00000000,0.00139300,436758.00000000,0.00139200,483754.00000000,0.00139100,609674.00000000,0.00139000,441059.00000000,0.00138900,39609.00000000,0.00138800,436294.00000000,0.00138700,42147.00000000,0.00138600,635884.00000000,0.00138500,261232.00000000,0.00139700,923633.00000000,0.00139800,232844.00000000,0.00139900,682873.00000000,0.00140000,2316488.00000000,0.00140100,7400.00000000,0.00140200,1228214.00000000,0.00140300,37440.00000000,0.00140400,207086.00000000,0.00140500,626186.00000000,0.00140600,15354179.00000000,0.03086,3,0.03085,50,0.03084,195,0.03083,65,0.0308,195,0.03077,195,0.03073,195,0.0307,195,0.03066,183,0.0306,183,0.03095,241,0.03098,183,0.03101,183,0.03104,183,0.0311,183,0.03116,183,0.0312,57,0.03122,183,0.03128,183,0.03134,195
binance,gate,FUNUSDT,0.00139700,0.03086,2109.0193,1774049505238,0.00139400,229385.00000000,0.00139300,436758.00000000,0.00139200,483754.00000000,0.00139100,609674.00000000,0.00139000,441059.00000000,0.00138900,39609.00000000,0.00138800,436294.00000000,0.00138700,42147.00000000,0.00138600,635884.00000000,0.00138500,261232.00000000,0.00139700,923633.00000000,0.00139800,232844.00000000,0.00139900,682873.00000000,0.00140000,2316488.00000000,0.00140100,7400.00000000,0.00140200,1228214.00000000,0.00140300,37440.00000000,0.00140400,207086.00000000,0.00140500,626186.00000000,0.00140600,15354179.00000000,0.03086,3,0.03085,50,0.03084,195,0.03083,65,0.0308,195,0.03077,195,0.03073,195,0.0307,195,0.03066,183,0.0306,183,0.03095,241,0.03098,183,0.03101,183,0.03104,183,0.0311,183,0.03116,183,0.0312,57,0.03122,183,0.03128,183,0.03134,195
binance,gate,FUNUSDT,0.00139700,0.03086,2109.0193,1774049505539,0.00139400,229385.00000000,0.00139300,436758.00000000,0.00139200,483754.00000000,0.00139100,609674.00000000,0.00139000,441059.00000000,0.00138900,39609.00000000,0.00138800,436294.00000000,0.00138700,42147.00000000,0.00138600,635884.00000000,0.00138500,261232.00000000,0.00139700,923633.00000000,0.00139800,232844.00000000,0.00139900,682873.00000000,0.00140000,2316488.00000000,0.00140100,7400.00000000,0.00140200,1228214.00000000,0.00140300,37440.00000000,0.00140400,207086.00000000,0.00140500,626186.00000000,0.00140600,15354179.00000000,0.03086,3,0.03085,50,0.03084,195,0.03083,65,0.0308,195,0.03077,195,0.03073,195,0.0307,195,0.03066,183,0.0306,183,0.03095,241,0.03098,183,0.03101,183,0.03104,183,0.0311,183,0.03116,183,0.0312,57,0.03122,183,0.03128,183,0.03134,195
binance,gate,FUNUSDT,0.00139700,0.03086,2109.0193,1774049505839,0.00139400,229385.00000000,0.00139300,436758.00000000,0.00139200,483754.00000000,0.00139100,609674.00000000,0.00139000,441059.00000000,0.00138900,39609.00000000,0.00138800,436294.00000000,0.00138700,42147.00000000,0.00138600,635884.00000000,0.00138500,261232.00000000,0.00139700,923633.00000000,0.00139800,232844.00000000,0.00139900,682873.00000000,0.00140000,2316488.00000000,0.00140100,7400.00000000,0.00140200,1228214.00000000,0.00140300,37440.00000000,0.00140400,207086.00000000,0.00140500,626186.00000000,0.00140600,15354179.00000000,0.03086,3,0.03085,50,0.03084,195,0.03083,65,0.0308,195,0.03077,195,0.03073,195,0.0307,195,0.03066,183,0.0306,183,0.03095,241,0.03098,183,0.03101,183,0.03104,183,0.0311,183,0.03116,183,0.0312,57,0.03122,183,0.03128,183,0.03134,195
binance,gate,FUNUSDT,0.00139700,0.03086,2109.0193,1774049506139,0.00139400,229385.00000000,0.00139300,436758.00000000,0.00139200,483754.00000000,0.00139100,609674.00000000,0.00139000,441059.00000000,0.00138900,39609.00000000,0.00138800,436294.00000000,0.00138700,42147.00000000,0.00138600,635884.00000000,0.00138500,261232.00000000,0.00139700,923633.00000000,0.00139800,232844.00000000,0.00139900,682873.00000000,0.00140000,2316488.00000000,0.00140100,7400.00000000,0.00140200,1228214.00000000,0.00140300,37440.00000000,0.00140400,207086.00000000,0.00140500,626186.00000000,0.00140600,15354179.00000000,0.03086,3,0.03085,50,0.03084,195,0.03083,65,0.0308,195,0.03077,195,0.03073,195,0.0307,195,0.03066,183,0.0306,183,0.03095,241,0.03098,183,0.03101,183,0.03104,183,0.0311,183,0.03116,183,0.0312,57,0.03122,183,0.03128,183,0.03134,195
binance,gate,FUNUSDT,0.00139700,0.03086,2109.0193,1774049506440,0.00139400,229385.00000000,0.00139300,436758.00000000,0.00139200,483754.00000000,0.00139100,609674.00000000,0.00139000,441059.00000000,0.00138900,39609.00000000,0.00138800,436294.00000000,0.00138700,42147.00000000,0.00138600,635884.00000000,0.00138500,261232.00000000,0.00139700,923633.00000000,0.00139800,232844.00000000,0.00139900,682873.00000000,0.00140000,2316488.00000000,0.00140100,7400.00000000,0.00140200,1228214.00000000,0.00140300,37440.00000000,0.00140400,207086.00000000,0.00140500,626186.00000000,0.00140600,15354179.00000000,0.03086,3,0.03085,50,0.03084,195,0.03083,65,0.0308,195,0.03077,195,0.03073,195,0.0307,195,0.03066,183,0.0306,183,0.03095,241,0.03098,183,0.03101,183,0.03104,183,0.0311,183,0.03116,183,0.0312,57,0.03122,183,0.03128,183,0.03134,195
binance,gate,FUNUSDT,0.00139700,0.03086,2109.0193,1774049506740,0.00139400,229385.00000000,0.00139300,436758.00000000,0.00139200,483754.00000000,0.00139100,609674.00000000,0.00139000,441059.00000000,0.00138900,39609.00000000,0.00138800,436294.00000000,0.00138700,42147.00000000,0.00138600,635884.00000000,0.00138500,261232.00000000,0.00139700,923633.00000000,0.00139800,232844.00000000,0.00139900,682873.00000000,0.00140000,2316488.00000000,0.00140100,7400.00000000,0.00140200,1228214.00000000,0.00140300,37440.00000000,0.00140400,207086.00000000,0.00140500,626186.00000000,0.00140600,15354179.00000000,0.03086,3,0.03085,50,0.03084,195,0.03083,65,0.0308,195,0.03077,195,0.03073,195,0.0307,195,0.03066,183,0.0306,183,0.03095,241,0.03098,183,0.03101,183,0.03104,183,0.0311,183,0.03116,183,0.0312,57,0.03122,183,0.03128,183,0.03134,195
