spot_exch,fut_exch,symbol,ask_spot,bid_futures,spread_pct,ts,s_b1,s_b2,s_b3,s_b4,s_b5,s_b6,s_b7,s_b8,s_b9,s_b10,s_bq1,s_bq2,s_bq3,s_bq4,s_bq5,s_bq6,s_bq7,s_bq8,s_bq9,s_bq10,s_a1,s_a2,s_a3,s_a4,s_a5,s_a6,s_a7,s_a8,s_a9,s_a10,s_aq1,s_aq2,s_aq3,s_aq4,s_aq5,s_aq6,s_aq7,s_aq8,s_aq9,s_aq10,f_b1,f_b2,f_b3,f_b4,f_b5,f_b6,f_b7,f_b8,f_b9,f_b10,f_bq1,f_bq2,f_bq3,f_bq4,f_bq5,f_bq6,f_bq7,f_bq8,f_bq9,f_bq10,f_a1,f_a2,f_a3,f_a4,f_a5,f_a6,f_a7,f_a8,f_a9,f_a10,f_aq1,f_aq2,f_aq3,f_aq4,f_aq5,f_aq6,f_aq7,f_aq8,f_aq9,f_aq10
gate,bybit,VANRYUSDT,0.005748,0.006152,7.0285,1774049176000,0.005744,28833,0.005743,49538,0.005742,11600,0.005741,67638,0.005739,11600,0.005738,43797,0.005736,88439,0.005735,62128,0.005734,31600,0.005733,11600,0.005748,70594,0.005749,222327,0.00575,97591,0.005751,11600,0.005753,72508,0.005755,68461,0.005757,68480,0.005759,29279,0.00577,11600,0.005773,14900,0.006152,22120,0.006151,4592,0.006150,16085,0.006149,24043,0.006148,13623,0.006147,33679,0.006146,28467,0.006145,75752,0.006144,18490,0.006143,26976,0.006153,47519,0.006154,2526,0.006155,10348,0.006156,15355,0.006157,17610,0.006158,43021,0.006159,21750,0.006160,44501,0.006161,21750,0.006162,56322
gate,bybit,VANRYUSDT,0.005746,0.006152,7.0658,1774049177000,0.005743,49538,0.005742,11600,0.005741,67638,0.005739,56913,0.005738,43797,0.005736,88439,0.005735,62128,0.005734,31600,0.005733,11600,0.005732,50596,0.005746,28292,0.005747,14210,0.005748,70594,0.005749,219718,0.00575,97591,0.005751,11600,0.005753,72508,0.005755,68461,0.005757,39539,0.005759,29279,0.006152,11920,0.006151,4592,0.006150,12291,0.006149,22104,0.006148,9284,0.006147,25779,0.006146,18467,0.006145,75752,0.006144,18490,0.006143,26976,0.006153,26428,0.006154,2526,0.006155,10348,0.006156,15355,0.006157,17610,0.006158,43021,0.006159,21750,0.006160,44501,0.006161,31750,0.006162,56322
gate,bybit,VANRYUSDT,0.005747,0.006152,7.0472,1774049186000,0.005742,72902,0.005741,67638,0.005739,56913,0.005738,43797,0.005736,88439,0.005735,62128,0.005734,31600,0.005733,11600,0.005732,20000,0.005731,11600,0.005746,28292,0.005747,161806,0.005748,11600,0.005749,239718,0.00575,97591,0.005751,11600,0.005753,11600,0.005755,68461,0.005757,39539,0.005759,29279,0.006152,8180,0.006151,3657,0.006150,12291,0.006149,22104,0.006148,9284,0.006147,21673,0.006146,21517,0.006145,75752,0.006144,18490,0.006143,16976,0.006153,26207,0.006154,2526,0.006155,10348,0.006156,15355,0.006157,27610,0.006158,76694,0.006159,31750,0.006160,44501,0.006161,31750,0.006162,56322
gate,bybit,VANRYUSDT,0.005747,0.006152,7.0472,1774049189000,0.005743,46647,0.005742,45314,0.005741,11600,0.005739,68763,0.005738,43797,0.005736,88439,0.005735,31600,0.005734,73437,0.005733,11600,0.005732,20000,0.005746,41131,0.005747,161806,0.005748,11600,0.005749,239718,0.00575,97591,0.005751,11600,0.005753,11600,0.005755,68461,0.005757,68756,0.005759,29279,0.006152,23725,0.006151,3657,0.006150,12291,0.006149,22104,0.006148,12139,0.006147,21673,0.006146,18467,0.006145,75752,0.006144,18490,0.006143,16976,0.006153,26207,0.006154,2526,0.006155,10348,0.006156,15355,0.006157,27610,0.006158,76694,0.006159,31750,0.006160,44501,0.006161,31750,0.006162,56322
gate,bybit,VANRYUSDT,0.005746,0.006152,7.0658,1774049194000,0.005741,11600,0.005739,68763,0.005738,43797,0.005736,68439,0.005735,11600,0.005734,53437,0.005733,11600,0.005732,52730,0.005731,11600,0.005729,31846,0.005746,52583,0.005747,161806,0.005748,88941,0.005749,239718,0.00575,97591,0.005751,11600,0.005753,59827,0.005755,41063,0.005757,39539,0.005759,29279,0.006152,14057,0.006151,3657,0.006150,12291,0.006149,22104,0.006148,9284,0.006147,21673,0.006146,18467,0.006145,75752,0.006144,18490,0.006143,16976,0.006153,25039,0.006154,2526,0.006155,12285,0.006156,13417,0.006157,27610,0.006158,76694,0.006159,31750,0.006160,44501,0.006161,31750,0.006162,56322
gate,bybit,VANRYUSDT,0.005742,0.006145,7.0185,1774049196000,0.005738,34576,0.005736,73082,0.005735,11600,0.005734,53437,0.005733,11600,0.005732,52730,0.005731,11600,0.005729,73082,0.005727,41460,0.005722,20000,0.005742,70307,0.005743,11600,0.005745,93082,0.005746,72583,0.005747,181806,0.005748,68721,0.005749,239718,0.00575,97591,0.005751,11600,0.005753,11600,0.006145,27394,0.006144,5336,0.006143,10565,0.006142,25182,0.006141,22225,0.006140,51743,0.006139,22236,0.006138,23758,0.006137,61597,0.006136,32356,0.006146,20276,0.006147,1626,0.006148,16362,0.006149,12494,0.006150,17500,0.006151,25799,0.006152,62198,0.006153,16737,0.006154,59546,0.006155,8409
gate,bybit,VANRYUSDT,0.005742,0.006145,7.0185,1774049197000,0.005738,34576,0.005736,73082,0.005735,11600,0.005734,53437,0.005733,11600,0.005732,52730,0.005731,11600,0.005729,73082,0.005727,41460,0.005722,20000,0.005742,70307,0.005743,14211,0.005744,83591,0.005745,93082,0.005746,31600,0.005747,181806,0.005748,31600,0.005749,237109,0.00575,97591,0.005753,40027,0.006145,27394,0.006144,5336,0.006143,10565,0.006142,25182,0.006141,22225,0.006140,51743,0.006139,22236,0.006138,23758,0.006137,61597,0.006136,32356,0.006146,20276,0.006147,1626,0.006148,16362,0.006149,12494,0.006150,17500,0.006151,25799,0.006152,62198,0.006153,16737,0.006154,59546,0.006155,8409
gate,bybit,VANRYUSDT,0.005742,0.006148,7.0707,1774049213000,0.005741,28867,0.005739,46240,0.005737,68030,0.005736,73082,0.005735,11600,0.005734,53437,0.005733,11600,0.005732,52730,0.005731,11600,0.005729,11600,0.005743,150310,0.005744,11600,0.005745,11600,0.005746,11600,0.005747,14210,0.005748,31600,0.005749,31600,0.00575,11600,0.005753,67954,0.005755,31055,0.006151,21129,0.006149,4106,0.006148,10536,0.006146,34433,0.006145,10012,0.006144,15596,0.006143,18777,0.006142,58855,0.006141,18119,0.006140,51743,0.006152,2526,0.006153,9662,0.006154,9288,0.006155,19555,0.006156,22616,0.006157,8411,0.006158,76694,0.006159,25856,0.006160,52713,0.006161,29962
gate,bybit,VANRYUSDT,0.005746,0.00615,7.031,1774049214000,0.005742,27596,0.005741,28867,0.00574,11600,0.005739,46240,0.005737,68030,0.005736,93082,0.005735,11600,0.005734,53437,0.005733,11600,0.005732,31600,0.005746,45303,0.005747,68172,0.005748,11600,0.005749,87503,0.00575,11600,0.005753,67954,0.005755,42655,0.00577,11600,0.005773,14900,0.005779,20000,0.006150,25172,0.006149,1628,0.006148,17099,0.006147,17628,0.006146,23407,0.006145,27639,0.006144,26739,0.006143,30721,0.006142,52574,0.006141,18119,0.006151,15146,0.006152,19226,0.006153,1626,0.006154,17285,0.006155,17608,0.006156,22616,0.006157,17610,0.006158,76694,0.006159,25856,0.006160,52713
gate,bybit,VANRYUSDT,0.005746,0.006151,7.0484,1774049215000,0.005742,56140,0.005741,28867,0.00574,11600,0.005739,46240,0.005737,68030,0.005736,93082,0.005735,11600,0.005734,73437,0.005733,31600,0.005732,31600,0.005746,11600,0.005747,14210,0.005748,67132,0.005749,67503,0.00575,11600,0.005753,67954,0.005755,42655,0.005757,48137,0.00577,11600,0.005771,31600,0.006151,8180,0.006150,1628,0.006149,5734,0.006148,17099,0.006147,17628,0.006146,57080,0.006145,61350,0.006144,26739,0.006143,30721,0.006142,52574,0.006152,18403,0.006153,1626,0.006154,17285,0.006155,17608,0.006156,22616,0.006157,17610,0.006158,76694,0.006159,21750,0.006160,44501,0.006161,29962
gate,bybit,VANRYUSDT,0.005747,0.006151,7.0298,1774049216000,0.005742,83641,0.005741,28867,0.00574,11600,0.005739,46240,0.005737,88030,0.005736,93082,0.005735,31600,0.005734,73437,0.005733,31600,0.005732,31600,0.005746,11600,0.005747,14210,0.005748,67132,0.005749,67503,0.00575,11600,0.005753,67954,0.005755,42655,0.005757,59737,0.005769,20000,0.00577,31600,0.006151,8180,0.006150,1628,0.006149,5734,0.006148,17099,0.006147,17628,0.006146,57080,0.006145,61350,0.006144,26739,0.006143,30721,0.006142,52574,0.006152,18403,0.006153,1626,0.006154,17285,0.006155,17608,0.006156,22616,0.006157,17610,0.006158,76694,0.006159,21750,0.006160,44501,0.006161,29962
gate,bybit,VANRYUSDT,0.005749,0.006151,6.9925,1774049217000,0.005743,55097,0.005742,94370,0.005741,28867,0.00574,11600,0.005739,46240,0.005737,88030,0.005736,93082,0.005735,31600,0.005734,31600,0.005733,31600,0.005748,64805,0.005749,23200,0.00575,55209,0.005751,2327,0.005753,67954,0.005755,42655,0.005757,59737,0.005769,31600,0.00577,31600,0.005771,31600,0.006151,8180,0.006150,1628,0.006149,5734,0.006148,17099,0.006147,17628,0.006146,57080,0.006145,61350,0.006144,26739,0.006143,30721,0.006142,52574,0.006152,17580,0.006153,1626,0.006154,17285,0.006155,17608,0.006156,22616,0.006157,17610,0.006158,76694,0.006159,21750,0.006160,44501,0.006161,29962
gate,bybit,VANRYUSDT,0.005747,0.006151,7.0298,1774049218000,0.005744,60780,0.005743,55097,0.005742,39101,0.00574,50414,0.005739,46240,0.005738,31600,0.005737,88030,0.005736,31600,0.005735,31600,0.005734,61368,0.005747,29779,0.005749,84850,0.00575,55209,0.005751,40399,0.005753,67954,0.005755,42655,0.005757,59737,0.005759,11600,0.005768,31600,0.005769,31600,0.006151,8180,0.006150,1628,0.006149,5734,0.006148,17099,0.006147,17628,0.006146,57080,0.006145,61338,0.006144,26739,0.006143,30721,0.006142,52574,0.006152,17580,0.006153,1626,0.006154,17285,0.006155,17608,0.006156,22616,0.006157,17610,0.006158,76694,0.006159,21750,0.006160,44501,0.006161,29962
gate,bybit,VANRYUSDT,0.005749,0.006152,7.0099,1774049220000,0.005745,11600,0.005744,49065,0.005743,55097,0.005742,39101,0.005741,20000,0.00574,70414,0.005739,66240,0.005738,31600,0.005737,88030,0.005736,31600,0.005749,220820,0.00575,80275,0.005751,40399,0.005753,66275,0.005755,42655,0.005756,20000,0.005757,59737,0.005759,11600,0.005767,31600,0.005768,31600,0.006151,8190,0.006150,1628,0.006149,5734,0.006148,17099,0.006147,17628,0.006146,57080,0.006145,61338,0.006144,26739,0.006143,30721,0.006142,52574,0.006152,17611,0.006153,1626,0.006154,17285,0.006155,17608,0.006156,22616,0.006157,17610,0.006158,76694,0.006159,21750,0.006160,13451,0.006161,29962
gate,bybit,VANRYUSDT,0.005749,0.006152,7.0099,1774049221000,0.005746,28770,0.005744,48924,0.005743,48443,0.005742,72836,0.005741,64540,0.00574,31600,0.005739,31600,0.005738,86221,0.005737,86221,0.005736,31600,0.005749,191448,0.00575,68675,0.005751,40399,0.005752,40972,0.005753,55366,0.005755,42655,0.005756,31600,0.005757,59737,0.005759,38209,0.005767,31600,0.006152,39235,0.006151,1636,0.006150,5734,0.006149,17192,0.006148,21647,0.006147,17628,0.006146,57080,0.006145,61338,0.006144,26739,0.006143,30721,0.006153,1626,0.006154,6632,0.006155,12304,0.006156,22616,0.006157,17610,0.006158,76694,0.006159,21750,0.006160,13451,0.006161,21750,0.006162,95664
gate,bybit,VANRYUSDT,0.005749,0.006152,7.0099,1774049223000,0.005746,40370,0.005744,48924,0.005743,48443,0.005742,72836,0.005741,64540,0.00574,31600,0.005739,31600,0.005738,86221,0.005737,86221,0.005736,31600,0.005749,161732,0.00575,68675,0.005751,40399,0.005752,70688,0.005753,45043,0.005755,62655,0.005756,31600,0.005757,59737,0.005759,65717,0.005767,31600,0.006152,39235,0.006151,1636,0.006150,5734,0.006149,17192,0.006148,21647,0.006147,17628,0.006146,57080,0.006145,61338,0.006144,26739,0.006143,30721,0.006153,16721,0.006154,6632,0.006155,12304,0.006156,22616,0.006157,17610,0.006158,76694,0.006159,21750,0.006160,13451,0.006161,21750,0.006162,95664
gate,bybit,VANRYUSDT,0.005749,0.006152,7.0099,1774049225000,0.005746,28770,0.005745,11600,0.005744,48924,0.005743,48443,0.005742,72836,0.005741,64540,0.00574,31600,0.005739,31600,0.005738,86221,0.005737,86221,0.005749,161732,0.00575,68675,0.005751,40399,0.005752,70688,0.005753,57194,0.005754,31600,0.005755,62655,0.005756,31600,0.005757,59737,0.005759,65717,0.006152,23544,0.006151,1636,0.006150,5734,0.006149,17192,0.006148,21647,0.006147,17628,0.006146,57080,0.006145,61338,0.006144,26739,0.006143,30721,0.006153,17097,0.006154,6632,0.006155,12304,0.006156,22616,0.006157,17610,0.006158,76694,0.006159,21750,0.006160,13451,0.006161,21750,0.006162,95664
gate,bybit,VANRYUSDT,0.005749,0.006152,7.0099,1774049231000,0.005746,30236,0.005744,48924,0.005743,48443,0.005742,72836,0.005741,64540,0.00574,31600,0.005739,31600,0.005738,86221,0.005737,86221,0.005732,11600,0.005748,27865,0.005749,161732,0.00575,80275,0.005751,40399,0.005752,70688,0.005753,31600,0.005754,31600,0.005755,62655,0.005756,31600,0.005757,59737,0.006152,23544,0.006151,1636,0.006150,5734,0.006149,17192,0.006148,23495,0.006147,19773,0.006146,57080,0.006145,61338,0.006144,26739,0.006143,30721,0.006153,17066,0.006154,6632,0.006155,12304,0.006156,13417,0.006157,17610,0.006158,76694,0.006159,21750,0.006160,13451,0.006161,21750,0.006162,95664
gate,bybit,VANRYUSDT,0.005748,0.006152,7.0285,1774049234000,0.005746,28530,0.005744,48924,0.005743,48443,0.005742,72836,0.005741,64540,0.00574,31600,0.005739,85482,0.005738,31600,0.005737,11600,0.005735,48808,0.005748,42023,0.005749,147570,0.00575,80275,0.005751,40399,0.005752,90688,0.005753,31600,0.005754,31600,0.005755,85482,0.005756,31600,0.005757,59737,0.006152,23544,0.006151,1636,0.006150,5734,0.006149,17192,0.006148,23495,0.006147,19773,0.006146,57080,0.006145,61338,0.006144,26739,0.006143,30721,0.006153,17066,0.006154,6632,0.006155,12304,0.006156,13417,0.006157,17610,0.006158,76694,0.006159,21750,0.006160,13451,0.006161,21750,0.006162,95664
gate,bybit,VANRYUSDT,0.005748,0.006153,7.0459,1774049243000,0.005745,57824,0.005744,37324,0.005743,48443,0.005742,39101,0.005741,85529,0.00574,68880,0.005739,31600,0.005738,31600,0.005737,65529,0.005733,20000,0.005749,147570,0.00575,230402,0.005751,40399,0.005752,90688,0.005753,31600,0.005754,31600,0.005755,31600,0.005756,31600,0.005757,42752,0.005759,65529,0.006153,44823,0.006152,1626,0.006151,1636,0.006150,21377,0.006149,17637,0.006148,13435,0.006147,17628,0.006146,43001,0.006145,51338,0.006144,26739,0.006154,23032,0.006155,1625,0.006156,13417,0.006157,25277,0.006158,76694,0.006159,21750,0.006160,21663,0.006161,21750,0.006162,95664,0.006163,25921
gate,bybit,VANRYUSDT,0.005748,0.006153,7.0459,1774049244000,0.005745,31166,0.005743,65332,0.005742,11600,0.005741,65529,0.00574,48880,0.005739,31600,0.005738,31600,0.005737,65529,0.005735,47849,0.005733,20000,0.005748,31374,0.005749,147570,0.00575,230402,0.005751,40399,0.005752,90688,0.005753,31600,0.005754,31600,0.005755,31600,0.005756,31600,0.005757,11600,0.006153,44823,0.006152,1626,0.006151,1636,0.006150,21377,0.006149,17637,0.006148,13435,0.006147,17628,0.006146,43001,0.006145,51338,0.006144,26739,0.006154,23032,0.006155,1625,0.006156,13417,0.006157,25277,0.006158,76694,0.006159,21750,0.006160,21663,0.006161,21750,0.006162,95664,0.006163,25921
gate,bybit,VANRYUSDT,0.005748,0.006153,7.0459,1774049249000,0.005745,31166,0.005743,65332,0.005742,11600,0.005741,65529,0.00574,48880,0.005739,31600,0.005738,31600,0.005737,85529,0.005736,31600,0.005735,47849,0.005748,42974,0.005749,147570,0.00575,230402,0.005751,60399,0.005752,90688,0.005753,31600,0.005754,31600,0.005755,31600,0.005756,31600,0.005757,11600,,,,,,,,,,,,,,,,,,,,,,,,,,,,,,,,,,,,,,,,
gate,bybit,VANRYUSDT,0.005746,0.006152,7.0658,1774049263000,0.005742,36973,0.005741,63099,0.00574,11600,0.005739,11600,0.005738,83099,0.005737,85529,0.005736,31600,0.005735,47849,0.005733,28882,0.005721,11600,0.005746,66697,0.005748,42974,0.005749,297724,0.00575,82883,0.005751,60399,0.005752,90688,0.005753,31600,0.005754,31600,0.005755,31600,0.005756,83099,0.006151,1626,0.006150,5734,0.006149,17637,0.006148,15419,0.006147,17628,0.006146,43001,0.006145,51338,0.006144,26739,0.006143,20721,0.006142,52574,0.006152,14434,0.006153,1626,0.006154,19204,0.006155,14793,0.006156,13417,0.006157,21525,0.006158,76694,0.006159,21750,0.006160,21663,0.006161,21750
gate,bybit,VANRYUSDT,0.005746,0.006151,7.0484,1774049264000,0.00574,51682,0.005739,11600,0.005738,63099,0.005737,85529,0.005736,31600,0.005735,47849,0.005733,40482,0.005721,11600,0.00572,12180,0.005709,27052,0.005746,66697,0.005748,42974,0.005749,297724,0.00575,82883,0.005751,60399,0.005752,90688,0.005753,31600,0.005754,31600,0.005755,31600,0.005756,31600,0.006151,1626,0.006150,5734,0.006149,19623,0.006148,17898,0.006147,17628,0.006146,43001,0.006145,51338,0.006144,26739,0.006143,20721,0.006142,52574,0.006152,14185,0.006153,1626,0.006154,24160,0.006155,20749,0.006156,13417,0.006157,19566,0.006158,76694,0.006159,21750,0.006160,21663,0.006161,21750
gate,bybit,VANRYUSDT,0.005746,0.006151,7.0484,1774049265000,0.005743,25940,0.005741,62475,0.00574,51682,0.005739,11600,0.005738,63099,0.005737,31600,0.005736,31600,0.005735,47849,0.005734,31600,0.005733,40482,0.005746,66697,0.005748,42974,0.005749,317724,0.00575,102883,0.005751,60399,0.005752,90688,0.005753,31600,0.005754,31600,0.005755,11600,0.005756,44079,0.006151,30119,0.006150,1628,0.006149,12541,0.006148,15955,0.006147,17628,0.006146,51213,0.006145,51338,0.006144,26739,0.006143,20721,0.006142,52574,0.006152,14185,0.006153,1626,0.006154,28130,0.006155,18765,0.006156,13417,0.006157,17610,0.006158,76694,0.006159,21750,0.006160,13451,0.006161,21750
gate,bybit,VANRYUSDT,0.005746,0.006151,7.0484,1774049266000,0.005743,25940,0.005741,62475,0.00574,51682,0.005739,11600,0.005738,63099,0.005737,31600,0.005736,31600,0.005735,67849,0.005734,31600,0.005733,40482,0.005746,46697,0.005748,42974,0.005749,317724,0.00575,102883,0.005751,60399,0.005752,90688,0.005753,31600,0.005754,31600,0.005755,11600,0.005756,11600,0.006151,28634,0.006150,1628,0.006149,12541,0.006148,15955,0.006147,17628,0.006146,51213,0.006145,51338,0.006144,26739,0.006143,20721,0.006142,52574,0.006152,14185,0.006153,1626,0.006154,28130,0.006155,18765,0.006156,13417,0.006157,17610,0.006158,76694,0.006159,21750,0.006160,17557,0.006161,21750
gate,bybit,VANRYUSDT,0.005748,0.006152,7.0285,1774049267000,0.005743,50963,0.005742,11600,0.005741,62475,0.00574,51682,0.005739,31600,0.005738,63099,0.005737,31600,0.005736,31600,0.005735,67849,0.005734,31600,0.005748,42974,0.005749,317724,0.00575,102883,0.005751,60399,0.005752,90688,0.005753,31600,0.005754,31600,0.005755,11600,0.005756,41816,0.005759,36866,0.006152,21131,0.006151,4080,0.006150,16653,0.006149,11052,0.006148,13476,0.006147,17628,0.006146,51213,0.006145,51338,0.006144,26739,0.006143,20721,0.006153,9806,0.006154,19204,0.006155,16644,0.006156,13417,0.006157,17610,0.006158,76694,0.006159,21750,0.006160,13451,0.006161,21750,0.006162,95664
gate,bybit,VANRYUSDT,0.005748,0.006153,7.0459,1774049268000,0.005745,25154,0.005743,50963,0.005742,11600,0.005741,62475,0.00574,51682,0.005739,31600,0.005738,83099,0.005737,31600,0.005736,31600,0.005735,67849,0.005748,42974,0.005749,317724,0.00575,102883,0.005751,60399,0.005752,90688,0.005753,31600,0.005754,31600,0.005756,11600,0.005759,65562,0.005772,11600,0.006153,14699,0.006152,12242,0.006151,11024,0.006150,16653,0.006149,11052,0.006148,21688,0.006147,17628,0.006146,51213,0.006145,51338,0.006144,26739,0.006154,19118,0.006155,5731,0.006156,13417,0.006157,17610,0.006158,76694,0.006159,21750,0.006160,13451,0.006161,21750,0.006162,95664,0.006163,25921
gate,bybit,VANRYUSDT,0.005748,0.006153,7.0459,1774049273000,0.005743,25940,0.005741,62475,0.00574,51682,0.005739,31600,0.005738,83099,0.005737,31600,0.005736,31600,0.005735,67849,0.005734,31600,0.005733,60966,0.005746,28580,0.005748,42974,0.005749,317724,0.00575,102883,0.005751,60399,0.005752,90688,0.005753,11600,0.005756,63976,0.005759,36866,0.005772,11600,0.006152,1626,0.006151,4080,0.006150,13174,0.006149,17770,0.006148,13476,0.006147,17628,0.006146,43001,0.006145,51338,0.006144,26739,0.006143,20721,0.006153,9596,0.006154,22890,0.006155,5731,0.006156,19149,0.006157,23265,0.006158,76694,0.006159,21750,0.006160,21663,0.006161,21750,0.006162,95664
gate,bybit,VANRYUSDT,0.005746,0.006152,7.0658,1774049274000,0.005743,25940,0.005741,62475,0.00574,51682,0.005739,31600,0.005738,83099,0.005737,31600,0.005736,31600,0.005735,67849,0.005734,31600,0.005733,60966,0.005746,40180,0.005748,42974,0.005749,317724,0.00575,102883,0.005751,51126,0.005752,90688,0.005753,11600,0.005756,63976,0.005759,36866,0.005772,11600,0.006152,1626,0.006151,4080,0.006150,19130,0.006149,17770,0.006148,13476,0.006147,17628,0.006146,43001,0.006145,51338,0.006144,26739,0.006143,20721,0.006153,7771,0.006154,19118,0.006155,16646,0.006156,13417,0.006157,17610,0.006158,76694,0.006159,21750,0.006160,21663,0.006161,21750,0.006162,64534
gate,bybit,VANRYUSDT,0.005746,0.006152,7.0658,1774049280000,0.005743,25940,0.005741,62475,0.00574,51682,0.005739,31600,0.005738,83099,0.005737,31600,0.005736,31600,0.005735,67849,0.005734,31600,0.005733,36136,0.005745,11600,0.005746,49375,0.005747,150206,0.005748,31600,0.005749,181779,0.00575,100275,0.005751,31600,0.005752,31600,0.005753,11600,0.005756,63122,0.006152,16836,0.006151,1626,0.006150,21873,0.006149,17770,0.006148,13476,0.006147,17628,0.006146,43001,0.006145,51338,0.006144,26739,0.006143,20721,0.006153,8209,0.006154,19118,0.006155,16642,0.006156,13417,0.006157,48710,0.006158,76694,0.006159,21750,0.006160,17557,0.006161,21750,0.006162,64534
gate,bybit,VANRYUSDT,0.005746,0.006152,7.0658,1774049282000,0.005741,50875,0.00574,51682,0.005739,11600,0.005738,63099,0.005737,31600,0.005736,31600,0.005735,67849,0.005734,31600,0.005733,59409,0.005731,34898,0.005745,11600,0.005746,59873,0.005747,161806,0.005748,31600,0.005749,181779,0.00575,97665,0.005751,31600,0.005752,31600,0.005753,11600,0.005756,63122,0.006152,3515,0.006151,1626,0.006150,21872,0.006149,17770,0.006148,13476,0.006147,17628,0.006146,43001,0.006145,51338,0.006144,26739,0.006143,20721,0.006153,8180,0.006154,19118,0.006155,16642,0.006156,13417,0.006157,48710,0.006158,76694,0.006159,21750,0.006160,17557,0.006161,21750,0.006162,64534
gate,bybit,VANRYUSDT,0.005744,0.006152,7.1031,1774049283000,0.00574,40082,0.005739,11600,0.005738,63099,0.005737,11600,0.005736,80387,0.005735,67849,0.005734,31600,0.005733,36136,0.005731,38964,0.005722,20000,0.005744,11600,0.005745,56282,0.005746,80387,0.005747,161806,0.005748,31600,0.005749,181779,0.00575,97665,0.005751,31600,0.005752,31600,0.005753,11600,0.006152,3729,0.006151,1626,0.006150,21872,0.006149,17770,0.006148,13476,0.006147,17628,0.006146,43001,0.006145,51338,0.006144,26739,0.006143,20721,0.006153,8860,0.006154,19118,0.006155,16642,0.006156,13417,0.006157,48710,0.006158,76694,0.006159,21750,0.006160,17557,0.006161,21750,0.006162,64534
gate,bybit,VANRYUSDT,0.005744,0.006152,7.1031,1774049287000,0.00574,40082,0.005739,11600,0.005738,63099,0.005737,11600,0.005736,80387,0.005735,67849,0.005734,31600,0.005733,56136,0.005732,56115,0.005731,11600,0.005744,43724,0.005745,31600,0.005746,69422,0.005747,181806,0.005748,31600,0.005749,181779,0.00575,31600,0.005751,11600,0.005753,63688,0.005756,37361,0.006152,22695,0.006151,1626,0.006150,21872,0.006149,17770,0.006148,13476,0.006147,17628,0.006146,43001,0.006145,51338,0.006144,26739,0.006143,20721,0.006153,10515,0.006154,19118,0.006155,16642,0.006156,13417,0.006157,48710,0.006158,76694,0.006159,21750,0.006160,17557,0.006161,21750,0.006162,64534
gate,bybit,VANRYUSDT,0.005743,0.006151,7.1043,1774049288000,0.00574,40082,0.005739,11600,0.005738,63099,0.005737,11600,0.005736,80387,0.005735,67849,0.005734,31600,0.005733,56136,0.005732,56115,0.005731,11600,0.005743,36554,0.005744,43724,0.005745,31600,0.005746,69422,0.005747,181806,0.005748,31600,0.005749,181779,0.00575,31600,0.005751,11600,0.005753,63688,0.006151,7983,0.006150,8478,0.006149,24211,0.006148,13476,0.006147,17628,0.006146,43001,0.006145,51338,0.006144,26739,0.006143,20721,0.006142,52574,0.006152,15146,0.006153,3292,0.006154,30021,0.006155,12672,0.006156,13417,0.006157,48710,0.006158,76694,0.006159,21750,0.006160,17557,0.006161,21750
gate,bybit,VANRYUSDT,0.005742,0.00615,7.1055,1774049290000,0.00574,40082,0.005739,11600,0.005738,63099,0.005737,11600,0.005736,80387,0.005735,67849,0.005734,31600,0.005733,56136,0.005732,56115,0.005731,11600,0.005743,36554,0.005744,43724,0.005745,31600,0.005746,69422,0.005747,181806,0.005748,31600,0.005749,181779,0.00575,31600,0.005751,11600,0.005753,63688,0.006150,3970,0.006149,1628,0.006148,11490,0.006147,8429,0.006146,9328,0.006145,17627,0.006144,26739,0.006143,20721,0.006142,52574,0.006141,22225,0.006151,1932,0.006152,18571,0.006153,40891,0.006154,30021,0.006155,14689,0.006156,23718,0.006157,48710,0.006158,76694,0.006159,21750,0.006160,17557
gate,bybit,VANRYUSDT,0.005742,0.006149,7.0881,1774049291000,0.005737,50154,0.005736,60387,0.005735,11600,0.005734,11600,0.005733,81098,0.005732,56115,0.005731,36583,0.005729,64128,0.005727,35375,0.005722,20000,0.005742,64128,0.005743,61098,0.005744,11600,0.005745,31600,0.005746,69422,0.005747,181806,0.005748,61257,0.005749,181779,0.00575,31600,0.005751,11600,0.006149,1628,0.006148,6634,0.006147,15011,0.006146,9328,0.006145,17627,0.006144,26739,0.006143,16615,0.006142,52574,0.006141,22225,0.006140,51743,0.006150,22365,0.006151,1626,0.006152,13215,0.006153,14326,0.006154,26055,0.006155,21871,0.006156,21629,0.006157,58710,0.006158,76694,0.006159,21750
gate,bybit,VANRYUSDT,0.005742,0.006149,7.0881,1774049292000,0.005738,61776,0.005737,50154,0.005735,11600,0.005734,61185,0.005733,31600,0.005732,56115,0.005731,36583,0.005729,57909,0.005728,31600,0.005727,35375,0.005742,56158,0.005743,36554,0.005744,36068,0.005745,31600,0.005746,69422,0.005747,34210,0.005748,31600,0.005749,181779,0.00575,31600,0.005751,11600,0.006149,14579,0.006148,6634,0.006147,16970,0.006146,9328,0.006145,21526,0.006144,26739,0.006143,18766,0.006142,52574,0.006141,22225,0.006140,51743,0.006150,23019,0.006151,1626,0.006152,12544,0.006153,14326,0.006154,26055,0.006155,21871,0.006156,23417,0.006157,58710,0.006158,76694,0.006159,21750
gate,bybit,VANRYUSDT,0.005742,0.00615,7.1055,1774049294000,0.005738,50176,0.005737,50154,0.005735,11600,0.005734,61185,0.005733,31600,0.005732,56115,0.005731,56583,0.00573,31600,0.005729,57909,0.005728,31600,0.005742,36158,0.005743,36554,0.005744,36068,0.005745,31600,0.005746,69422,0.005747,34210,0.005748,81011,0.005749,34209,0.00575,80957,0.005751,11600,0.006150,38970,0.006149,1628,0.006148,13072,0.006147,15011,0.006146,9328,0.006145,17627,0.006144,26739,0.006143,16615,0.006142,52574,0.006141,22225,0.006151,9802,0.006152,1638,0.006153,14326,0.006154,26055,0.006155,21871,0.006156,23417,0.006157,58710,0.006158,76694,0.006159,21750,0.006160,21663
gate,bybit,VANRYUSDT,0.005742,0.00615,7.1055,1774049300000,0.00574,25507,0.005738,50176,0.005737,50154,0.005735,31600,0.005734,61185,0.005733,31600,0.005732,56115,0.005731,56583,0.00573,31600,0.005729,57909,0.005743,36554,0.005744,186352,0.005745,56434,0.005746,69422,0.005747,34210,0.005748,81011,0.005749,31600,0.00575,80957,0.005751,11600,0.005752,10000,0.006150,16554,0.006149,1628,0.006148,20002,0.006147,8568,0.006146,9328,0.006145,17627,0.006144,26739,0.006143,16615,0.006142,52574,0.006141,22225,0.006151,11457,0.006152,1626,0.006153,16633,0.006154,26055,0.006155,21871,0.006156,23417,0.006157,58710,0.006158,76694,0.006159,21750,0.006160,21663
gate,bybit,VANRYUSDT,0.005743,0.00615,7.0869,1774049302000,0.005738,52206,0.005737,50154,0.005735,31600,0.005734,61185,0.005733,31600,0.005732,56115,0.005731,56583,0.00573,31600,0.005729,57909,0.005728,31600,0.005742,11600,0.005743,60675,0.005744,161884,0.005745,31600,0.005746,31600,0.005747,34210,0.005748,80709,0.005749,31600,0.00575,80675,0.005751,11600,0.006150,12448,0.006149,1628,0.006148,20002,0.006147,8568,0.006146,9328,0.006145,17627,0.006144,26739,0.006143,16615,0.006142,52574,0.006141,22225,0.006151,11556,0.006152,1626,0.006153,16633,0.006154,26055,0.006155,21871,0.006156,23417,0.006157,58710,0.006158,76694,0.006159,21750,0.006160,21663
gate,bybit,VANRYUSDT,0.005741,0.00615,7.1242,1774049340000,0.005738,52206,0.005737,50154,0.005735,31600,0.005734,61185,0.005733,31600,0.005732,56115,0.005731,56583,0.00573,31600,0.005729,64403,0.005728,31600,0.005742,36066,0.005743,210955,0.005744,159273,0.005745,31600,0.005746,31600,0.005747,31600,0.005748,31600,0.005749,31600,0.00575,31600,0.005751,11600,0.006150,16072,0.006149,1628,0.006148,20002,0.006147,8568,0.006146,43001,0.006145,17627,0.006144,26739,0.006143,16615,0.006142,52574,0.006141,22225,0.006151,11583,0.006152,1626,0.006153,16633,0.006154,26055,0.006155,21871,0.006156,23417,0.006157,58710,0.006158,76694,0.006159,21750,0.006160,21663
gate,bybit,VANRYUSDT,0.005741,0.00615,7.1242,1774049341000,0.005738,36506,0.005736,62236,0.005735,65204,0.005734,11600,0.005733,31600,0.005732,82236,0.005731,56583,0.00573,57253,0.005729,31600,0.005728,59162,0.005741,46506,0.005742,60924,0.005743,164521,0.005744,11600,0.005745,31600,0.005746,31600,0.005747,31600,0.005748,31600,0.005749,82610,0.00575,31600,0.006150,18757,0.006149,1628,0.006148,20002,0.006147,8568,0.006146,43001,0.006145,17627,0.006144,26739,0.006143,12509,0.006142,52574,0.006141,22225,0.006151,9834,0.006152,1626,0.006153,16633,0.006154,26055,0.006155,21871,0.006156,23417,0.006157,58710,0.006158,76694,0.006159,21750,0.006160,21663
gate,bybit,VANRYUSDT,0.005741,0.00615,7.1242,1774049342000,0.005736,62236,0.005735,65204,0.005734,11600,0.005733,31600,0.005732,82236,0.005731,56583,0.00573,57253,0.005729,31600,0.005728,59162,0.005727,11600,0.00574,11600,0.005741,46506,0.005742,183791,0.005743,164521,0.005744,11600,0.005745,31600,0.005746,31600,0.005747,31600,0.005748,82738,0.005749,31600,0.006150,20065,0.006149,1628,0.006148,20002,0.006147,8568,0.006146,43001,0.006145,17627,0.006144,26739,0.006143,12509,0.006142,52574,0.006141,22225,0.006151,9834,0.006152,1626,0.006153,16633,0.006154,26055,0.006155,21871,0.006156,23417,0.006157,58710,0.006158,76694,0.006159,21750,0.006160,21663
gate,bybit,VANRYUSDT,0.005741,0.00615,7.1242,1774049345000,0.005737,11600,0.005736,62236,0.005735,11600,0.005734,11600,0.005733,83519,0.005732,82236,0.005731,31600,0.00573,57253,0.005729,57901,0.005728,59162,0.005741,63352,0.005742,183791,0.005743,164521,0.005744,11600,0.005745,31600,0.005746,31600,0.005747,73097,0.005748,31600,0.005749,83554,0.00575,11600,0.006150,17797,0.006149,1628,0.006148,20002,0.006147,8568,0.006146,43001,0.006145,17627,0.006144,26739,0.006143,12509,0.006142,52574,0.006141,22225,0.006151,9708,0.006152,1626,0.006153,16633,0.006154,26055,0.006155,21871,0.006156,23417,0.006157,58710,0.006158,76694,0.006159,21750,0.006160,21663
gate,bybit,VANRYUSDT,0.005741,0.00615,7.1242,1774049351000,0.005737,48876,0.005736,62236,0.005735,11600,0.005734,63728,0.005733,58072,0.005732,31600,0.005731,60913,0.00573,83094,0.005729,57901,0.005728,11600,0.005741,63352,0.005742,183791,0.005743,164521,0.005744,11600,0.005745,31600,0.005746,31600,0.005747,73097,0.005748,31600,0.005749,83554,0.00575,11600,,,,,,,,,,,,,,,,,,,,,,,,,,,,,,,,,,,,,,,,
gate,bybit,VANRYUSDT,0.005741,0.00615,7.1242,1774049352000,0.005737,37276,0.005736,62236,0.005735,11600,0.005734,63728,0.005733,31600,0.005732,31600,0.005731,60913,0.00573,83094,0.005729,31600,0.005728,11600,0.005741,63352,0.005742,183791,0.005743,164521,0.005744,11600,0.005745,31600,0.005746,31600,0.005747,73097,0.005748,31600,0.005749,83554,0.00575,11600,,,,,,,,,,,,,,,,,,,,,,,,,,,,,,,,,,,,,,,,
gate,bybit,VANRYUSDT,0.00574,0.00615,7.1429,1774049355000,0.005737,37276,0.005736,62236,0.005735,11600,0.005734,63728,0.005733,31600,0.005732,31600,0.005731,60913,0.00573,83094,0.005729,31600,0.005728,11600,0.00574,44803,0.005741,38665,0.005742,159325,0.005743,164521,0.005744,11600,0.005745,31600,0.005746,31600,0.005747,73097,0.005748,31600,0.005749,83554,0.006150,19804,0.006149,1628,0.006148,20002,0.006147,8568,0.006146,43001,0.006145,17627,0.006144,26739,0.006143,12509,0.006142,52574,0.006141,22225,0.006151,8053,0.006152,1626,0.006153,16633,0.006154,26055,0.006155,21871,0.006156,23417,0.006157,58710,0.006158,76694,0.006159,21750,0.006160,21663
gate,bybit,VANRYUSDT,0.005738,0.006148,7.1453,1774049361000,0.005734,57643,0.005733,11600,0.005732,65055,0.005731,40913,0.00573,57253,0.005729,31600,0.005728,63546,0.005726,76424,0.005725,11600,0.005722,20000,0.005738,30760,0.005739,11600,0.00574,65055,0.005741,64820,0.005742,161937,0.005743,161910,0.005744,65055,0.005745,31600,0.005746,85055,0.005747,69137,0.006148,2528,0.006147,1628,0.006146,36201,0.006145,10827,0.006144,26739,0.006143,12509,0.006142,52574,0.006141,18119,0.006140,51743,0.006139,22236,0.006149,14185,0.006151,8053,0.006152,1626,0.006153,16633,0.006154,26055,0.006155,21871,0.006156,23417,0.006157,58710,0.006158,76694,0.006159,21750
gate,bybit,VANRYUSDT,0.005739,0.006148,7.1267,1774049362000,0.005735,47800,0.005734,11600,0.005733,62018,0.005732,65055,0.005731,11600,0.00573,57253,0.005729,59326,0.005728,63546,0.005727,31600,0.005726,49048,0.005738,30760,0.005739,159402,0.00574,11600,0.005741,64957,0.005742,161937,0.005743,14211,0.005744,11600,0.005745,31600,0.005746,85016,0.005747,31600,0.006148,15479,0.006147,1628,0.006146,16475,0.006145,12967,0.006144,22633,0.006143,12509,0.006142,52574,0.006141,18119,0.006140,47637,0.006139,18130,0.006149,8180,0.006150,1627,0.006151,12990,0.006152,17071,0.006153,55581,0.006154,59728,0.006155,21871,0.006156,23417,0.006157,58710,0.006158,76694
gate,bybit,VANRYUSDT,0.005738,0.006148,7.1453,1774049372000,0.005736,11600,0.005735,47800,0.005734,11600,0.005733,62018,0.005732,65055,0.005731,11600,0.00573,57253,0.005729,59326,0.005728,83546,0.005727,31600,0.005738,28309,0.005739,147802,0.00574,11600,0.005741,11600,0.005742,161937,0.005743,34211,0.005744,31600,0.005745,31600,0.005746,59598,0.005747,58980,0.006148,4401,0.006147,5734,0.006146,16454,0.006145,12967,0.006144,22633,0.006143,12509,0.006142,52574,0.006141,18119,0.006140,47637,0.006139,26342,0.006149,15146,0.006150,1627,0.006151,16369,0.006152,17071,0.006153,55581,0.006154,59728,0.006155,21871,0.006156,21629,0.006157,48710,0.006158,76694
gate,bybit,VANRYUSDT,0.005739,0.006148,7.1267,1774049378000,0.005736,55503,0.005735,47800,0.005734,11600,0.005733,62018,0.005732,11600,0.005731,31600,0.00573,85769,0.005729,59326,0.005728,83546,0.005727,31600,0.005739,147802,0.005741,11600,0.005742,161937,0.005743,34211,0.005744,31600,0.005745,31600,0.005746,31600,0.005747,58980,0.005748,37653,0.00575,31189,0.006148,4354,0.006147,5734,0.006146,16454,0.006145,12967,0.006144,22633,0.006143,12509,0.006142,52574,0.006141,18119,0.006140,57637,0.006139,26342,0.006149,15146,0.006150,1627,0.006151,16369,0.006152,17071,0.006153,55581,0.006154,59728,0.006155,21871,0.006156,21629,0.006157,48710,0.006158,76694
gate,bybit,VANRYUSDT,0.005738,0.006149,7.1628,1774049396000,0.005733,68912,0.005732,65769,0.005731,31600,0.00573,57253,0.005729,59326,0.005728,58043,0.005727,59560,0.005726,31600,0.005725,41182,0.005722,20000,0.005738,44289,0.005739,150415,0.00574,159376,0.005741,11600,0.005742,68631,0.005743,66675,0.005744,31600,0.005745,86003,0.005746,31600,0.005747,31600,0.006148,2528,0.006147,1628,0.006146,9761,0.006145,12967,0.006144,22633,0.006143,12509,0.006142,52574,0.006141,28119,0.006140,57637,0.006139,26342,0.006149,16154,0.006150,1627,0.006151,8947,0.006152,20963,0.006153,55581,0.006154,59728,0.006155,21871,0.006156,17523,0.006157,48710,0.006158,76694
gate,bybit,VANRYUSDT,0.005738,0.006148,7.1453,1774049400000,0.005734,34179,0.005733,68912,0.005732,11600,0.005731,31600,0.00573,83127,0.005729,59326,0.005728,58043,0.005727,59560,0.005726,58059,0.005725,41182,0.005738,55889,0.005739,153028,0.00574,159376,0.005741,11600,0.005742,80259,0.005743,31600,0.005744,66350,0.005745,86003,0.005746,31600,0.005747,31600,0.006148,3464,0.006147,1628,0.006146,16397,0.006145,12967,0.006144,22633,0.006143,12509,0.006142,52574,0.006141,28119,0.006140,57637,0.006139,26342,0.006149,15571,0.006150,1627,0.006151,15581,0.006152,12965,0.006153,55581,0.006154,59728,0.006155,21871,0.006156,17523,0.006157,48710,0.006158,76694
gate,bybit,VANRYUSDT,0.005738,0.006148,7.1453,1774049404000,0.005735,11600,0.005734,45779,0.005733,11600,0.005732,11600,0.005731,79017,0.00573,83127,0.005729,31600,0.005728,58043,0.005727,59560,0.005726,31600,0.005738,55396,0.005739,308536,0.00574,11600,0.005741,11600,0.005742,65530,0.005743,31600,0.005744,86103,0.005745,31600,0.005746,86103,0.005747,37448,0.006148,16779,0.006147,5734,0.006146,16386,0.006145,12967,0.006144,22633,0.006143,12509,0.006142,52574,0.006141,28119,0.006140,57637,0.006139,26342,0.006149,8180,0.006150,1627,0.006151,10799,0.006152,12965,0.006153,55581,0.006154,59728,0.006155,29000,0.006156,17523,0.006157,48710,0.006158,76694
gate,bybit,VANRYUSDT,0.005738,0.006148,7.1453,1774049406000,0.005734,45779,0.005732,11600,0.005731,79017,0.00573,57253,0.005729,31600,0.005728,87031,0.005727,59560,0.005726,59071,0.005725,44863,0.005722,20000,0.005738,55396,0.005739,308536,0.005741,11600,0.005742,31600,0.005743,87031,0.005744,57448,0.005745,60233,0.005746,86103,0.005747,11600,0.005772,11600,0.006148,21952,0.006147,5734,0.006146,16386,0.006145,12967,0.006144,22633,0.006143,12509,0.006142,52574,0.006141,28119,0.006140,57637,0.006139,26342,0.006149,8180,0.006150,1627,0.006151,10799,0.006152,12965,0.006153,55581,0.006154,59728,0.006155,29000,0.006156,17523,0.006157,48710,0.006158,76694
gate,bybit,VANRYUSDT,0.005738,0.006149,7.1628,1774049410000,0.005734,45779,0.005732,67185,0.005731,79017,0.00573,57253,0.005729,31600,0.005728,87031,0.005727,59560,0.005726,59071,0.005725,11600,0.005722,20000,0.005738,55396,0.005739,308536,0.005741,11600,0.005742,31600,0.005743,60428,0.005744,31600,0.005745,87310,0.005746,66103,0.005772,11600,0.005773,14900,0.006148,27125,0.006147,5734,0.006146,16386,0.006145,12967,0.006144,22633,0.006143,12509,0.006142,52574,0.006141,28119,0.006140,57637,0.006139,26342,0.006149,8478,0.006150,1627,0.006151,10799,0.006152,12965,0.006153,21870,0.006154,59728,0.006155,29000,0.006156,17523,0.006157,48710,0.006158,76694
gate,bybit,VANRYUSDT,0.005739,0.006151,7.179,1774049411000,0.005735,64621,0.005734,45779,0.005732,67185,0.005731,79017,0.00573,31600,0.005729,31600,0.005728,87031,0.005727,31600,0.005726,31600,0.005725,11600,0.005739,308536,0.005741,11600,0.005742,31600,0.005743,31600,0.005744,31600,0.005745,76908,0.005746,11600,0.005748,69444,0.005751,26421,0.005772,11600,0.006151,24385,0.006150,1627,0.006149,17377,0.006148,15442,0.006147,12848,0.006146,18960,0.006145,12967,0.006144,22633,0.006143,20721,0.006142,52574,0.006152,9806,0.006153,5732,0.006154,28085,0.006155,29000,0.006156,13417,0.006157,48710,0.006158,76694,0.006159,29962,0.006160,21663,0.006161,25856
gate,bybit,VANRYUSDT,0.005739,0.006152,7.1964,1774049415000,0.005737,11600,0.005736,59197,0.005735,64621,0.005734,11600,0.005732,67185,0.005731,79017,0.00573,31600,0.005729,61402,0.005728,58043,0.005727,31600,0.005739,308536,0.005742,11600,0.005743,11600,0.005744,31600,0.005745,31600,0.005746,11600,0.005748,69444,0.005751,57686,0.005772,11600,0.005773,14900,0.006152,26167,0.006151,31678,0.006150,1627,0.006149,21309,0.006148,13748,0.006147,16780,0.006146,52633,0.006145,46678,0.006144,22633,0.006143,20721,0.006154,19118,0.006155,29000,0.006156,13417,0.006157,48710,0.006158,76694,0.006159,29962,0.006160,21663,0.006161,25856,0.006162,64534,0.006163,25921
gate,bybit,VANRYUSDT,0.005743,0.006153,7.1391,1774049418000,0.005742,11600,0.005739,63200,0.005738,69290,0.005737,11600,0.005736,59197,0.005735,31600,0.005734,35466,0.005733,87643,0.005732,58357,0.005731,57579,0.005745,35265,0.005746,11600,0.005748,68729,0.00575,87916,0.005751,69286,0.005753,39071,0.005755,37789,0.005771,20000,0.005772,31600,0.005773,14900,0.006153,12951,0.006152,1626,0.006151,21503,0.006150,16952,0.006149,17940,0.006148,13748,0.006147,12848,0.006146,52633,0.006145,46678,0.006144,22633,0.006154,19153,0.006155,12860,0.006156,15447,0.006157,48710,0.006158,76694,0.006159,21750,0.006160,21663,0.006161,25856,0.006162,64534,0.006163,25921
gate,bybit,VANRYUSDT,0.005747,0.006153,7.0646,1774049422000,0.005744,11600,0.005743,39301,0.005742,47649,0.00574,86459,0.005739,83200,0.005738,59683,0.005737,31600,0.005736,79197,0.005735,31600,0.005734,88943,0.005747,57219,0.005748,70612,0.005749,102602,0.00575,59854,0.005751,38021,0.005753,66674,0.005755,66562,0.005757,11600,0.005766,31600,0.005767,31600,0.006153,21965,0.006152,1626,0.006151,19069,0.006150,16952,0.006149,17940,0.006148,13748,0.006147,22848,0.006146,52633,0.006145,56678,0.006144,22633,0.006154,19153,0.006155,12860,0.006156,15447,0.006157,48710,0.006158,76694,0.006159,21750,0.006160,21663,0.006161,25856,0.006162,64534,0.006163,25921
gate,bybit,VANRYUSDT,0.005748,0.006153,7.0459,1774049423000,0.005745,11600,0.005744,63371,0.005743,11600,0.005742,74784,0.00574,86459,0.005739,83200,0.005738,31600,0.005737,61567,0.005736,31600,0.005735,57299,0.005748,84904,0.005749,103358,0.00575,86957,0.005751,11600,0.005753,66674,0.005755,66562,0.005757,11600,0.005765,31600,0.005766,31600,0.005767,31600,0.006153,23659,0.006152,1626,0.006151,17375,0.006150,16952,0.006149,17940,0.006148,13748,0.006147,22848,0.006146,52633,0.006145,56678,0.006144,22633,0.006154,19153,0.006155,12860,0.006156,15447,0.006157,48710,0.006158,76694,0.006159,21750,0.006160,21663,0.006161,25856,0.006162,64534,0.006163,25921
gate,bybit,VANRYUSDT,0.005748,0.006153,7.0459,1774049428000,0.005746,11600,0.005745,42263,0.005744,37560,0.005743,37652,0.005742,74784,0.005741,41088,0.00574,58407,0.005739,61320,0.005738,58634,0.005737,61320,0.005748,35634,0.005749,223470,0.00575,84902,0.005751,126261,0.005752,31600,0.005753,31600,0.005754,31600,0.005755,38850,0.005756,11600,0.005757,68354,0.006153,14645,0.006152,1626,0.006151,17375,0.006150,16952,0.006149,17940,0.006148,13748,0.006147,22848,0.006146,52633,0.006145,56678,0.006144,22633,0.006154,19416,0.006155,12860,0.006156,15447,0.006157,48710,0.006158,76694,0.006159,21750,0.006160,21663,0.006161,25856,0.006162,64534,0.006163,25921
gate,bybit,VANRYUSDT,0.005749,0.006153,7.0273,1774049431000,0.005747,39861,0.005746,69738,0.005745,11600,0.005744,38558,0.005743,37652,0.005742,94784,0.005741,61088,0.00574,60360,0.005739,89592,0.005738,31600,0.00575,28666,0.005751,142521,0.005752,116112,0.005753,60815,0.005754,31600,0.005755,40718,0.005756,60768,0.005757,58928,0.005758,42406,0.005759,40768,0.006153,26278,0.006152,1626,0.006151,17375,0.006150,16952,0.006149,17940,0.006148,13748,0.006147,22848,0.006146,52633,0.006145,56678,0.006144,22633,0.006154,19416,0.006155,12860,0.006156,15447,0.006157,48710,0.006158,76694,0.006159,21750,0.006160,21663,0.006161,25856,0.006162,64534,0.006163,25921
gate,bybit,VANRYUSDT,0.00575,0.006153,7.0087,1774049433000,0.005747,40967,0.005746,64858,0.005745,39639,0.005744,38558,0.005743,57652,0.005742,94784,0.005741,61088,0.00574,60360,0.005739,31600,0.005738,61026,0.00575,2074,0.005751,142521,0.005752,147606,0.005753,89661,0.005754,31600,0.005755,60786,0.005756,61351,0.005757,61026,0.005758,42406,0.005759,40967,0.006153,26278,0.006152,1626,0.006151,17375,0.006150,16952,0.006149,17940,0.006148,13748,0.006147,22848,0.006146,52633,0.006145,56678,0.006144,22633,0.006154,19435,0.006155,12860,0.006156,15447,0.006157,48710,0.006158,76694,0.006159,21750,0.006160,21663,0.006161,25856,0.006162,64534,0.006163,25921
gate,bybit,VANRYUSDT,0.005749,0.006153,7.0273,1774049460000,0.005746,25893,0.005745,28039,0.005744,38558,0.005743,37652,0.005742,94784,0.005741,61088,0.00574,61251,0.005739,61512,0.005738,61971,0.005737,39423,0.005749,40717,0.00575,40422,0.005751,298256,0.005752,150213,0.005753,207430,0.005758,31858,0.005759,11600,0.00576,38159,0.005772,11600,0.005773,14900,0.006153,30976,0.006152,1626,0.006151,19371,0.006150,16952,0.006149,20542,0.006148,13748,0.006147,20893,0.006146,52633,0.006145,46678,0.006144,22633,0.006154,1979,0.006155,12860,0.006156,15447,0.006157,48710,0.006158,76694,0.006159,21750,0.006160,21663,0.006161,25856,0.006162,64534,0.006163,25921
gate,bybit,VANRYUSDT,0.005749,0.006154,7.0447,1774049461000,0.005747,30267,0.005746,25893,0.005745,39639,0.005744,38558,0.005743,37652,0.005742,58735,0.005741,61088,0.00574,61251,0.005739,61512,0.005738,61971,0.005749,11600,0.00575,40422,0.005751,298256,0.005752,150213,0.005753,207430,0.005758,43647,0.005759,41341,0.00576,38159,0.005772,11600,0.005773,14900,0.006154,43868,0.006153,1657,0.006152,17445,0.006151,12845,0.006150,17852,0.006149,17940,0.006148,22947,0.006147,16954,0.006146,52633,0.006145,46678,0.006155,22876,0.006156,6631,0.006157,41550,0.006158,9310,0.006159,21750,0.006160,21663,0.006161,25856,0.006162,64534,0.006163,16722,0.006164,47159
gate,bybit,VANRYUSDT,0.005749,0.006154,7.0447,1774049463000,0.005742,27135,0.005741,29488,0.00574,29651,0.005739,41512,0.005738,61971,0.005737,43847,0.005736,32285,0.005735,32285,0.005734,31194,0.005731,11600,0.005745,28384,0.005746,61548,0.005747,63885,0.005748,63885,0.005749,43110,0.00575,40422,0.005751,309856,0.005752,150213,0.005753,207430,0.005758,11600,,,,,,,,,,,,,,,,,,,,,,,,,,,,,,,,,,,,,,,,
gate,bybit,VANRYUSDT,0.005746,0.006154,7.1006,1774049464000,0.005743,29235,0.005742,27135,0.005741,41088,0.00574,41251,0.005739,41512,0.005738,61971,0.005737,43847,0.005736,43885,0.005735,43770,0.005732,20000,0.005745,11600,0.005746,31600,0.005747,63916,0.005748,63885,0.005749,43110,0.00575,60422,0.005751,309856,0.005752,150213,0.005753,207430,0.005758,11600,0.006154,27776,0.006153,1657,0.006152,17445,0.006151,12845,0.006150,17852,0.006149,17940,0.006148,22947,0.006147,16954,0.006146,52633,0.006145,46678,0.006155,22876,0.006156,6631,0.006157,41550,0.006158,9310,0.006159,21750,0.006160,21663,0.006161,25856,0.006162,64534,0.006163,16722,0.006164,47159
gate,bybit,VANRYUSDT,0.005747,0.006154,7.082,1774049472000,0.005745,40877,0.005744,30377,0.005743,40835,0.005742,38735,0.005741,41088,0.00574,41251,0.005739,41512,0.005738,61971,0.005737,63847,0.005736,59287,0.005747,144093,0.005748,31600,0.005749,63247,0.00575,66336,0.005751,67274,0.005752,69966,0.005753,43728,0.005754,43788,0.005755,42205,0.005756,27678,0.006154,27776,0.006153,1626,0.006152,17445,0.006151,12845,0.006150,17852,0.006149,17940,0.006148,22947,0.006147,16954,0.006146,52633,0.006145,46678,0.006155,29512,0.006156,6631,0.006157,41550,0.006158,9310,0.006159,21750,0.006160,13451,0.006161,31750,0.006162,64534,0.006163,16722,0.006164,47159
gate,bybit,VANRYUSDT,0.005747,0.006154,7.082,1774049475767,0.005744,30377,0.005743,40835,0.005742,38735,0.005741,41088,0.00574,41251,0.005739,41512,0.005738,61971,0.005737,63847,0.005736,59287,0.005735,11600,0.005747,144093,0.005748,31600,0.005749,31600,0.00575,66336,0.005751,67274,0.005752,69966,0.005753,63728,0.005754,43788,0.005755,42205,0.005756,27678,0.006154,42866,0.006153,1626,0.006152,17445,0.006151,12845,0.006150,17852,0.006149,17940,0.006148,22947,0.006147,16954,0.006146,52633,0.006145,46678,0.006155,29512,0.006156,6631,0.006157,41550,0.006158,9310,0.006159,21750,0.006160,13451,0.006161,31750,0.006162,64534,0.006163,16722,0.006164,47159
gate,bybit,VANRYUSDT,0.005747,0.006154,7.082,1774049476067,0.005744,30377,0.005743,40835,0.005742,38735,0.005741,41088,0.00574,41251,0.005739,41512,0.005738,61971,0.005737,63847,0.005736,59287,0.005735,11600,0.005747,144093,0.005748,31600,0.005749,31600,0.00575,66336,0.005751,67274,0.005752,69966,0.005753,63728,0.005754,43788,0.005755,42205,0.005756,27678,0.006154,42866,0.006153,1626,0.006152,17445,0.006151,12845,0.006150,17852,0.006149,17940,0.006148,22947,0.006147,16954,0.006146,52633,0.006145,46678,0.006155,29512,0.006156,6631,0.006157,41550,0.006158,9310,0.006159,21750,0.006160,13451,0.006161,31750,0.006162,64534,0.006163,16722,0.006164,47159
gate,bybit,VANRYUSDT,0.005747,0.006154,7.082,1774049476367,0.005745,32117,0.005744,30377,0.005743,40835,0.005742,38735,0.005741,41088,0.00574,41251,0.005739,61512,0.005738,61971,0.005737,63847,0.005736,59287,0.005747,144093,0.005748,31600,0.005749,31600,0.00575,34208,0.005751,67274,0.005752,69966,0.005753,63728,0.005754,43788,0.005755,42205,0.005756,27678,0.006154,42866,0.006153,1626,0.006152,17445,0.006151,12845,0.006150,17852,0.006149,17940,0.006148,22947,0.006147,16954,0.006146,52633,0.006145,46678,0.006155,29512,0.006156,6631,0.006157,41550,0.006158,9310,0.006159,21750,0.006160,13451,0.006161,31750,0.006162,64534,0.006163,16722,0.006164,47159
gate,bybit,VANRYUSDT,0.005747,0.006154,7.082,1774049476668,0.005745,32117,0.005744,30377,0.005743,40835,0.005742,38735,0.005741,41088,0.00574,41251,0.005739,61512,0.005738,61971,0.005737,63847,0.005736,59287,0.005747,144093,0.005748,31600,0.005749,31600,0.00575,34208,0.005751,67274,0.005752,69966,0.005753,63728,0.005754,53788,0.005755,42205,0.005756,27678,0.006154,42866,0.006153,1626,0.006152,17445,0.006151,12845,0.006150,17852,0.006149,17940,0.006148,22947,0.006147,16954,0.006146,52633,0.006145,46678,0.006155,29512,0.006156,6631,0.006157,41550,0.006158,9310,0.006159,21750,0.006160,13451,0.006161,31750,0.006162,64534,0.006163,16722,0.006164,47159
gate,bybit,VANRYUSDT,0.005747,0.006153,7.0646,1774049476968,0.005745,32196,0.005744,32134,0.005743,29235,0.005742,38735,0.005741,41088,0.00574,41251,0.005739,61512,0.005738,61971,0.005737,63734,0.005736,60891,0.005747,144093,0.005748,31600,0.005749,31600,0.00575,34208,0.005751,63696,0.005752,69966,0.005753,63728,0.005754,53788,0.005755,42205,0.005756,43796,0.006153,9802,0.006152,1626,0.006151,12845,0.006150,17852,0.006149,17940,0.006148,22947,0.006147,12848,0.006146,52633,0.006145,46678,0.006144,26739,0.006154,8180,0.006155,34849,0.006156,47475,0.006157,41550,0.006158,9310,0.006159,21750,0.006160,17557,0.006161,31750,0.006162,64534,0.006163,16722
gate,bybit,VANRYUSDT,0.005747,0.006153,7.0646,1774049477268,0.005744,32134,0.005743,29235,0.005742,38735,0.005741,41088,0.00574,41251,0.005739,61512,0.005738,61971,0.005737,63734,0.005736,60891,0.005735,39627,0.005747,144093,0.005748,31600,0.005749,63796,0.00575,66404,0.005751,63696,0.005752,69966,0.005753,63728,0.005754,53788,0.005755,42205,0.005756,11600,0.006153,11672,0.006152,1626,0.006151,21513,0.006150,17852,0.006149,17940,0.006148,22947,0.006147,12848,0.006146,52633,0.006145,46678,0.006144,26739,0.006154,11890,0.006155,31138,0.006156,49518,0.006157,39511,0.006158,9310,0.006159,21750,0.006160,17557,0.006161,31750,0.006162,64534,0.006163,25921
gate,bybit,VANRYUSDT,0.005747,0.006153,7.0646,1774049477568,0.005744,32134,0.005743,29235,0.005742,38735,0.005741,41088,0.00574,41251,0.005739,61512,0.005738,61971,0.005737,63734,0.005736,60891,0.005735,39627,0.005747,144093,0.005748,31600,0.005749,63796,0.00575,66404,0.005751,67257,0.005752,69966,0.005753,63728,0.005754,53788,0.005755,42205,0.005756,39962,0.006153,10737,0.006152,1626,0.006151,21513,0.006150,17852,0.006149,17940,0.006148,22947,0.006147,12848,0.006146,52633,0.006145,46678,0.006144,26739,0.006154,8180,0.006155,31138,0.006156,49518,0.006157,39511,0.006158,9310,0.006159,21750,0.006160,17557,0.006161,31750,0.006162,64534,0.006163,25921
gate,bybit,VANRYUSDT,0.005747,0.006153,7.0646,1774049477868,0.005744,32134,0.005743,29235,0.005742,38735,0.005741,41088,0.00574,41251,0.005739,61512,0.005738,61971,0.005737,63734,0.005736,60891,0.005735,39627,0.005747,144093,0.005748,31600,0.005749,63796,0.00575,66404,0.005751,67257,0.005752,69966,0.005753,63728,0.005754,53788,0.005755,42205,0.005756,39962,0.006153,10737,0.006152,1626,0.006151,21513,0.006150,17852,0.006149,17940,0.006148,22947,0.006147,12848,0.006146,52633,0.006145,46678,0.006144,26739,0.006154,8180,0.006155,31138,0.006156,49518,0.006157,39511,0.006158,9310,0.006159,21750,0.006160,17557,0.006161,31750,0.006162,64534,0.006163,25921
gate,bybit,VANRYUSDT,0.005744,0.006151,7.0857,1774049478169,0.005744,32134,0.005743,29235,0.005742,38735,0.005741,41088,0.00574,41251,0.005739,61512,0.005738,61971,0.005737,63734,0.005736,60891,0.005735,11600,0.005747,144093,0.005748,63800,0.005749,63800,0.00575,66404,0.005751,67346,0.005752,69966,0.005753,63728,0.005754,53788,0.005755,42205,0.005756,11600,0.006151,1626,0.006150,2527,0.006149,13330,0.006148,18841,0.006147,12848,0.006146,18960,0.006145,46678,0.006144,22633,0.006143,12509,0.006142,52574,0.006152,22365,0.006154,11247,0.006155,38279,0.006156,83191,0.006157,39511,0.006158,17522,0.006159,21750,0.006160,17557,0.006161,31750,0.006162,64534
gate,bybit,VANRYUSDT,0.005744,0.006151,7.0857,1774049478469,0.005741,29488,0.00574,41251,0.005739,41512,0.005738,41971,0.005737,63734,0.005736,60891,0.005735,43644,0.005734,63644,0.005733,43644,0.005722,20000,0.005744,52044,0.005745,61189,0.005746,42858,0.005747,144093,0.005748,63800,0.005749,63800,0.00575,66404,0.005751,67346,0.005752,69966,0.005753,11600,0.006151,1626,0.006150,2527,0.006149,17410,0.006148,18841,0.006147,12848,0.006146,18960,0.006145,46678,0.006144,22633,0.006143,16615,0.006142,52574,0.006152,22365,0.006153,1626,0.006154,14910,0.006155,38279,0.006156,90353,0.006157,39511,0.006158,17522,0.006159,21750,0.006160,17557,0.006161,31750
gate,bybit,VANRYUSDT,0.005744,0.006151,7.0857,1774049478770,0.005741,29488,0.00574,41251,0.005739,41512,0.005738,41971,0.005737,63734,0.005736,60891,0.005735,63644,0.005734,63644,0.005733,43644,0.005722,20000,0.005744,52044,0.005745,61189,0.005746,62858,0.005747,164093,0.005748,31600,0.005749,63800,0.00575,66404,0.005751,47346,0.005752,49966,0.005753,11600,0.006151,1626,0.006150,2527,0.006149,17410,0.006148,18841,0.006147,12848,0.006146,18960,0.006145,46678,0.006144,22633,0.006143,16615,0.006142,52574,0.006152,26071,0.006153,1626,0.006154,14910,0.006155,38279,0.006156,90353,0.006157,39511,0.006158,17522,0.006159,21750,0.006160,17557,0.006161,31750
gate,bybit,VANRYUSDT,0.005744,0.006151,7.0857,1774049479070,0.005741,29488,0.00574,41251,0.005739,41512,0.005738,41971,0.005737,63734,0.005736,60891,0.005735,63644,0.005734,63644,0.005733,43644,0.005722,20000,0.005744,52044,0.005745,61189,0.005746,62858,0.005747,164093,0.005748,31600,0.005749,63800,0.00575,66404,0.005751,47346,0.005752,49966,0.005753,11600,0.006151,1626,0.006150,2527,0.006149,17410,0.006148,18841,0.006147,12848,0.006146,18960,0.006145,46678,0.006144,22633,0.006143,16615,0.006142,52574,0.006152,26071,0.006153,1626,0.006154,14910,0.006155,38279,0.006156,90353,0.006157,39511,0.006158,17522,0.006159,21750,0.006160,17557,0.006161,31750
gate,bybit,VANRYUSDT,0.005744,0.006151,7.0857,1774049479370,0.005741,29488,0.00574,41251,0.005739,41512,0.005738,41971,0.005737,63734,0.005736,60891,0.005735,63644,0.005734,63644,0.005733,43644,0.005722,20000,0.005744,52044,0.005745,61189,0.005746,62858,0.005747,164093,0.005748,31600,0.005749,63800,0.00575,66404,0.005751,47346,0.005752,49966,0.005753,11600,0.006151,1626,0.006150,2527,0.006149,17410,0.006148,18841,0.006147,12848,0.006146,18960,0.006145,46678,0.006144,22633,0.006143,16615,0.006142,52574,0.006152,26071,0.006153,1626,0.006154,14910,0.006155,38279,0.006156,90353,0.006157,39511,0.006158,17522,0.006159,21750,0.006160,17557,0.006161,31750
gate,bybit,VANRYUSDT,0.005744,0.006151,7.0857,1774049479670,0.005741,29488,0.00574,41251,0.005739,41512,0.005738,41971,0.005737,63734,0.005736,60891,0.005735,63644,0.005734,63644,0.005733,43644,0.005722,20000,0.005744,52044,0.005745,61189,0.005746,62858,0.005747,164093,0.005748,31600,0.005749,63800,0.00575,66404,0.005751,47346,0.005752,49966,0.005753,43290,0.006151,1626,0.006150,2527,0.006149,17410,0.006148,18841,0.006147,12848,0.006146,18960,0.006145,46678,0.006144,22633,0.006143,16615,0.006142,52574,0.006152,26071,0.006153,1626,0.006154,14910,0.006155,38279,0.006156,90353,0.006157,39511,0.006158,17522,0.006159,21750,0.006160,17557,0.006161,31750
gate,bybit,VANRYUSDT,0.005744,0.006151,7.0857,1774049479970,0.005741,29488,0.00574,41251,0.005739,41512,0.005738,41971,0.005737,63734,0.005736,60891,0.005735,63644,0.005734,63644,0.005733,43644,0.005722,20000,0.005744,52044,0.005745,61189,0.005746,62858,0.005747,164093,0.005748,31600,0.005749,63800,0.00575,66404,0.005751,47346,0.005752,49966,0.005753,43290,0.006151,1626,0.006150,2527,0.006149,17410,0.006148,18841,0.006147,12848,0.006146,18960,0.006145,46678,0.006144,22633,0.006143,16615,0.006142,52574,0.006152,26071,0.006153,1626,0.006154,14910,0.006155,38279,0.006156,90353,0.006157,39511,0.006158,17522,0.006159,21750,0.006160,17557,0.006161,31750
gate,bybit,VANRYUSDT,0.005744,0.006151,7.0857,1774049480271,0.005741,29488,0.00574,41251,0.005739,41512,0.005738,41971,0.005737,63734,0.005736,60891,0.005735,63644,0.005734,63644,0.005733,43644,0.005722,20000,0.005744,52044,0.005745,61189,0.005746,62858,0.005747,164093,0.005748,31600,0.005749,63800,0.00575,66404,0.005751,47346,0.005752,49966,0.005753,43290,0.006151,1626,0.006150,2527,0.006149,17410,0.006148,18841,0.006147,12848,0.006146,52633,0.006145,46678,0.006144,22633,0.006143,16615,0.006142,52574,0.006152,26064,0.006153,1626,0.006154,14910,0.006155,38279,0.006156,90353,0.006157,39511,0.006158,17522,0.006159,21750,0.006160,17557,0.006161,31750
gate,bybit,VANRYUSDT,0.005744,0.006151,7.0857,1774049480571,0.005741,29488,0.00574,41251,0.005739,41512,0.005738,41971,0.005737,63734,0.005736,60891,0.005735,63644,0.005734,63644,0.005733,43644,0.005722,20000,0.005744,52044,0.005745,61189,0.005746,62858,0.005747,164093,0.005748,31600,0.005749,63800,0.00575,66404,0.005751,47346,0.005752,49966,0.005753,43290,0.006151,1626,0.006150,2527,0.006149,17410,0.006148,18841,0.006147,12848,0.006146,52633,0.006145,46678,0.006144,22633,0.006143,16615,0.006142,52574,0.006152,26064,0.006153,1626,0.006154,14910,0.006155,38279,0.006156,90353,0.006157,39511,0.006158,17522,0.006159,21750,0.006160,17557,0.006161,31750
gate,bybit,VANRYUSDT,0.005744,0.006151,7.0857,1774049480871,0.005741,29488,0.00574,41251,0.005739,41512,0.005738,41971,0.005737,63734,0.005736,60891,0.005735,63644,0.005734,63644,0.005733,43644,0.005722,20000,0.005744,52044,0.005745,63799,0.005746,62858,0.005747,164093,0.005748,31600,0.005749,63800,0.00575,66404,0.005751,47346,0.005752,47359,0.005753,43290,0.006151,1626,0.006150,2527,0.006149,17410,0.006148,18841,0.006147,12848,0.006146,52633,0.006145,46678,0.006144,22633,0.006143,16615,0.006142,52574,0.006152,26064,0.006153,1626,0.006154,14910,0.006155,38279,0.006156,90353,0.006157,39511,0.006158,17522,0.006159,21750,0.006160,17557,0.006161,31750
gate,bybit,VANRYUSDT,0.005744,0.006151,7.0857,1774049481172,0.005741,29488,0.00574,41251,0.005739,41512,0.005738,41971,0.005737,63734,0.005736,60891,0.005735,63644,0.005734,63644,0.005733,43644,0.005722,20000,0.005744,52044,0.005745,63799,0.005746,62858,0.005747,164093,0.005748,31600,0.005749,63800,0.00575,66404,0.005751,47346,0.005752,47359,0.005753,43290,0.006151,1626,0.006150,2527,0.006149,17410,0.006148,18841,0.006147,12848,0.006146,52633,0.006145,46678,0.006144,22633,0.006143,16615,0.006142,52574,0.006152,26064,0.006153,1626,0.006154,14910,0.006155,38279,0.006156,90353,0.006157,39511,0.006158,17522,0.006159,21750,0.006160,17557,0.006161,31750
gate,bybit,VANRYUSDT,0.005744,0.006151,7.0857,1774049481474,0.005741,29488,0.00574,41251,0.005739,41512,0.005738,41971,0.005737,63734,0.005736,60891,0.005735,63644,0.005734,63644,0.005733,43644,0.005722,20000,0.005744,52044,0.005745,63799,0.005746,62858,0.005747,164093,0.005748,31600,0.005749,63800,0.00575,66404,0.005751,47346,0.005752,47359,0.005753,43290,0.006151,1626,0.006150,2527,0.006149,17410,0.006148,18841,0.006147,12848,0.006146,52633,0.006145,46678,0.006144,22633,0.006143,16615,0.006142,52574,0.006152,26064,0.006153,1626,0.006154,14910,0.006155,38279,0.006156,90353,0.006157,39511,0.006158,17522,0.006159,21750,0.006160,17557,0.006161,31750
gate,bybit,VANRYUSDT,0.005744,0.006151,7.0857,1774049481774,0.005741,29488,0.00574,41251,0.005739,41512,0.005738,41971,0.005737,63734,0.005736,60891,0.005735,63644,0.005734,63644,0.005733,43644,0.005722,20000,0.005744,52044,0.005745,63799,0.005746,62858,0.005747,164093,0.005748,31600,0.005749,63800,0.00575,66404,0.005751,47346,0.005752,47359,0.005753,43290,0.006151,1626,0.006150,2527,0.006149,17410,0.006148,18841,0.006147,12848,0.006146,52633,0.006145,46678,0.006144,22633,0.006143,16615,0.006142,52574,0.006152,26064,0.006153,1626,0.006154,14910,0.006155,38279,0.006156,90353,0.006157,39511,0.006158,17522,0.006159,21750,0.006160,17557,0.006161,31750
gate,bybit,VANRYUSDT,0.005744,0.006151,7.0857,1774049482074,0.005741,29488,0.00574,41251,0.005739,41512,0.005738,41971,0.005737,63734,0.005736,60891,0.005735,63644,0.005734,63644,0.005733,43644,0.005722,20000,0.005744,52044,0.005745,63799,0.005746,62858,0.005747,164093,0.005748,31600,0.005749,63800,0.00575,66404,0.005751,47346,0.005752,47359,0.005753,43290,0.006151,1626,0.006150,2527,0.006149,17410,0.006148,18841,0.006147,12848,0.006146,52633,0.006145,46678,0.006144,22633,0.006143,16615,0.006142,52574,0.006152,26064,0.006153,1626,0.006154,14910,0.006155,38279,0.006156,90353,0.006157,39511,0.006158,17522,0.006159,21750,0.006160,17557,0.006161,31750
gate,bybit,VANRYUSDT,0.005744,0.006151,7.0857,1774049482397,0.005741,29488,0.00574,41251,0.005739,41512,0.005738,41971,0.005737,63734,0.005736,60891,0.005735,63644,0.005734,63644,0.005733,43644,0.005722,20000,0.005744,52044,0.005745,63799,0.005746,62858,0.005747,164093,0.005748,31600,0.005749,63800,0.00575,66404,0.005751,47346,0.005752,47359,0.005753,43290,0.006151,1626,0.006150,2527,0.006149,17410,0.006148,18841,0.006147,12848,0.006146,52633,0.006145,46678,0.006144,22633,0.006143,16615,0.006142,52574,0.006152,26064,0.006153,1626,0.006154,14910,0.006155,38279,0.006156,90353,0.006157,39511,0.006158,17522,0.006159,21750,0.006160,17557,0.006161,31750
gate,bybit,VANRYUSDT,0.005744,0.006151,7.0857,1774049482716,0.005741,29488,0.00574,41251,0.005739,41512,0.005738,41971,0.005737,63734,0.005736,60891,0.005735,63644,0.005734,63644,0.005733,43644,0.005722,20000,0.005744,52044,0.005745,63799,0.005746,62858,0.005747,164093,0.005748,31600,0.005749,63800,0.00575,66404,0.005751,47346,0.005752,47359,0.005753,43290,0.006151,1626,0.006150,2527,0.006149,1627,0.006148,23430,0.006147,12848,0.006146,52633,0.006145,12967,0.006144,22633,0.006143,12509,0.006142,52574,0.006152,26064,0.006153,1626,0.006154,14910,0.006155,38279,0.006156,90353,0.006157,39511,0.006158,17522,0.006159,21750,0.006160,17557,0.006161,31750
gate,bybit,VANRYUSDT,0.005745,0.006151,7.067,1774049483028,0.005742,29609,0.005741,29488,0.00574,29651,0.005739,41512,0.005738,41971,0.005737,63734,0.005736,60891,0.005735,63644,0.005734,63644,0.005733,11600,0.005744,52044,0.005745,63799,0.005746,62858,0.005747,164093,0.005748,31600,0.005749,31600,0.00575,66404,0.005751,47346,0.005752,47359,0.005753,43290,0.006151,1626,0.006150,2527,0.006149,5733,0.006148,25484,0.006147,12848,0.006146,52633,0.006145,12967,0.006144,22633,0.006143,12509,0.006142,52574,0.006152,26064,0.006153,1626,0.006154,14910,0.006155,38279,0.006156,90353,0.006157,39511,0.006158,17522,0.006159,21750,0.006160,17557,0.006161,31750
gate,bybit,VANRYUSDT,0.005745,0.006151,7.067,1774049483339,0.005742,29609,0.005741,29488,0.00574,41251,0.005739,41512,0.005738,41971,0.005737,63734,0.005736,60891,0.005735,63644,0.005734,63644,0.005733,11600,0.005745,63799,0.005746,62858,0.005747,164093,0.005748,63485,0.005749,63485,0.00575,66404,0.005751,47346,0.005752,47359,0.005753,43290,0.005755,11600,0.006151,1626,0.006150,2527,0.006149,7774,0.006148,25484,0.006147,12848,0.006146,52633,0.006145,12967,0.006144,22633,0.006143,16615,0.006142,52574,0.006152,26064,0.006153,1626,0.006154,14910,0.006155,38279,0.006156,90353,0.006157,39511,0.006158,17522,0.006159,21750,0.006160,17557,0.006161,31750
gate,bybit,VANRYUSDT,0.005745,0.006151,7.067,1774049483653,0.005742,29609,0.005741,29488,0.00574,41251,0.005739,41512,0.005738,41971,0.005737,63734,0.005736,60891,0.005735,63644,0.005734,63644,0.005733,11600,0.005745,63799,0.005746,62858,0.005747,164093,0.005748,63485,0.005749,63485,0.00575,66404,0.005751,47346,0.005752,47359,0.005753,43290,0.005755,11600,0.006151,1626,0.006150,2527,0.006149,14412,0.006148,25484,0.006147,12848,0.006146,52633,0.006145,12967,0.006144,22633,0.006143,16615,0.006142,52574,0.006152,26064,0.006153,1626,0.006154,14910,0.006155,38279,0.006156,90353,0.006157,39511,0.006158,17522,0.006159,21750,0.006160,17557,0.006161,31750
gate,bybit,VANRYUSDT,0.005745,0.006151,7.067,1774049483967,0.005742,29609,0.005741,29488,0.00574,41251,0.005739,41512,0.005738,41971,0.005737,63734,0.005736,60891,0.005735,63644,0.005734,63644,0.005733,11600,0.005745,63799,0.005746,62858,0.005747,164093,0.005748,63485,0.005749,63485,0.00575,66404,0.005751,47346,0.005752,47359,0.005753,43290,0.005755,11600,0.006151,1626,0.006150,2527,0.006149,21551,0.006148,23440,0.006147,12848,0.006146,52633,0.006145,12967,0.006144,22633,0.006143,16615,0.006142,52574,0.006152,26064,0.006153,1626,0.006154,14910,0.006155,38279,0.006156,90353,0.006157,39511,0.006158,17522,0.006159,21750,0.006160,17557,0.006161,31750
gate,bybit,VANRYUSDT,0.005744,0.006151,7.0857,1774049484276,0.005742,29609,0.005741,29488,0.00574,41251,0.005739,41512,0.005738,41971,0.005737,63734,0.005736,60891,0.005735,63644,0.005734,63644,0.005733,39270,0.005744,28560,0.005745,63799,0.005746,62858,0.005747,164093,0.005748,63485,0.005749,63485,0.00575,66404,0.005751,47346,0.005752,47359,0.005753,43290,0.006151,1626,0.006150,2527,0.006149,21551,0.006148,18851,0.006147,12848,0.006146,52633,0.006145,12967,0.006144,22633,0.006143,16615,0.006142,52574,0.006152,26064,0.006153,1626,0.006154,14910,0.006155,38279,0.006156,90353,0.006157,39511,0.006158,17522,0.006159,21750,0.006160,17557,0.006161,31750
gate,bybit,VANRYUSDT,0.005744,0.006151,7.0857,1774049484592,0.005742,29609,0.005741,29488,0.00574,41251,0.005739,41512,0.005738,41971,0.005737,63734,0.005736,60891,0.005735,63644,0.005734,63644,0.005733,39270,0.005744,40160,0.005745,63799,0.005746,62858,0.005747,164093,0.005748,31600,0.005749,31600,0.00575,66404,0.005751,47346,0.005752,47359,0.005753,43290,0.006151,1626,0.006150,2527,0.006149,21551,0.006148,18851,0.006147,12848,0.006146,52633,0.006145,12967,0.006144,22633,0.006143,16615,0.006142,52574,0.006152,33357,0.006153,1626,0.006154,14910,0.006155,31674,0.006156,90353,0.006157,39511,0.006158,17522,0.006159,21750,0.006160,17557,0.006161,31750
gate,bybit,VANRYUSDT,0.005745,0.006151,7.067,1774049484900,0.005743,41826,0.005742,43426,0.005741,43426,0.00574,41251,0.005739,41512,0.005738,41971,0.005737,43734,0.005736,60891,0.005735,63402,0.005734,31600,0.005745,2610,0.005746,27904,0.005747,164093,0.005748,31600,0.005749,63402,0.00575,66010,0.005751,46948,0.005752,47033,0.005753,43426,0.005754,43426,0.006151,1626,0.006150,2527,0.006149,21551,0.006148,18851,0.006147,12848,0.006146,52633,0.006145,12967,0.006144,22633,0.006143,16615,0.006142,52574,0.006152,33357,0.006153,1626,0.006154,14910,0.006155,31674,0.006156,90353,0.006157,39511,0.006158,17522,0.006159,21750,0.006160,17557,0.006161,31750
gate,bybit,VANRYUSDT,0.005747,0.006151,7.0298,1774049485213,0.005744,43896,0.005743,41826,0.005742,43426,0.005741,43426,0.00574,41251,0.005739,41512,0.005738,41971,0.005737,43734,0.005736,60891,0.005735,31600,0.005746,27904,0.005747,152493,0.005748,31600,0.005749,63824,0.00575,66010,0.005751,46948,0.005752,47033,0.005753,43426,0.005754,43426,0.005755,31826,0.006151,1626,0.006150,2527,0.006149,21551,0.006148,18851,0.006147,12848,0.006146,52633,0.006145,12967,0.006144,22633,0.006143,16615,0.006142,52574,0.006152,33357,0.006153,1626,0.006154,14910,0.006155,31674,0.006156,90353,0.006157,39511,0.006158,17522,0.006159,21750,0.006160,17557,0.006161,31750
gate,bybit,VANRYUSDT,0.005747,0.006151,7.0298,1774049485526,0.005745,11600,0.005744,43896,0.005743,41826,0.005742,43426,0.005741,43426,0.00574,41251,0.005739,41512,0.005738,41971,0.005737,63734,0.005736,60891,0.005747,132493,0.005748,51754,0.005749,210760,0.00575,66010,0.005751,46948,0.005752,47033,0.005753,43426,0.005754,63426,0.005755,31826,0.005759,11600,0.006151,1626,0.006150,2527,0.006149,21551,0.006148,18851,0.006147,12848,0.006146,52633,0.006145,12967,0.006144,22633,0.006143,16615,0.006142,52574,0.006152,33357,0.006153,1626,0.006154,14910,0.006155,31674,0.006156,90353,0.006157,39511,0.006158,17522,0.006159,21750,0.006160,17557,0.006161,31750
gate,bybit,VANRYUSDT,0.005747,0.006154,7.082,1774049485834,0.005745,11600,0.005744,43896,0.005743,41826,0.005742,43426,0.005741,43426,0.00574,41251,0.005739,41512,0.005738,41971,0.005737,63734,0.005736,60891,0.005747,132493,0.005748,51754,0.005749,178536,0.00575,34208,0.005751,15146,0.005752,46943,0.005753,43312,0.005754,63426,0.005755,31826,0.005759,11600,0.006151,1626,0.006150,2527,0.006149,21551,0.006148,18851,0.006147,12848,0.006146,52633,0.006145,12967,0.006144,22633,0.006143,16615,0.006142,52574,0.006152,33357,0.006153,1626,0.006154,14910,0.006155,31674,0.006156,90353,0.006157,39511,0.006158,17522,0.006159,21750,0.006160,17557,0.006161,31750
gate,bybit,VANRYUSDT,0.005747,0.006154,7.082,1774049486148,0.005745,11600,0.005744,43896,0.005743,41826,0.005742,43426,0.005741,43426,0.00574,41251,0.005739,41512,0.005738,41971,0.005737,63734,0.005736,60891,0.005747,132493,0.005748,51754,0.005749,178536,0.00575,34208,0.005751,15146,0.005752,46943,0.005753,43312,0.005754,63426,0.005755,31826,0.005759,11600,0.006151,1626,0.006150,2527,0.006149,10324,0.006148,22934,0.006147,12848,0.006146,52633,0.006145,12967,0.006144,22633,0.006143,12509,0.006142,52574,0.006152,33357,0.006153,1626,0.006154,14910,0.006155,31674,0.006156,90353,0.006157,39511,0.006158,17522,0.006159,21750,0.006160,17557,0.006161,31750
gate,bybit,VANRYUSDT,0.005747,0.006154,7.082,1774049486454,0.005746,41514,0.005745,43325,0.005744,43896,0.005743,41826,0.005742,43426,0.005741,43426,0.00574,41251,0.005739,41512,0.005738,41971,0.005737,31600,0.005747,132493,0.005749,178536,0.00575,34208,0.005751,15146,0.005752,15231,0.005753,43325,0.005754,63426,0.005755,43426,0.005756,31725,0.005757,26971,0.006151,1626,0.006150,2527,0.006149,7774,0.006148,25484,0.006147,12848,0.006146,52633,0.006145,12967,0.006144,22633,0.006143,12509,0.006142,52574,0.006152,33357,0.006153,1626,0.006154,14910,0.006155,31674,0.006156,90353,0.006157,39511,0.006158,17522,0.006159,21750,0.006160,17557,0.006161,31750
gate,bybit,VANRYUSDT,0.005747,0.006154,7.082,1774049486760,0.005746,41514,0.005745,43325,0.005744,43896,0.005743,41826,0.005742,43426,0.005741,43426,0.00574,41251,0.005739,41512,0.005738,41971,0.005737,31600,0.005747,132493,0.005749,178536,0.00575,34208,0.005751,15146,0.005752,15231,0.005753,43325,0.005754,63426,0.005755,43426,0.005756,31725,0.005757,26971,0.006151,28140,0.006150,2179,0.006149,21551,0.006148,13778,0.006147,46521,0.006146,18960,0.006145,46678,0.006144,22633,0.006143,16615,0.006142,52574,0.006152,6929,0.006153,1626,0.006154,10804,0.006155,31674,0.006156,22969,0.006157,39511,0.006158,17522,0.006159,21750,0.006160,17557,0.006161,31750
gate,bybit,VANRYUSDT,0.005747,0.006154,7.082,1774049487061,0.005746,41514,0.005745,43325,0.005744,43896,0.005743,41826,0.005742,43426,0.005741,43426,0.00574,41251,0.005739,41512,0.005738,61971,0.005737,31600,0.005747,132493,0.005749,178536,0.00575,34208,0.005751,15146,0.005752,15231,0.005753,63325,0.005754,63426,0.005755,43426,0.005756,43325,0.005757,26971,0.006154,24518,0.006153,1626,0.006152,29784,0.006151,12876,0.006150,26734,0.006149,12877,0.006148,22977,0.006147,46521,0.006146,18960,0.006145,46678,0.006155,24533,0.006156,6631,0.006157,41549,0.006158,9310,0.006159,21750,0.006160,13451,0.006161,21750,0.006162,64534,0.006163,16722,0.006164,47159
gate,bybit,VANRYUSDT,0.005747,0.006154,7.082,1774049487364,0.005746,41514,0.005745,43325,0.005744,43896,0.005743,41826,0.005742,43426,0.005741,43426,0.00574,41251,0.005739,41512,0.005738,61971,0.005737,31600,0.005747,132493,0.005749,178536,0.00575,34208,0.005751,15146,0.005752,42660,0.005753,63325,0.005754,63426,0.005755,43426,0.005756,43325,0.005757,26971,0.006154,24518,0.006153,1626,0.006152,29784,0.006151,12876,0.006150,26734,0.006149,12877,0.006148,22977,0.006147,46521,0.006146,18960,0.006145,46678,0.006155,24633,0.006156,6631,0.006157,41549,0.006158,9310,0.006159,21750,0.006160,13451,0.006161,21750,0.006162,64534,0.006163,16722,0.006164,47159
gate,bybit,VANRYUSDT,0.005747,0.006154,7.082,1774049487664,0.005746,41514,0.005745,43325,0.005744,43896,0.005743,41826,0.005742,43426,0.005741,43426,0.00574,41251,0.005739,41512,0.005738,61971,0.005737,31600,0.005747,132493,0.005749,178536,0.00575,34208,0.005751,15146,0.005752,42660,0.005753,63325,0.005754,63426,0.005755,43426,0.005756,43325,0.005757,26971,0.006154,24518,0.006153,1626,0.006152,29784,0.006151,12876,0.006150,26734,0.006149,12877,0.006148,22977,0.006147,46521,0.006146,18960,0.006145,46678,0.006155,24533,0.006156,6631,0.006157,41549,0.006158,9310,0.006159,21750,0.006160,13451,0.006161,21750,0.006162,64534,0.006163,16722,0.006164,47159
gate,bybit,VANRYUSDT,0.005747,0.006154,7.082,1774049487964,0.005746,41514,0.005745,43325,0.005744,43896,0.005743,41826,0.005742,43426,0.005741,43426,0.00574,41251,0.005739,41512,0.005738,61971,0.005737,31600,0.005747,132493,0.005749,178536,0.00575,34208,0.005751,15146,0.005752,42660,0.005753,63325,0.005754,63426,0.005755,43426,0.005756,43325,0.005757,26971,0.006154,24518,0.006153,1626,0.006152,29784,0.006151,12876,0.006150,26734,0.006149,12877,0.006148,22977,0.006147,46521,0.006146,18960,0.006145,46678,0.006155,24633,0.006156,6631,0.006157,41549,0.006158,9310,0.006159,21750,0.006160,13451,0.006161,21750,0.006162,64534,0.006163,16722,0.006164,47159
gate,bybit,VANRYUSDT,0.005747,0.006154,7.082,1774049488264,0.005746,41514,0.005745,43325,0.005744,43896,0.005743,41826,0.005742,43426,0.005741,43426,0.00574,61251,0.005739,61512,0.005738,61971,0.005737,31600,0.005747,132493,0.005749,178536,0.00575,34208,0.005751,15146,0.005752,62660,0.005753,31600,0.005754,63426,0.005755,43426,0.005756,43325,0.005757,26971,0.006154,24518,0.006153,1626,0.006152,29784,0.006151,12876,0.006150,26734,0.006149,12877,0.006148,22977,0.006147,46521,0.006146,18960,0.006145,46678,0.006155,24633,0.006156,6631,0.006157,41549,0.006158,9310,0.006159,21750,0.006160,13451,0.006161,21750,0.006162,64534,0.006163,16722,0.006164,47159
gate,bybit,VANRYUSDT,0.005747,0.006154,7.082,1774049488564,0.005746,41514,0.005745,43325,0.005744,43896,0.005743,41826,0.005742,43426,0.005741,63426,0.00574,61251,0.005739,61512,0.005738,61971,0.005737,31600,0.005747,132493,0.005749,178536,0.00575,34208,0.005751,35146,0.005752,35231,0.005753,31600,0.005754,63426,0.005755,43426,0.005756,43325,0.005757,26971,0.006154,24518,0.006153,1626,0.006152,17442,0.006151,12876,0.006150,26734,0.006149,12877,0.006148,22977,0.006147,46521,0.006146,18960,0.006145,46678,0.006155,24633,0.006156,6631,0.006157,41549,0.006158,9310,0.006159,21750,0.006160,13451,0.006161,21750,0.006162,64534,0.006163,16722,0.006164,47159
gate,bybit,VANRYUSDT,0.005747,0.006154,7.082,1774049488864,0.005746,41514,0.005745,43325,0.005744,43896,0.005743,41826,0.005742,43426,0.005741,63426,0.00574,61251,0.005739,61512,0.005738,61971,0.005737,31600,0.005747,132493,0.005749,178536,0.00575,34208,0.005751,35146,0.005752,35231,0.005753,31600,0.005754,63426,0.005755,43426,0.005756,43325,0.005757,26971,0.006154,24518,0.006153,1626,0.006152,17442,0.006151,12876,0.006150,26734,0.006149,12877,0.006148,22977,0.006147,46521,0.006146,18960,0.006145,46678,0.006155,24633,0.006156,6631,0.006157,41549,0.006158,9310,0.006159,21750,0.006160,13451,0.006161,21750,0.006162,64534,0.006163,16722,0.006164,47159
gate,bybit,VANRYUSDT,0.005747,0.006154,7.082,1774049489164,0.005746,41514,0.005745,43325,0.005744,43896,0.005743,41826,0.005742,43426,0.005741,63426,0.00574,61251,0.005739,61512,0.005738,61971,0.005737,31600,0.005747,132493,0.005749,178536,0.00575,34208,0.005751,35146,0.005752,35231,0.005753,63250,0.005754,63426,0.005755,43426,0.005756,43325,0.005757,26971,0.006154,24518,0.006153,1626,0.006152,17442,0.006151,12876,0.006150,26734,0.006149,12877,0.006148,22977,0.006147,46521,0.006146,18960,0.006145,46678,0.006155,24633,0.006156,6631,0.006157,41549,0.006158,9310,0.006159,21750,0.006160,13451,0.006161,21750,0.006162,64534,0.006163,16722,0.006164,47159
gate,bybit,VANRYUSDT,0.005747,0.006154,7.082,1774049489468,0.005746,41514,0.005745,43325,0.005744,43896,0.005743,41826,0.005742,43426,0.005741,63426,0.00574,61251,0.005739,61512,0.005738,61971,0.005737,31600,0.005747,132493,0.005749,178536,0.00575,34208,0.005751,35146,0.005752,35231,0.005753,63250,0.005754,63426,0.005755,43426,0.005756,43325,0.005757,26971,0.006154,24518,0.006153,1626,0.006152,17442,0.006151,12876,0.006150,26734,0.006149,12877,0.006148,22977,0.006147,46521,0.006146,18960,0.006145,46678,0.006155,24633,0.006156,6631,0.006157,41549,0.006158,9310,0.006159,21750,0.006160,13451,0.006161,21750,0.006162,64534,0.006163,16722,0.006164,47159
gate,bybit,VANRYUSDT,0.005747,0.006154,7.082,1774049489770,0.005746,41514,0.005745,43325,0.005744,43896,0.005743,41826,0.005742,43426,0.005741,63426,0.00574,61251,0.005739,61512,0.005738,61971,0.005737,31600,0.005747,132493,0.005749,178536,0.00575,34208,0.005751,35146,0.005752,35231,0.005753,63250,0.005754,63426,0.005755,43426,0.005756,43325,0.005757,26971,0.006154,24518,0.006153,1626,0.006152,17442,0.006151,12876,0.006150,26734,0.006149,12877,0.006148,22977,0.006147,46521,0.006146,18960,0.006145,46678,0.006155,24633,0.006156,6631,0.006157,41549,0.006158,9310,0.006159,21750,0.006160,13451,0.006161,21750,0.006162,64534,0.006163,16722,0.006164,47159
gate,bybit,VANRYUSDT,0.005752,0.006157,7.041,1774049490083,0.005751,11600,0.00575,11600,0.005749,43055,0.005748,43752,0.005747,43055,0.005746,41514,0.005745,43325,0.005744,43896,0.005743,41826,0.005742,43426,0.005752,32233,0.005753,31455,0.005754,51826,0.005755,43426,0.005756,43325,0.005757,38571,0.005758,43055,0.005759,41770,0.00576,26697,0.005772,11600,0.006157,15218,0.006156,7038,0.006155,31311,0.006154,8768,0.006153,6219,0.006152,22951,0.006151,12876,0.006150,26734,0.006149,12877,0.006148,22977,0.006158,27414,0.006159,5730,0.006160,15489,0.006161,21750,0.006162,56322,0.006163,16722,0.006164,47159,0.006165,17639,0.006166,78137,0.006167,17547
gate,bybit,VANRYUSDT,0.005752,0.006157,7.041,1774049490398,0.005751,38864,0.00575,42634,0.005749,43055,0.005748,43752,0.005747,43055,0.005746,41514,0.005745,43325,0.005744,43896,0.005743,41826,0.005742,11600,0.005752,3631,0.005754,31826,0.005755,43426,0.005756,43325,0.005757,38571,0.005758,43055,0.005759,41770,0.00576,38297,0.005761,62634,0.005762,31034,0.006157,15218,0.006156,7038,0.006155,33349,0.006154,8768,0.006153,8768,0.006152,22951,0.006151,12876,0.006150,26734,0.006149,16983,0.006148,22977,0.006158,27414,0.006159,5730,0.006160,15489,0.006161,21750,0.006162,56322,0.006163,16722,0.006164,47159,0.006165,17639,0.006166,78137,0.006167,17547
gate,bybit,VANRYUSDT,0.005752,0.006157,7.041,1774049490714,0.005751,38864,0.00575,42634,0.005749,43055,0.005748,43752,0.005747,43055,0.005746,41514,0.005745,43325,0.005744,43896,0.005743,41826,0.005742,11600,0.005752,3631,0.005754,31826,0.005755,43426,0.005756,43325,0.005757,38571,0.005758,43055,0.005759,41770,0.00576,38297,0.005761,62634,0.005762,31034,0.006157,15218,0.006156,1626,0.006155,25136,0.006154,8768,0.006153,8768,0.006152,18869,0.006151,12876,0.006150,26734,0.006149,16983,0.006148,22977,0.006158,27414,0.006159,5730,0.006160,15489,0.006161,21750,0.006162,56322,0.006163,16722,0.006164,47159,0.006165,17639,0.006166,78137,0.006167,17547
gate,bybit,VANRYUSDT,0.005754,0.006157,7.0038,1774049491023,0.005752,27594,0.005751,38864,0.00575,42634,0.005749,43055,0.005748,43752,0.005747,43055,0.005746,41514,0.005745,43325,0.005744,43896,0.005743,41826,0.005754,31826,0.005755,43426,0.005756,43325,0.005757,38571,0.005758,43055,0.005759,41770,0.00576,38297,0.005761,62634,0.005762,31034,0.005772,11600,0.006157,15218,0.006156,1626,0.006155,25136,0.006154,8768,0.006153,8768,0.006152,18869,0.006151,12876,0.006150,26734,0.006149,16983,0.006148,22977,0.006158,27414,0.006159,5730,0.006160,15489,0.006161,21750,0.006162,56322,0.006163,16722,0.006164,47159,0.006165,17639,0.006166,78137,0.006167,17547
gate,bybit,VANRYUSDT,0.005753,0.006158,7.0398,1774049491330,0.005753,31093,0.005752,27594,0.005751,50464,0.00575,42634,0.005749,43055,0.005748,43752,0.005747,43055,0.005746,42615,0.005745,11600,0.005744,11600,0.005756,7576,0.005757,38511,0.005758,43055,0.005759,45794,0.00576,38297,0.005761,62634,0.005762,42634,0.005763,42787,0.005764,62787,0.005772,11600,0.006157,15218,0.006156,1626,0.006155,25136,0.006154,8768,0.006153,8768,0.006152,18869,0.006151,12876,0.006150,26734,0.006149,26983,0.006148,22977,0.006158,27414,0.006159,5730,0.006160,15489,0.006161,21750,0.006162,56322,0.006163,16722,0.006164,47159,0.006165,17639,0.006166,78137,0.006167,17547
gate,bybit,VANRYUSDT,0.005753,0.006158,7.0398,1774049491641,0.005749,31093,0.005748,31093,0.005747,31455,0.005746,31015,0.005745,41765,0.005744,40464,0.005743,42693,0.005742,42693,0.005741,42693,0.00574,31600,0.005753,42693,0.005754,58586,0.005755,62693,0.005756,58669,0.005757,38511,0.005758,43055,0.005759,45794,0.00576,38297,0.005761,62634,0.005762,11600,0.006157,15218,0.006156,1626,0.006155,25136,0.006154,8768,0.006153,8768,0.006152,18869,0.006151,12876,0.006150,26734,0.006149,26983,0.006148,22977,0.006158,27414,0.006159,5730,0.006160,15489,0.006161,21750,0.006162,56322,0.006163,16722,0.006164,47159,0.006165,17639,0.006166,78137,0.006167,17547
gate,bybit,VANRYUSDT,0.005753,0.006158,7.0398,1774049491953,0.005749,31093,0.005748,42693,0.005747,31455,0.005746,42615,0.005745,41765,0.005744,40464,0.005743,42693,0.005742,42693,0.005741,42693,0.00574,31600,0.005753,42693,0.005754,58586,0.005755,62693,0.005756,58669,0.005757,38511,0.005758,43055,0.005759,45794,0.00576,38297,0.005761,62634,0.005762,11600,0.006157,15218,0.006156,1626,0.006155,25136,0.006154,8768,0.006153,8768,0.006152,18869,0.006151,46549,0.006150,60445,0.006149,26983,0.006148,22977,0.006158,27414,0.006159,5730,0.006160,15489,0.006161,21750,0.006162,56322,0.006163,16722,0.006164,47159,0.006165,17639,0.006166,78137,0.006167,17547
gate,bybit,VANRYUSDT,0.005753,0.006158,7.0398,1774049492259,0.005749,42693,0.005748,42693,0.005747,43055,0.005746,42615,0.005745,41765,0.005744,40464,0.005743,42693,0.005742,42693,0.005741,62693,0.00574,31600,0.005753,39224,0.005754,58586,0.005755,62693,0.005756,62138,0.005757,38511,0.005758,43055,0.005759,45794,0.00576,38297,0.005761,62634,0.005762,11600,0.006157,9851,0.006156,3582,0.006155,19395,0.006154,14830,0.006153,14830,0.006152,20825,0.006151,46549,0.006150,60445,0.006149,26983,0.006148,22977,0.006158,17278,0.006159,1624,0.006160,2524,0.006161,12551,0.006162,13450,0.006163,8510,0.006164,47159,0.006165,17639,0.006166,78137,0.006167,17547
gate,bybit,VANRYUSDT,0.005753,0.006158,7.0398,1774049492564,0.005749,42693,0.005748,42693,0.005747,43055,0.005746,42615,0.005745,41765,0.005744,40464,0.005743,42693,0.005742,42693,0.005741,62693,0.00574,31600,0.005753,39224,0.005754,58586,0.005755,62693,0.005756,62138,0.005757,38511,0.005758,43055,0.005759,45794,0.00576,58297,0.005761,62634,0.005762,11600,0.006158,40433,0.006157,1625,0.006156,21538,0.006155,42441,0.006154,22973,0.006153,16980,0.006152,28869,0.006151,46549,0.006150,60445,0.006149,26983,0.006159,17511,0.006160,2524,0.006161,5730,0.006162,15805,0.006163,17709,0.006164,47159,0.006165,17639,0.006166,78137,0.006167,17547,0.006168,30687
gate,bybit,VANRYUSDT,0.005753,0.006158,7.0398,1774049492869,0.005749,42693,0.005748,42693,0.005747,43055,0.005746,42615,0.005745,41765,0.005744,40464,0.005743,42693,0.005742,42693,0.005741,62693,0.00574,31600,0.005753,39224,0.005754,58586,0.005755,62693,0.005756,62138,0.005757,38511,0.005758,43055,0.005759,45794,0.00576,58297,0.005761,62634,0.005763,11600,0.006158,40433,0.006157,9745,0.006156,23387,0.006155,46523,0.006154,13774,0.006153,16980,0.006152,28869,0.006151,46549,0.006150,60445,0.006149,26983,0.006159,1624,0.006160,2524,0.006161,5730,0.006162,13768,0.006163,17709,0.006164,47159,0.006165,17639,0.006166,78137,0.006167,17547,0.006168,30687
gate,bybit,VANRYUSDT,0.005753,0.006158,7.0398,1774049493179,0.005749,40988,0.005748,42693,0.005747,43055,0.005746,42615,0.005745,41765,0.005744,40464,0.005743,42693,0.005742,62693,0.005741,62693,0.00574,11600,0.005753,39224,0.005754,58586,0.005755,62693,0.005756,62138,0.005757,38511,0.005758,43055,0.005759,45794,0.00576,58297,0.005761,42634,0.005762,20000,0.006158,40433,0.006157,1625,0.006156,21538,0.006155,42441,0.006154,22973,0.006153,16980,0.006152,28869,0.006151,46549,0.006150,60445,0.006149,26983,0.006159,17511,0.006160,2524,0.006161,5730,0.006162,15805,0.006163,17709,0.006164,47159,0.006165,17639,0.006166,78137,0.006167,17547,0.006168,30687
gate,bybit,VANRYUSDT,0.005752,0.006158,7.0584,1774049493479,0.005749,40988,0.005748,42693,0.005747,43055,0.005746,42615,0.005745,41765,0.005744,40464,0.005743,62693,0.005742,62693,0.005741,62693,0.00574,11600,0.005752,30839,0.005753,39224,0.005754,58586,0.005755,62693,0.005756,62138,0.005757,38511,0.005758,43055,0.005759,65794,0.00576,58297,0.005761,42634,0.006158,40433,0.006157,1625,0.006156,21538,0.006155,42441,0.006154,22973,0.006153,16980,0.006152,28869,0.006151,46549,0.006150,60445,0.006149,26983,0.006159,17511,0.006160,2524,0.006161,10826,0.006162,15805,0.006163,17709,0.006164,47159,0.006165,17639,0.006166,78137,0.006167,17547,0.006168,30687
gate,bybit,VANRYUSDT,0.005752,0.006158,7.0584,1774049493780,0.005749,40988,0.005748,42693,0.005747,43055,0.005746,42615,0.005745,41765,0.005744,40464,0.005743,62693,0.005742,62693,0.005741,62693,0.00574,11600,0.005752,30839,0.005753,39224,0.005754,58586,0.005755,62693,0.005756,62138,0.005757,38511,0.005758,43055,0.005759,65794,0.00576,58297,0.005761,42634,0.006158,40433,0.006157,1625,0.006156,21538,0.006155,42441,0.006154,22973,0.006153,16980,0.006152,28869,0.006151,46549,0.006150,60445,0.006149,26983,0.006159,16744,0.006160,2524,0.006161,5730,0.006162,15804,0.006163,17709,0.006164,47159,0.006165,17639,0.006166,78137,0.006167,17547,0.006168,30687
gate,bybit,VANRYUSDT,0.005752,0.006158,7.0584,1774049494080,0.005749,40988,0.005748,42693,0.005747,43055,0.005746,42615,0.005745,41765,0.005744,40464,0.005743,62693,0.005742,62693,0.005741,62693,0.00574,11600,0.005752,30839,0.005753,39224,0.005754,58586,0.005755,62693,0.005756,62138,0.005757,38511,0.005758,43055,0.005759,65794,0.00576,58297,0.005761,42634,0.006158,29307,0.006157,1625,0.006156,21538,0.006155,42441,0.006154,22973,0.006153,16980,0.006152,28869,0.006151,46549,0.006150,60445,0.006149,26983,0.006159,16744,0.006160,2524,0.006161,14902,0.006162,13768,0.006163,17709,0.006164,47159,0.006165,17639,0.006166,78137,0.006167,17547,0.006168,30687
gate,bybit,VANRYUSDT,0.005752,0.006158,7.0584,1774049494380,0.005749,40988,0.005748,42693,0.005747,43055,0.005746,42615,0.005745,41765,0.005744,60464,0.005743,62693,0.005742,103418,0.005741,62693,0.00574,11600,0.005752,30839,0.005753,39224,0.005754,58586,0.005755,62693,0.005756,62138,0.005757,38511,0.005758,43055,0.005759,65794,0.00576,58297,0.005761,42634,0.006158,29307,0.006157,1625,0.006156,21538,0.006155,42441,0.006154,22973,0.006153,16980,0.006152,28869,0.006151,46549,0.006150,60445,0.006149,26983,0.006159,16744,0.006160,2524,0.006161,14902,0.006162,13768,0.006163,17709,0.006164,47159,0.006165,17639,0.006166,78137,0.006167,17547,0.006168,30687
gate,bybit,VANRYUSDT,0.005752,0.006158,7.0584,1774049494680,0.005749,40988,0.005748,42693,0.005747,43055,0.005746,42615,0.005745,41765,0.005744,60464,0.005743,62693,0.005742,103418,0.005741,62693,0.00574,11600,0.005752,30839,0.005753,39224,0.005754,58586,0.005755,62693,0.005756,62138,0.005757,38511,0.005758,43055,0.005759,65794,0.00576,58297,0.005761,42634,0.006158,29307,0.006157,1625,0.006156,21538,0.006155,42441,0.006154,22973,0.006153,16980,0.006152,28869,0.006151,46549,0.006150,60445,0.006149,26983,0.006159,16744,0.006160,2524,0.006161,14902,0.006162,13768,0.006163,17709,0.006164,47159,0.006165,17639,0.006166,78137,0.006167,17547,0.006168,30687
gate,bybit,VANRYUSDT,0.005753,0.006158,7.0398,1774049494981,0.005749,40988,0.005748,42693,0.005747,43055,0.005746,42615,0.005745,41765,0.005744,60464,0.005743,62693,0.005742,103418,0.005741,62693,0.00574,11600,0.005752,30839,0.005753,39224,0.005754,58586,0.005755,62693,0.005756,62138,0.005757,38511,0.005758,63055,0.005759,65794,0.00576,58297,0.005761,42634,0.006158,29307,0.006157,1625,0.006156,21538,0.006155,42441,0.006154,22973,0.006153,16980,0.006152,28869,0.006151,46549,0.006150,60445,0.006149,26983,0.006159,16744,0.006160,2524,0.006161,14902,0.006162,13768,0.006163,17709,0.006164,47159,0.006165,17639,0.006166,78137,0.006167,17547,0.006168,30687
gate,bybit,VANRYUSDT,0.005753,0.006158,7.0398,1774049495281,0.00575,42288,0.005749,40988,0.005748,42693,0.005747,43055,0.005746,62615,0.005745,61765,0.005744,60464,0.005743,62693,0.005742,103418,0.005741,31600,0.005753,22821,0.005754,46986,0.005755,93532,0.005756,66941,0.005757,58511,0.005758,63055,0.005759,65794,0.00576,58297,0.005761,42634,0.005762,30688,0.006158,29307,0.006157,1625,0.006156,21538,0.006155,42441,0.006154,22973,0.006153,16980,0.006152,28869,0.006151,46549,0.006150,60445,0.006149,26983,0.006159,16744,0.006160,2524,0.006161,14902,0.006162,13768,0.006163,17709,0.006164,47159,0.006165,17639,0.006166,78137,0.006167,17547,0.006168,30687
gate,bybit,VANRYUSDT,0.005753,0.006158,7.0398,1774049495590,0.00575,42288,0.005749,40988,0.005748,42693,0.005747,43055,0.005746,62615,0.005745,61765,0.005744,60464,0.005743,62693,0.005742,103418,0.005741,31600,0.005753,22821,0.005754,46986,0.005755,93532,0.005756,66941,0.005757,58511,0.005758,63055,0.005759,65794,0.00576,58297,0.005761,42634,0.005762,30688,0.006158,29307,0.006157,1625,0.006156,21538,0.006155,42441,0.006154,22973,0.006153,16980,0.006152,28869,0.006151,46549,0.006150,60445,0.006149,26983,0.006159,16744,0.006160,2524,0.006161,14902,0.006162,13768,0.006163,17709,0.006164,47159,0.006165,17639,0.006166,78137,0.006167,17547,0.006168,30687
gate,bybit,VANRYUSDT,0.005753,0.006158,7.0398,1774049495891,0.00575,42288,0.005749,40988,0.005748,42693,0.005747,43055,0.005746,62615,0.005745,61765,0.005744,60464,0.005743,62693,0.005742,103418,0.005741,31600,0.005753,22821,0.005754,26986,0.005755,93532,0.005756,66941,0.005757,58511,0.005758,63055,0.005759,65794,0.00576,58297,0.005761,42634,0.005762,30688,0.006158,29307,0.006157,1625,0.006156,21538,0.006155,42441,0.006154,22973,0.006153,16980,0.006152,28869,0.006151,46549,0.006150,60445,0.006149,26983,0.006159,16744,0.006160,2524,0.006161,5730,0.006162,13768,0.006163,8510,0.006164,47159,0.006165,17639,0.006166,78137,0.006167,17547,0.006168,30687
gate,bybit,VANRYUSDT,0.005755,0.006158,7.0026,1774049496191,0.005753,36545,0.005751,42134,0.00575,42288,0.005749,40988,0.005748,42693,0.005747,43055,0.005746,62615,0.005745,61765,0.005744,60464,0.005743,62375,0.005755,60914,0.005756,59047,0.005757,89361,0.005758,64073,0.005759,65794,0.00576,58297,0.005761,42634,0.005762,30688,0.005763,27092,0.005764,11600,0.006158,29307,0.006157,1625,0.006156,21538,0.006155,42441,0.006154,22973,0.006153,16980,0.006152,28869,0.006151,46549,0.006150,60445,0.006149,26983,0.006159,16744,0.006160,2524,0.006161,5730,0.006162,13764,0.006163,19745,0.006164,47159,0.006165,17639,0.006166,78137,0.006167,17547,0.006168,30687
gate,bybit,VANRYUSDT,0.005755,0.006158,7.0026,1774049496492,0.005753,36545,0.005751,42134,0.00575,42288,0.005749,40988,0.005748,42693,0.005747,43055,0.005746,62615,0.005745,61765,0.005744,60464,0.005743,62375,0.005755,60914,0.005756,59047,0.005757,89361,0.005758,64073,0.005759,65794,0.00576,58297,0.005761,42634,0.005762,30688,0.005763,27092,0.005764,11600,0.006158,29307,0.006157,1625,0.006156,21538,0.006155,42441,0.006154,22973,0.006153,16980,0.006152,28869,0.006151,46549,0.006150,60445,0.006149,26983,0.006159,16744,0.006160,2524,0.006161,5730,0.006162,15799,0.006163,17709,0.006164,47159,0.006165,17639,0.006166,78137,0.006167,17547,0.006168,30687
gate,bybit,VANRYUSDT,0.005755,0.006158,7.0026,1774049496792,0.005753,36545,0.005751,42134,0.00575,42288,0.005749,40988,0.005748,42693,0.005747,43055,0.005746,62615,0.005745,61765,0.005744,60464,0.005743,62375,0.005755,60914,0.005756,59047,0.005757,89361,0.005758,64073,0.005759,65794,0.00576,58297,0.005761,42634,0.005762,30688,0.005763,27092,0.005764,11600,0.006158,29307,0.006157,1625,0.006156,21538,0.006155,42441,0.006154,22973,0.006153,16980,0.006152,28869,0.006151,46549,0.006150,60445,0.006149,26983,0.006159,16744,0.006160,2524,0.006161,5730,0.006162,15799,0.006163,17709,0.006164,47159,0.006165,17639,0.006166,78137,0.006167,17547,0.006168,30687
gate,bybit,VANRYUSDT,0.005755,0.006158,7.0026,1774049497092,0.005753,36545,0.005752,11600,0.005751,42134,0.00575,42288,0.005749,40988,0.005748,42693,0.005747,63055,0.005746,62615,0.005745,61765,0.005744,60464,0.005755,30839,0.005756,59047,0.005757,89361,0.005758,64073,0.005759,65794,0.00576,58297,0.005761,42634,0.005762,42288,0.005763,27092,0.005764,11600,0.006158,29307,0.006157,1625,0.006156,21538,0.006155,42441,0.006154,22973,0.006153,16980,0.006152,28869,0.006151,46549,0.006150,60445,0.006149,26983,0.006159,16744,0.006160,2524,0.006161,5730,0.006162,15799,0.006163,17709,0.006164,47159,0.006165,17639,0.006166,78137,0.006167,17547,0.006168,30687
gate,bybit,VANRYUSDT,0.005755,0.006158,7.0026,1774049497408,0.005753,67280,0.005752,42335,0.005751,42134,0.00575,42288,0.005749,40988,0.005748,62693,0.005747,63055,0.005746,62615,0.005745,62335,0.005744,31600,0.005755,30515,0.005756,48919,0.005757,89375,0.005758,93482,0.005759,66413,0.00576,60395,0.005761,42634,0.005762,42288,0.005763,58692,0.005764,42335,0.006158,29307,0.006157,1625,0.006156,21538,0.006155,42441,0.006154,22973,0.006153,16980,0.006152,28869,0.006151,46549,0.006150,60445,0.006149,26983,0.006159,16744,0.006160,2524,0.006161,5730,0.006162,15799,0.006163,17709,0.006164,47159,0.006165,17639,0.006166,78137,0.006167,17547,0.006168,30687
gate,bybit,VANRYUSDT,0.005755,0.006158,7.0026,1774049497718,0.005753,67280,0.005752,42335,0.005751,42134,0.00575,42288,0.005749,40988,0.005748,62693,0.005747,63055,0.005746,62615,0.005745,62335,0.005744,31600,0.005755,30515,0.005756,48919,0.005757,89375,0.005758,93482,0.005759,66413,0.00576,60395,0.005761,42634,0.005762,42288,0.005763,58692,0.005764,42335,0.006158,29307,0.006157,1625,0.006156,21538,0.006155,42441,0.006154,22973,0.006153,16980,0.006152,28869,0.006151,46549,0.006150,60445,0.006149,26983,0.006159,16744,0.006160,2524,0.006161,5730,0.006162,15799,0.006163,17709,0.006164,47159,0.006165,17639,0.006166,78137,0.006167,17547,0.006168,30687
gate,bybit,VANRYUSDT,0.005756,0.006158,6.984,1774049498024,0.005753,36545,0.005752,42335,0.005751,42134,0.00575,42288,0.005749,40988,0.005748,62693,0.005747,63055,0.005746,62615,0.005745,62335,0.005744,59704,0.005755,30515,0.005756,48919,0.005757,89375,0.005758,93482,0.005759,66413,0.00576,31600,0.005761,42634,0.005762,42288,0.005763,58692,0.005764,42335,0.006158,29307,0.006157,1625,0.006156,21538,0.006155,42441,0.006154,22973,0.006153,16980,0.006152,28869,0.006151,46549,0.006150,60445,0.006149,26983,0.006159,16744,0.006160,2524,0.006161,5730,0.006162,15799,0.006163,17709,0.006164,47159,0.006165,17639,0.006166,78137,0.006167,17547,0.006168,30687
gate,bybit,VANRYUSDT,0.005756,0.006158,6.984,1774049498330,0.005753,36545,0.005752,42335,0.005751,42134,0.00575,42288,0.005749,60988,0.005748,62693,0.005747,63055,0.005746,62615,0.005745,62516,0.005744,61390,0.005756,38740,0.005757,89363,0.005758,124124,0.005759,67183,0.00576,62377,0.005761,42634,0.005762,42288,0.005763,58692,0.005764,62335,0.005765,11600,0.006158,29307,0.006157,1625,0.006156,21538,0.006155,42441,0.006154,22973,0.006153,16980,0.006152,28869,0.006151,46549,0.006150,60445,0.006149,26983,0.006159,16744,0.006160,2524,0.006161,5730,0.006162,15799,0.006163,17709,0.006164,47159,0.006165,17639,0.006166,78137,0.006167,17547,0.006168,30687
gate,bybit,VANRYUSDT,0.005756,0.006158,6.984,1774049498631,0.005753,36545,0.005752,42335,0.005751,42134,0.00575,42288,0.005749,60988,0.005748,62693,0.005747,63055,0.005746,62615,0.005745,62516,0.005744,61390,0.005756,38740,0.005757,89363,0.005758,124124,0.005759,67183,0.00576,62377,0.005761,42634,0.005762,42288,0.005763,58692,0.005764,62335,0.005765,11600,0.006158,29307,0.006157,1625,0.006156,21538,0.006155,42441,0.006154,22973,0.006153,16980,0.006152,28869,0.006151,46549,0.006150,60445,0.006149,26983,0.006159,16744,0.006160,2524,0.006161,5730,0.006162,15799,0.006163,17709,0.006164,47159,0.006165,17639,0.006166,78137,0.006167,17547,0.006168,30687
gate,bybit,VANRYUSDT,0.005756,0.006158,6.984,1774049498931,0.005753,36545,0.005752,42335,0.005751,42134,0.00575,42288,0.005749,60988,0.005748,62693,0.005747,63055,0.005746,62615,0.005745,62516,0.005744,61390,0.005756,38740,0.005757,89363,0.005758,124124,0.005759,67183,0.00576,62377,0.005761,42634,0.005762,62288,0.005763,58692,0.005764,62335,0.005765,11600,0.006158,29307,0.006157,1625,0.006156,21538,0.006155,42441,0.006154,22973,0.006153,16980,0.006152,28869,0.006151,46549,0.006150,60445,0.006149,26983,0.006159,16744,0.006160,2524,0.006161,12858,0.006162,15799,0.006163,17709,0.006164,47159,0.006165,17639,0.006166,78137,0.006167,17547,0.006168,30687
gate,bybit,VANRYUSDT,0.005756,0.006158,6.984,1774049499232,0.005753,65753,0.005752,42335,0.005751,42134,0.00575,42288,0.005749,60988,0.005748,62693,0.005747,63055,0.005746,62615,0.005745,62516,0.005744,31600,0.005756,38126,0.005757,88810,0.005758,120007,0.005759,68006,0.00576,62377,0.005761,62634,0.005762,62288,0.005763,58692,0.005764,62418,0.005765,11600,0.006158,29307,0.006157,1625,0.006156,21538,0.006155,42441,0.006154,22973,0.006153,16980,0.006152,28869,0.006151,46549,0.006150,60445,0.006149,26983,0.006159,16744,0.006160,2524,0.006161,14892,0.006162,13764,0.006163,17709,0.006164,47159,0.006165,17639,0.006166,78137,0.006167,17547,0.006168,30687
gate,bybit,VANRYUSDT,0.005756,0.006158,6.984,1774049499532,0.005753,65753,0.005752,42335,0.005751,42134,0.00575,42288,0.005749,60988,0.005748,62693,0.005747,63055,0.005746,62615,0.005745,62516,0.005744,31600,0.005756,38126,0.005757,88810,0.005758,120007,0.005759,68006,0.00576,62377,0.005761,62634,0.005762,62288,0.005763,58692,0.005764,62418,0.005765,11600,0.006158,29307,0.006157,1625,0.006156,21538,0.006155,42441,0.006154,22973,0.006153,16980,0.006152,28869,0.006151,46549,0.006150,60445,0.006149,26983,0.006159,16744,0.006160,2524,0.006161,14892,0.006162,13764,0.006163,17709,0.006164,47159,0.006165,17639,0.006166,78137,0.006167,17547,0.006168,30687
gate,bybit,VANRYUSDT,0.005755,0.006158,7.0026,1774049499833,0.005753,36545,0.005752,42335,0.005751,42134,0.00575,42288,0.005749,60988,0.005748,62693,0.005747,63055,0.005746,62615,0.005745,62516,0.005744,59423,0.005755,29423,0.005756,38126,0.005757,91415,0.005758,148714,0.005759,68006,0.00576,62377,0.005761,62634,0.005762,62288,0.005763,58692,0.005764,11600,0.006158,29307,0.006157,1625,0.006156,21538,0.006155,42441,0.006154,22973,0.006153,16980,0.006152,28869,0.006151,46549,0.006150,60445,0.006149,26983,0.006159,16744,0.006160,2524,0.006161,14892,0.006162,13764,0.006163,17709,0.006164,47159,0.006165,17639,0.006166,78137,0.006167,17547,0.006168,30687
gate,bybit,VANRYUSDT,0.005756,0.006158,6.984,1774049500134,0.005753,36545,0.005752,42335,0.005751,42134,0.00575,42288,0.005749,60988,0.005748,62693,0.005747,63055,0.005746,62615,0.005745,62516,0.005744,59423,0.005755,29423,0.005756,38126,0.005757,91415,0.005758,120007,0.005759,37188,0.00576,62377,0.005761,62634,0.005762,62288,0.005763,58692,0.005764,11600,0.006158,29307,0.006157,1625,0.006156,21538,0.006155,42441,0.006154,22973,0.006153,16980,0.006152,28869,0.006151,46549,0.006150,60445,0.006149,26983,0.006159,16744,0.006160,2524,0.006161,14892,0.006162,13764,0.006163,17709,0.006164,47159,0.006165,17639,0.006166,78137,0.006167,17547,0.006168,30687
gate,bybit,VANRYUSDT,0.005756,0.006159,7.0014,1774049500434,0.005754,35552,0.005753,79025,0.005752,42335,0.005751,42134,0.00575,42288,0.005749,60988,0.005748,62693,0.005747,63055,0.005746,62615,0.005745,31600,0.005756,6262,0.005757,58306,0.005758,149430,0.005759,38136,0.00576,62523,0.005761,62634,0.005762,62288,0.005763,58692,0.005764,42480,0.005765,42480,0.006159,44809,0.006158,1624,0.006157,17394,0.006156,12871,0.006155,42441,0.006154,22973,0.006153,16980,0.006152,28869,0.006151,46549,0.006150,60445,0.006160,18273,0.006161,1624,0.006162,7607,0.006163,14952,0.006164,15480,0.006165,17639,0.006166,78137,0.006167,17547,0.006168,22475,0.006169,83856
gate,bybit,VANRYUSDT,0.005757,0.006159,6.9828,1774049500734,0.005755,39835,0.005754,30902,0.005753,79025,0.005752,42335,0.005751,42134,0.00575,42288,0.005749,60988,0.005748,62693,0.005747,63055,0.005746,31600,0.005756,6262,0.005757,60493,0.005758,129430,0.005759,38136,0.00576,31600,0.005761,62634,0.005762,62288,0.005763,58692,0.005764,42480,0.005765,42480,0.006159,44809,0.006158,1624,0.006157,17394,0.006156,12871,0.006155,42441,0.006154,22973,0.006153,16980,0.006152,28869,0.006151,46549,0.006150,60445,0.006160,17576,0.006161,1624,0.006162,11677,0.006163,12920,0.006164,13448,0.006165,17639,0.006166,78137,0.006167,17547,0.006168,22475,0.006169,83856
