spot_exch,fut_exch,symbol,ask_spot,bid_futures,spread_pct,ts,s_b1,s_b2,s_b3,s_b4,s_b5,s_b6,s_b7,s_b8,s_b9,s_b10,s_bq1,s_bq2,s_bq3,s_bq4,s_bq5,s_bq6,s_bq7,s_bq8,s_bq9,s_bq10,s_a1,s_a2,s_a3,s_a4,s_a5,s_a6,s_a7,s_a8,s_a9,s_a10,s_aq1,s_aq2,s_aq3,s_aq4,s_aq5,s_aq6,s_aq7,s_aq8,s_aq9,s_aq10,f_b1,f_b2,f_b3,f_b4,f_b5,f_b6,f_b7,f_b8,f_b9,f_b10,f_bq1,f_bq2,f_bq3,f_bq4,f_bq5,f_bq6,f_bq7,f_bq8,f_bq9,f_bq10,f_a1,f_a2,f_a3,f_a4,f_a5,f_a6,f_a7,f_a8,f_a9,f_a10,f_aq1,f_aq2,f_aq3,f_aq4,f_aq5,f_aq6,f_aq7,f_aq8,f_aq9,f_aq10
binance,gate,FUNUSDT,0.00142900,0.03168,2116.9349,1774105350000,0.00142600,280390.00000000,0.00142500,336770.00000000,0.00142400,617362.00000000,0.00142300,470020.00000000,0.00142200,503782.00000000,0.00142100,280254.00000000,0.00142000,60078.00000000,0.00141900,523560.00000000,0.00141800,329665.00000000,0.00141700,523221.00000000,0.00142900,117855.00000000,0.00143000,627322.00000000,0.00143100,185759.00000000,0.00143200,863972.00000000,0.00143300,887895.00000000,0.00143400,582115.00000000,0.00143600,536805.00000000,0.00143700,199389.00000000,0.00143800,726496.00000000,0.00143900,577599.00000000,,,,,,,,,,,,,,,,,,,,,,,,,,,,,,,,,,,,,,,,
binance,gate,FUNUSDT,0.00142900,0.03168,2116.9349,1774105356598,0.00142600,95293.00000000,0.00142500,591860.00000000,0.00142400,617362.00000000,0.00142300,470020.00000000,0.00142200,503782.00000000,0.00142100,280254.00000000,0.00142000,60078.00000000,0.00141900,523560.00000000,0.00141800,329665.00000000,0.00141700,523221.00000000,0.00142900,117855.00000000,0.00143000,627322.00000000,0.00143100,185759.00000000,0.00143200,863972.00000000,0.00143300,887895.00000000,0.00143400,582115.00000000,0.00143600,536805.00000000,0.00143700,199389.00000000,0.00143800,726496.00000000,0.00143900,577599.00000000,0.03168,14,0.03167,63,0.03165,14,0.03164,77,0.03162,62,0.03161,78,0.03159,14,0.03158,78,0.03156,15,0.03155,78,0.03172,15,0.03173,91,0.03175,1,0.03178,14,0.03179,77,0.03181,14,0.03182,78,0.03183,10,0.03184,14,0.03185,77
binance,gate,FUNUSDT,0.00142900,0.03168,2116.9349,1774105356899,0.00142600,95293.00000000,0.00142500,591860.00000000,0.00142400,617362.00000000,0.00142300,470020.00000000,0.00142200,503782.00000000,0.00142100,280254.00000000,0.00142000,60078.00000000,0.00141900,523560.00000000,0.00141800,329665.00000000,0.00141700,523221.00000000,0.00142900,117855.00000000,0.00143000,627322.00000000,0.00143100,185759.00000000,0.00143200,863972.00000000,0.00143300,887895.00000000,0.00143400,582115.00000000,0.00143600,536805.00000000,0.00143700,199389.00000000,0.00143800,726496.00000000,0.00143900,577599.00000000,0.03168,14,0.03167,63,0.03165,14,0.03164,77,0.03162,14,0.03161,78,0.0316,48,0.03159,14,0.03158,78,0.03156,15,0.03172,15,0.03173,91,0.03175,1,0.03178,14,0.03179,77,0.03181,14,0.03182,78,0.03183,10,0.03184,14,0.03185,77
binance,gate,FUNUSDT,0.00142900,0.03168,2116.9349,1774105357208,0.00142600,95293.00000000,0.00142500,591860.00000000,0.00142400,617362.00000000,0.00142300,470020.00000000,0.00142200,503782.00000000,0.00142100,280254.00000000,0.00142000,60078.00000000,0.00141900,523560.00000000,0.00141800,329665.00000000,0.00141700,523221.00000000,0.00142900,117855.00000000,0.00143000,627322.00000000,0.00143100,185759.00000000,0.00143200,863972.00000000,0.00143300,887895.00000000,0.00143400,582115.00000000,0.00143600,536805.00000000,0.00143700,199389.00000000,0.00143800,726496.00000000,0.00143900,577599.00000000,0.03168,14,0.03167,63,0.03165,14,0.03164,77,0.03162,14,0.03161,126,0.03159,14,0.03158,78,0.03156,15,0.03155,78,0.03171,15,0.03172,15,0.03173,14,0.03174,77,0.03175,1,0.03178,14,0.03179,77,0.03181,14,0.03182,78,0.03183,10
binance,gate,FUNUSDT,0.00142900,0.03168,2116.9349,1774105357515,0.00142600,95293.00000000,0.00142500,591860.00000000,0.00142400,617362.00000000,0.00142300,470020.00000000,0.00142200,503782.00000000,0.00142100,280254.00000000,0.00142000,60078.00000000,0.00141900,523560.00000000,0.00141800,329665.00000000,0.00141700,523221.00000000,0.00142900,117855.00000000,0.00143000,627322.00000000,0.00143100,185759.00000000,0.00143200,863972.00000000,0.00143300,887895.00000000,0.00143400,582115.00000000,0.00143600,536805.00000000,0.00143700,199389.00000000,0.00143800,726496.00000000,0.00143900,577599.00000000,0.03168,14,0.03167,63,0.03165,14,0.03164,77,0.03162,14,0.03161,126,0.03159,14,0.03158,78,0.03156,15,0.03155,78,0.03171,15,0.03173,14,0.03174,77,0.03175,1,0.03178,14,0.03179,77,0.03181,14,0.03182,78,0.03183,10,0.03184,14
binance,gate,FUNUSDT,0.00142900,0.03168,2116.9349,1774105357819,0.00142600,95293.00000000,0.00142500,591860.00000000,0.00142400,617362.00000000,0.00142300,470020.00000000,0.00142200,503782.00000000,0.00142100,280254.00000000,0.00142000,60078.00000000,0.00141900,523560.00000000,0.00141800,329665.00000000,0.00141700,523221.00000000,0.00142900,117855.00000000,0.00143000,627322.00000000,0.00143100,185759.00000000,0.00143200,863972.00000000,0.00143300,887895.00000000,0.00143400,582115.00000000,0.00143600,536805.00000000,0.00143700,199389.00000000,0.00143800,726496.00000000,0.00143900,577599.00000000,0.03168,14,0.03167,63,0.03165,14,0.03164,77,0.03162,14,0.03161,126,0.03159,14,0.03158,78,0.03156,15,0.03155,78,0.03171,15,0.03173,14,0.03174,77,0.03175,1,0.03178,14,0.03179,77,0.03181,14,0.03182,78,0.03183,10,0.03184,14
binance,gate,FUNUSDT,0.00142900,0.03168,2116.9349,1774105358125,0.00142600,95293.00000000,0.00142500,591860.00000000,0.00142400,617362.00000000,0.00142300,470020.00000000,0.00142200,503782.00000000,0.00142100,280254.00000000,0.00142000,60078.00000000,0.00141900,523560.00000000,0.00141800,329665.00000000,0.00141700,523221.00000000,0.00142900,117855.00000000,0.00143000,627322.00000000,0.00143100,185759.00000000,0.00143200,863972.00000000,0.00143300,887895.00000000,0.00143400,582115.00000000,0.00143600,536805.00000000,0.00143700,199389.00000000,0.00143800,726496.00000000,0.00143900,577599.00000000,0.03168,14,0.03167,63,0.03165,14,0.03164,77,0.03162,62,0.03161,78,0.03159,14,0.03158,78,0.03156,15,0.03155,78,0.03172,15,0.03173,91,0.03175,1,0.03178,14,0.03179,77,0.03181,14,0.03182,78,0.03183,10,0.03184,14,0.03185,77
binance,gate,FUNUSDT,0.00142900,0.03168,2116.9349,1774105358428,0.00142600,95293.00000000,0.00142500,591860.00000000,0.00142400,617362.00000000,0.00142300,470020.00000000,0.00142200,503782.00000000,0.00142100,280254.00000000,0.00142000,60078.00000000,0.00141900,523560.00000000,0.00141800,329665.00000000,0.00141700,523221.00000000,0.00142900,67278.00000000,0.00143000,627322.00000000,0.00143100,185759.00000000,0.00143200,863972.00000000,0.00143300,887895.00000000,0.00143400,582115.00000000,0.00143600,536805.00000000,0.00143700,199389.00000000,0.00143800,726496.00000000,0.00143900,577599.00000000,0.03168,14,0.03167,63,0.03165,14,0.03164,77,0.03162,62,0.03161,78,0.03159,14,0.03158,78,0.03156,15,0.03155,78,0.03172,15,0.03173,91,0.03175,1,0.03178,14,0.03179,77,0.03181,14,0.03182,78,0.03183,10,0.03184,14,0.03185,77
binance,gate,FUNUSDT,0.00142900,0.03168,2116.9349,1774105358735,0.00142600,95293.00000000,0.00142500,591860.00000000,0.00142400,617362.00000000,0.00142300,470020.00000000,0.00142200,503782.00000000,0.00142100,280254.00000000,0.00142000,60078.00000000,0.00141900,523560.00000000,0.00141800,329665.00000000,0.00141700,523221.00000000,0.00142900,67278.00000000,0.00143000,627322.00000000,0.00143100,185759.00000000,0.00143200,863972.00000000,0.00143300,887895.00000000,0.00143400,582115.00000000,0.00143600,536805.00000000,0.00143700,199389.00000000,0.00143800,726496.00000000,0.00143900,577599.00000000,0.03168,14,0.03167,63,0.03165,14,0.03164,77,0.03162,62,0.03161,78,0.03159,14,0.03158,78,0.03156,15,0.03155,78,0.03172,15,0.03173,91,0.03175,1,0.03178,14,0.03179,77,0.03181,14,0.03182,78,0.03183,10,0.03184,14,0.03185,77
binance,gate,FUNUSDT,0.00142900,0.03168,2116.9349,1774105359035,0.00142600,95293.00000000,0.00142500,591860.00000000,0.00142400,617362.00000000,0.00142300,470020.00000000,0.00142200,503782.00000000,0.00142100,280254.00000000,0.00142000,60078.00000000,0.00141900,523560.00000000,0.00141800,329665.00000000,0.00141700,523221.00000000,0.00142900,67278.00000000,0.00143000,627322.00000000,0.00143100,185759.00000000,0.00143200,863972.00000000,0.00143300,887895.00000000,0.00143400,582115.00000000,0.00143600,536805.00000000,0.00143700,199389.00000000,0.00143800,726496.00000000,0.00143900,577599.00000000,0.03168,14,0.03167,63,0.03165,14,0.03164,77,0.03162,62,0.03161,78,0.03159,14,0.03158,78,0.03156,15,0.03155,78,0.03172,15,0.03173,91,0.03175,1,0.03178,14,0.03179,77,0.03181,14,0.03182,78,0.03183,10,0.03184,14,0.03185,77
binance,gate,FUNUSDT,0.00142900,0.03168,2116.9349,1774105359337,0.00142600,95293.00000000,0.00142500,591860.00000000,0.00142400,617362.00000000,0.00142300,470020.00000000,0.00142200,503782.00000000,0.00142100,280254.00000000,0.00142000,60078.00000000,0.00141900,523560.00000000,0.00141800,329665.00000000,0.00141700,523221.00000000,0.00142900,117855.00000000,0.00143000,627322.00000000,0.00143100,185759.00000000,0.00143200,863972.00000000,0.00143300,887895.00000000,0.00143400,582115.00000000,0.00143600,536805.00000000,0.00143700,199389.00000000,0.00143800,726496.00000000,0.00143900,577599.00000000,0.03168,14,0.03167,63,0.03165,14,0.03164,77,0.03162,62,0.03161,78,0.03159,14,0.03158,78,0.03156,15,0.03155,78,0.03172,15,0.03173,91,0.03175,1,0.03178,14,0.03179,77,0.03181,14,0.03182,78,0.03183,10,0.03184,14,0.03185,77
binance,gate,FUNUSDT,0.00142900,0.03168,2116.9349,1774105359637,0.00142600,95293.00000000,0.00142500,591860.00000000,0.00142400,617362.00000000,0.00142300,470020.00000000,0.00142200,503782.00000000,0.00142100,280254.00000000,0.00142000,60078.00000000,0.00141900,523560.00000000,0.00141800,329665.00000000,0.00141700,523221.00000000,0.00142900,117855.00000000,0.00143000,627322.00000000,0.00143100,185759.00000000,0.00143200,863972.00000000,0.00143300,887895.00000000,0.00143400,582115.00000000,0.00143600,536805.00000000,0.00143700,199389.00000000,0.00143800,726496.00000000,0.00143900,577599.00000000,0.03168,14,0.03167,63,0.03165,14,0.03164,77,0.03162,14,0.03161,78,0.0316,48,0.03159,14,0.03158,78,0.03156,15,0.03172,15,0.03173,91,0.03175,1,0.03178,14,0.03179,77,0.03181,14,0.03182,78,0.03183,10,0.03184,14,0.03185,77
binance,gate,FUNUSDT,0.00142900,0.03168,2116.9349,1774105359939,0.00142600,95293.00000000,0.00142500,591860.00000000,0.00142400,617362.00000000,0.00142300,470020.00000000,0.00142200,503782.00000000,0.00142100,280254.00000000,0.00142000,60078.00000000,0.00141900,523560.00000000,0.00141800,329665.00000000,0.00141700,523221.00000000,0.00142900,117855.00000000,0.00143000,627322.00000000,0.00143100,185759.00000000,0.00143200,863972.00000000,0.00143300,887895.00000000,0.00143400,582115.00000000,0.00143600,536805.00000000,0.00143700,199389.00000000,0.00143800,726496.00000000,0.00143900,577599.00000000,0.03168,14,0.03167,63,0.03165,14,0.03164,77,0.03162,14,0.03161,78,0.0316,48,0.03159,14,0.03158,78,0.03156,15,0.03172,15,0.03173,91,0.03175,1,0.03178,14,0.03179,77,0.03181,14,0.03182,78,0.03183,10,0.03184,14,0.03185,77
binance,gate,FUNUSDT,0.00142900,0.03168,2116.9349,1774105360243,0.00142600,95293.00000000,0.00142500,591860.00000000,0.00142400,617362.00000000,0.00142300,470020.00000000,0.00142200,503782.00000000,0.00142100,280254.00000000,0.00142000,60078.00000000,0.00141900,523560.00000000,0.00141800,329665.00000000,0.00141700,523221.00000000,0.00142900,117855.00000000,0.00143000,627322.00000000,0.00143100,185759.00000000,0.00143200,863972.00000000,0.00143300,1215426.00000000,0.00143400,582115.00000000,0.00143600,536805.00000000,0.00143700,199389.00000000,0.00143800,726496.00000000,0.00143900,577599.00000000,0.03168,14,0.03167,63,0.03165,14,0.03164,77,0.03162,14,0.03161,78,0.0316,48,0.03159,14,0.03158,78,0.03156,15,0.03172,15,0.03173,91,0.03175,1,0.03178,14,0.03179,77,0.03181,14,0.03182,78,0.03183,10,0.03184,14,0.03185,77
binance,gate,FUNUSDT,0.00142900,0.03168,2116.9349,1774105360543,0.00142600,95293.00000000,0.00142500,591860.00000000,0.00142400,617362.00000000,0.00142300,470020.00000000,0.00142200,503782.00000000,0.00142100,280254.00000000,0.00142000,60078.00000000,0.00141900,523560.00000000,0.00141800,329665.00000000,0.00141700,523221.00000000,0.00142900,117855.00000000,0.00143000,627322.00000000,0.00143100,185759.00000000,0.00143200,863972.00000000,0.00143300,1215426.00000000,0.00143400,582115.00000000,0.00143600,536805.00000000,0.00143700,199389.00000000,0.00143800,726496.00000000,0.00143900,577599.00000000,0.03168,14,0.03167,63,0.03165,14,0.03164,77,0.03162,14,0.03161,78,0.0316,48,0.03159,14,0.03158,78,0.03156,15,0.03172,15,0.03173,91,0.03175,1,0.03178,14,0.03179,77,0.03181,14,0.03182,78,0.03183,10,0.03184,14,0.03185,77
binance,gate,FUNUSDT,0.00142900,0.03168,2116.9349,1774105360843,0.00142600,95293.00000000,0.00142500,591860.00000000,0.00142400,617362.00000000,0.00142300,470020.00000000,0.00142200,503782.00000000,0.00142100,280254.00000000,0.00142000,60078.00000000,0.00141900,523560.00000000,0.00141800,329665.00000000,0.00141700,523221.00000000,0.00142900,117855.00000000,0.00143000,627322.00000000,0.00143100,185759.00000000,0.00143200,863972.00000000,0.00143300,1215426.00000000,0.00143400,582115.00000000,0.00143600,536805.00000000,0.00143700,199389.00000000,0.00143800,726496.00000000,0.00143900,577599.00000000,0.03168,14,0.03167,63,0.03165,14,0.03164,77,0.03162,14,0.03161,78,0.0316,48,0.03159,14,0.03158,78,0.03156,15,0.03172,15,0.03173,91,0.03175,1,0.03178,14,0.03179,77,0.03181,14,0.03182,78,0.03183,10,0.03184,14,0.03185,77
binance,gate,FUNUSDT,0.00142900,0.03168,2116.9349,1774105361151,0.00142600,95293.00000000,0.00142500,591860.00000000,0.00142400,617362.00000000,0.00142300,470020.00000000,0.00142200,503782.00000000,0.00142100,280254.00000000,0.00142000,60078.00000000,0.00141900,523560.00000000,0.00141800,329665.00000000,0.00141700,523221.00000000,0.00142900,117855.00000000,0.00143000,627322.00000000,0.00143100,185759.00000000,0.00143200,863972.00000000,0.00143300,1215426.00000000,0.00143400,582115.00000000,0.00143600,536805.00000000,0.00143700,199389.00000000,0.00143800,726496.00000000,0.00143900,577599.00000000,0.03168,14,0.03167,63,0.03165,14,0.03164,77,0.03162,14,0.03161,78,0.0316,48,0.03159,14,0.03158,78,0.03156,15,0.03172,15,0.03173,91,0.03175,1,0.03178,14,0.03179,77,0.03181,14,0.03182,78,0.03183,10,0.03184,14,0.03185,77
binance,gate,FUNUSDT,0.00142900,0.03168,2116.9349,1774105361452,0.00142600,95293.00000000,0.00142500,591860.00000000,0.00142400,617362.00000000,0.00142300,470020.00000000,0.00142200,503782.00000000,0.00142100,280254.00000000,0.00142000,60078.00000000,0.00141900,523560.00000000,0.00141800,329665.00000000,0.00141700,523221.00000000,0.00142900,117855.00000000,0.00143000,627322.00000000,0.00143100,185759.00000000,0.00143200,863972.00000000,0.00143300,1215426.00000000,0.00143400,582115.00000000,0.00143600,536805.00000000,0.00143700,199389.00000000,0.00143800,726496.00000000,0.00143900,577599.00000000,0.03168,14,0.03167,63,0.03165,14,0.03164,77,0.03162,14,0.03161,78,0.0316,48,0.03159,14,0.03158,78,0.03156,15,0.03172,15,0.03173,91,0.03175,1,0.03178,14,0.03179,77,0.03181,14,0.03182,78,0.03183,10,0.03184,14,0.03185,77
binance,gate,FUNUSDT,0.00142900,0.03168,2116.9349,1774105361752,0.00142600,95293.00000000,0.00142500,591860.00000000,0.00142400,617362.00000000,0.00142300,470020.00000000,0.00142200,503782.00000000,0.00142100,280254.00000000,0.00142000,60078.00000000,0.00141900,523560.00000000,0.00141800,329665.00000000,0.00141700,523221.00000000,0.00142900,117855.00000000,0.00143000,627322.00000000,0.00143100,185759.00000000,0.00143200,863972.00000000,0.00143300,1215426.00000000,0.00143400,582115.00000000,0.00143600,536805.00000000,0.00143700,199389.00000000,0.00143800,726496.00000000,0.00143900,577599.00000000,0.03168,14,0.03167,63,0.03165,14,0.03164,77,0.03162,14,0.03161,78,0.03159,14,0.03158,78,0.03156,15,0.03155,78,0.03172,15,0.03173,91,0.03175,1,0.03178,14,0.03179,77,0.03181,14,0.03182,78,0.03183,10,0.03184,14,0.03185,77
binance,gate,FUNUSDT,0.00142900,0.03168,2116.9349,1774105362052,0.00142600,95293.00000000,0.00142500,591860.00000000,0.00142400,617362.00000000,0.00142300,470020.00000000,0.00142200,503782.00000000,0.00142100,280254.00000000,0.00142000,60078.00000000,0.00141900,523560.00000000,0.00141800,329665.00000000,0.00141700,523221.00000000,0.00142900,117855.00000000,0.00143000,627322.00000000,0.00143100,185759.00000000,0.00143200,863972.00000000,0.00143300,1215426.00000000,0.00143400,582115.00000000,0.00143600,536805.00000000,0.00143700,199389.00000000,0.00143800,726496.00000000,0.00143900,577599.00000000,0.03168,14,0.03167,63,0.03165,14,0.03164,77,0.03162,14,0.03161,78,0.03159,14,0.03158,78,0.03156,15,0.03155,78,0.03172,15,0.03173,91,0.03175,1,0.03178,14,0.03179,77,0.03181,14,0.03182,78,0.03183,10,0.03184,14,0.03185,77
binance,gate,FUNUSDT,0.00142900,0.03168,2116.9349,1774105362352,0.00142600,95293.00000000,0.00142500,591860.00000000,0.00142400,617362.00000000,0.00142300,470020.00000000,0.00142200,503782.00000000,0.00142100,280254.00000000,0.00142000,60078.00000000,0.00141900,523560.00000000,0.00141800,329665.00000000,0.00141700,523221.00000000,0.00142900,117855.00000000,0.00143000,627322.00000000,0.00143100,185759.00000000,0.00143200,863972.00000000,0.00143300,1215426.00000000,0.00143400,582115.00000000,0.00143600,536805.00000000,0.00143700,199389.00000000,0.00143800,726496.00000000,0.00143900,577599.00000000,0.03168,14,0.03167,63,0.03165,14,0.03164,77,0.03162,14,0.03161,78,0.03159,14,0.03158,78,0.03156,15,0.03155,78,0.03172,15,0.03173,91,0.03175,1,0.03178,14,0.03179,77,0.03181,14,0.03182,78,0.03183,10,0.03184,14,0.03185,77
binance,gate,FUNUSDT,0.00142900,0.03168,2116.9349,1774105362652,0.00142600,95293.00000000,0.00142500,591860.00000000,0.00142400,617362.00000000,0.00142300,470020.00000000,0.00142200,292285.00000000,0.00142100,280254.00000000,0.00142000,60078.00000000,0.00141900,523560.00000000,0.00141800,329665.00000000,0.00141700,523221.00000000,0.00142900,117855.00000000,0.00143000,627322.00000000,0.00143100,185759.00000000,0.00143200,863972.00000000,0.00143300,1215426.00000000,0.00143400,582115.00000000,0.00143600,536805.00000000,0.00143700,199389.00000000,0.00143800,726496.00000000,0.00143900,577599.00000000,0.03168,14,0.03167,63,0.03165,14,0.03164,77,0.03162,14,0.03161,78,0.03159,14,0.03158,78,0.03156,15,0.03155,78,0.03172,15,0.03173,91,0.03175,1,0.03178,14,0.03179,77,0.03181,14,0.03182,78,0.03183,10,0.03184,14,0.03185,77
binance,gate,FUNUSDT,0.00142900,0.03168,2116.9349,1774105362952,0.00142600,95293.00000000,0.00142500,591860.00000000,0.00142400,617362.00000000,0.00142300,470020.00000000,0.00142200,292285.00000000,0.00142100,280254.00000000,0.00142000,60078.00000000,0.00141900,523560.00000000,0.00141800,329665.00000000,0.00141700,523221.00000000,0.00142900,117855.00000000,0.00143000,627322.00000000,0.00143100,185759.00000000,0.00143200,863972.00000000,0.00143300,1215426.00000000,0.00143400,582115.00000000,0.00143600,536805.00000000,0.00143700,199389.00000000,0.00143800,726496.00000000,0.00143900,577599.00000000,0.03168,14,0.03167,63,0.03165,14,0.03164,77,0.03162,14,0.03161,78,0.03159,14,0.03158,78,0.03156,15,0.03155,78,0.03172,15,0.03173,91,0.03175,1,0.03178,14,0.03179,77,0.03181,14,0.03182,78,0.03183,10,0.03184,14,0.03185,77
binance,gate,FUNUSDT,0.00142900,0.03168,2116.9349,1774105363254,0.00142600,95293.00000000,0.00142500,591860.00000000,0.00142400,617362.00000000,0.00142300,677320.00000000,0.00142200,292285.00000000,0.00142100,280254.00000000,0.00142000,60078.00000000,0.00141900,523560.00000000,0.00141800,329665.00000000,0.00141700,523221.00000000,0.00142900,117855.00000000,0.00143000,627322.00000000,0.00143100,185759.00000000,0.00143200,863972.00000000,0.00143300,1215426.00000000,0.00143400,582115.00000000,0.00143600,536805.00000000,0.00143700,199389.00000000,0.00143800,726496.00000000,0.00143900,577599.00000000,0.03168,14,0.03167,63,0.03165,14,0.03164,77,0.03162,14,0.03161,78,0.03159,14,0.03158,78,0.03156,15,0.03155,78,0.03172,15,0.03173,91,0.03175,1,0.03178,14,0.03179,77,0.03181,14,0.03182,78,0.03183,10,0.03184,14,0.03185,77
binance,gate,FUNUSDT,0.00142900,0.03168,2116.9349,1774105363554,0.00142600,95293.00000000,0.00142500,591860.00000000,0.00142400,617362.00000000,0.00142300,677320.00000000,0.00142200,292285.00000000,0.00142100,280254.00000000,0.00142000,60078.00000000,0.00141900,523560.00000000,0.00141800,329665.00000000,0.00141700,523221.00000000,0.00142900,117855.00000000,0.00143000,627322.00000000,0.00143100,185759.00000000,0.00143200,863972.00000000,0.00143300,1215426.00000000,0.00143400,582115.00000000,0.00143600,536805.00000000,0.00143700,199389.00000000,0.00143800,726496.00000000,0.00143900,577599.00000000,0.03168,14,0.03167,63,0.03165,14,0.03164,77,0.03162,14,0.03161,78,0.03159,14,0.03158,78,0.03156,15,0.03155,78,0.03172,15,0.03173,91,0.03175,1,0.03178,14,0.03179,77,0.03181,14,0.03182,78,0.03183,10,0.03184,14,0.03185,77
binance,gate,FUNUSDT,0.00142900,0.03168,2116.9349,1774105363854,0.00142600,95293.00000000,0.00142500,591860.00000000,0.00142400,617362.00000000,0.00142300,677320.00000000,0.00142200,292285.00000000,0.00142100,280254.00000000,0.00142000,60078.00000000,0.00141900,523560.00000000,0.00141800,329665.00000000,0.00141700,523221.00000000,0.00142900,117855.00000000,0.00143000,627322.00000000,0.00143100,185759.00000000,0.00143200,863972.00000000,0.00143300,1215426.00000000,0.00143400,582115.00000000,0.00143600,536805.00000000,0.00143700,199389.00000000,0.00143800,726496.00000000,0.00143900,577599.00000000,0.03168,14,0.03167,63,0.03165,14,0.03164,77,0.03162,14,0.03161,78,0.03159,14,0.03158,78,0.03156,15,0.03155,78,0.03172,15,0.03173,91,0.03175,1,0.03178,14,0.03179,77,0.03181,14,0.03182,78,0.03183,10,0.03184,14,0.03185,77
binance,gate,FUNUSDT,0.00142900,0.03168,2116.9349,1774105364155,0.00142600,95293.00000000,0.00142500,591860.00000000,0.00142400,617362.00000000,0.00142300,677320.00000000,0.00142200,292285.00000000,0.00142100,280254.00000000,0.00142000,60078.00000000,0.00141900,523560.00000000,0.00141800,329665.00000000,0.00141700,523221.00000000,0.00142900,117855.00000000,0.00143000,627322.00000000,0.00143100,185759.00000000,0.00143200,863972.00000000,0.00143300,1215426.00000000,0.00143400,582115.00000000,0.00143600,536805.00000000,0.00143700,199389.00000000,0.00143800,726496.00000000,0.00143900,577599.00000000,0.03168,14,0.03167,63,0.03165,14,0.03164,77,0.03162,14,0.03161,78,0.03159,14,0.03158,78,0.03156,15,0.03155,78,0.03172,15,0.03173,91,0.03175,1,0.03178,14,0.03179,77,0.03181,14,0.03182,78,0.03183,10,0.03184,14,0.03185,77
binance,gate,FUNUSDT,0.00142900,0.03168,2116.9349,1774105364455,0.00142600,95293.00000000,0.00142500,591860.00000000,0.00142400,617362.00000000,0.00142300,677320.00000000,0.00142200,292285.00000000,0.00142100,280254.00000000,0.00142000,60078.00000000,0.00141900,523560.00000000,0.00141800,329665.00000000,0.00141700,523221.00000000,0.00142900,67278.00000000,0.00143000,627322.00000000,0.00143100,185759.00000000,0.00143200,863972.00000000,0.00143300,1215426.00000000,0.00143400,582115.00000000,0.00143600,536805.00000000,0.00143700,199389.00000000,0.00143800,726496.00000000,0.00143900,577599.00000000,0.03168,14,0.03167,63,0.03165,14,0.03164,77,0.03162,62,0.03161,78,0.03159,14,0.03158,78,0.03156,15,0.03155,78,0.03172,15,0.03173,91,0.03175,1,0.03178,14,0.03179,77,0.03181,14,0.03182,78,0.03183,10,0.03184,14,0.03185,77
binance,gate,FUNUSDT,0.00142900,0.03168,2116.9349,1774105364755,0.00142600,95293.00000000,0.00142500,591860.00000000,0.00142400,617362.00000000,0.00142300,677320.00000000,0.00142200,292285.00000000,0.00142100,280254.00000000,0.00142000,60078.00000000,0.00141900,523560.00000000,0.00141800,329665.00000000,0.00141700,523221.00000000,0.00142900,67278.00000000,0.00143000,627322.00000000,0.00143100,185759.00000000,0.00143200,863972.00000000,0.00143300,1215426.00000000,0.00143400,582115.00000000,0.00143600,536805.00000000,0.00143700,199389.00000000,0.00143800,726496.00000000,0.00143900,577599.00000000,0.03168,14,0.03167,63,0.03165,14,0.03164,77,0.03162,62,0.03161,78,0.03159,14,0.03158,78,0.03156,15,0.03155,78,0.03172,15,0.03173,91,0.03175,1,0.03178,14,0.03179,77,0.03181,14,0.03182,78,0.03183,10,0.03184,14,0.03185,77
binance,gate,FUNUSDT,0.00142900,0.03168,2116.9349,1774105365055,0.00142600,95293.00000000,0.00142500,591860.00000000,0.00142400,617362.00000000,0.00142300,677320.00000000,0.00142200,292285.00000000,0.00142100,280254.00000000,0.00142000,60078.00000000,0.00141900,523560.00000000,0.00141800,329665.00000000,0.00141700,523221.00000000,0.00142900,67278.00000000,0.00143000,627322.00000000,0.00143100,185759.00000000,0.00143200,863972.00000000,0.00143300,1215426.00000000,0.00143400,582115.00000000,0.00143600,536805.00000000,0.00143700,199389.00000000,0.00143800,726496.00000000,0.00143900,577599.00000000,0.03168,14,0.03167,63,0.03165,14,0.03164,77,0.03162,14,0.03161,78,0.03159,14,0.03158,78,0.03156,15,0.03155,78,0.03172,15,0.03173,91,0.03175,1,0.03178,14,0.03179,77,0.03181,14,0.03182,78,0.03183,10,0.03184,14,0.03185,77
binance,gate,FUNUSDT,0.00142900,0.03168,2116.9349,1774105365355,0.00142600,95293.00000000,0.00142500,591860.00000000,0.00142400,617362.00000000,0.00142300,677320.00000000,0.00142200,292285.00000000,0.00142100,280254.00000000,0.00142000,60078.00000000,0.00141900,523560.00000000,0.00141800,329665.00000000,0.00141700,523221.00000000,0.00142900,117855.00000000,0.00143000,627322.00000000,0.00143100,185759.00000000,0.00143200,863972.00000000,0.00143300,1215426.00000000,0.00143400,582115.00000000,0.00143600,536805.00000000,0.00143700,199389.00000000,0.00143800,726496.00000000,0.00143900,577599.00000000,0.03168,14,0.03167,63,0.03165,14,0.03164,77,0.03162,14,0.03161,78,0.03159,14,0.03158,78,0.03156,15,0.03155,78,0.03172,15,0.03173,91,0.03175,1,0.03178,14,0.03179,77,0.03181,14,0.03182,78,0.03183,10,0.03184,14,0.03185,77
binance,gate,FUNUSDT,0.00142900,0.03168,2116.9349,1774105365656,0.00142600,95293.00000000,0.00142500,591860.00000000,0.00142400,617362.00000000,0.00142300,677320.00000000,0.00142200,292285.00000000,0.00142100,280254.00000000,0.00142000,60078.00000000,0.00141900,523560.00000000,0.00141800,329665.00000000,0.00141700,739607.00000000,0.00142900,117855.00000000,0.00143000,627322.00000000,0.00143100,185759.00000000,0.00143200,863972.00000000,0.00143300,1215426.00000000,0.00143400,582115.00000000,0.00143600,536805.00000000,0.00143700,199389.00000000,0.00143800,726496.00000000,0.00143900,577599.00000000,0.03168,14,0.03167,63,0.03165,14,0.03164,77,0.03162,14,0.03161,78,0.0316,48,0.03159,14,0.03158,78,0.03156,15,0.03172,15,0.03173,91,0.03175,1,0.03178,14,0.03179,77,0.03181,14,0.03182,78,0.03183,10,0.03184,14,0.03185,77
binance,gate,FUNUSDT,0.00142900,0.03168,2116.9349,1774105365956,0.00142600,95293.00000000,0.00142500,591860.00000000,0.00142400,617362.00000000,0.00142300,677320.00000000,0.00142200,292285.00000000,0.00142100,280254.00000000,0.00142000,60078.00000000,0.00141900,523560.00000000,0.00141800,329665.00000000,0.00141700,523221.00000000,0.00142900,117855.00000000,0.00143000,627322.00000000,0.00143100,185759.00000000,0.00143200,863972.00000000,0.00143300,1215426.00000000,0.00143400,582115.00000000,0.00143600,536805.00000000,0.00143700,199389.00000000,0.00143800,726496.00000000,0.00143900,577599.00000000,0.03168,14,0.03167,63,0.03165,14,0.03164,77,0.03162,14,0.03161,78,0.0316,48,0.03159,14,0.03158,78,0.03156,15,0.03172,15,0.03173,91,0.03175,1,0.03178,14,0.03179,77,0.03181,14,0.03182,78,0.03183,10,0.03184,14,0.03185,77
binance,gate,FUNUSDT,0.00142900,0.03168,2116.9349,1774105366256,0.00142600,95293.00000000,0.00142500,591860.00000000,0.00142400,617362.00000000,0.00142300,677320.00000000,0.00142200,292285.00000000,0.00142100,280254.00000000,0.00142000,60078.00000000,0.00141900,523560.00000000,0.00141800,329665.00000000,0.00141700,523221.00000000,0.00142900,117855.00000000,0.00143000,627322.00000000,0.00143100,185759.00000000,0.00143200,863972.00000000,0.00143300,1215426.00000000,0.00143400,582115.00000000,0.00143600,536805.00000000,0.00143700,199389.00000000,0.00143800,726496.00000000,0.00143900,577599.00000000,0.03168,14,0.03167,63,0.03165,14,0.03164,77,0.03162,14,0.03161,78,0.0316,48,0.03159,14,0.03158,78,0.03156,15,0.03172,15,0.03173,91,0.03175,1,0.03178,14,0.03179,77,0.03181,14,0.03182,78,0.03183,10,0.03184,14,0.03185,77
binance,gate,FUNUSDT,0.00142900,0.03168,2116.9349,1774105366557,0.00142600,95293.00000000,0.00142500,591860.00000000,0.00142400,617362.00000000,0.00142300,677320.00000000,0.00142200,292285.00000000,0.00142100,280254.00000000,0.00142000,60078.00000000,0.00141900,523560.00000000,0.00141800,329665.00000000,0.00141700,739607.00000000,0.00142900,117855.00000000,0.00143000,627322.00000000,0.00143100,185759.00000000,0.00143200,863972.00000000,0.00143300,1215426.00000000,0.00143400,582115.00000000,0.00143600,536805.00000000,0.00143700,199389.00000000,0.00143800,726496.00000000,0.00143900,577599.00000000,0.03168,14,0.03167,63,0.03165,14,0.03164,77,0.03162,14,0.03161,78,0.0316,48,0.03159,14,0.03158,78,0.03156,15,0.03172,15,0.03173,91,0.03175,1,0.03178,14,0.03179,77,0.03181,14,0.03182,78,0.03183,10,0.03184,14,0.03185,77
binance,gate,FUNUSDT,0.00142900,0.03168,2116.9349,1774105366857,0.00142600,95293.00000000,0.00142500,591860.00000000,0.00142400,617362.00000000,0.00142300,677320.00000000,0.00142200,292285.00000000,0.00142100,280254.00000000,0.00142000,60078.00000000,0.00141900,523560.00000000,0.00141800,329665.00000000,0.00141700,739607.00000000,0.00142900,117855.00000000,0.00143000,627322.00000000,0.00143100,185759.00000000,0.00143200,863972.00000000,0.00143300,1215426.00000000,0.00143400,582115.00000000,0.00143600,536805.00000000,0.00143700,199389.00000000,0.00143800,726496.00000000,0.00143900,577599.00000000,0.03168,14,0.03167,63,0.03165,14,0.03164,77,0.03162,14,0.03161,78,0.0316,48,0.03159,14,0.03158,78,0.03156,15,0.03172,15,0.03173,91,0.03175,1,0.03178,14,0.03179,77,0.03181,14,0.03182,78,0.03183,10,0.03184,14,0.03185,77
binance,gate,FUNUSDT,0.00142900,0.03168,2116.9349,1774105367157,0.00142600,95293.00000000,0.00142500,591860.00000000,0.00142400,617362.00000000,0.00142300,487891.00000000,0.00142200,624743.00000000,0.00142100,280254.00000000,0.00142000,60078.00000000,0.00141900,523560.00000000,0.00141800,329665.00000000,0.00141700,739607.00000000,0.00142900,117855.00000000,0.00143000,627322.00000000,0.00143100,185759.00000000,0.00143200,1196430.00000000,0.00143300,947995.00000000,0.00143400,582115.00000000,0.00143600,536805.00000000,0.00143700,199389.00000000,0.00143800,726496.00000000,0.00143900,577599.00000000,0.03168,14,0.03167,63,0.03165,14,0.03164,77,0.03162,14,0.03161,78,0.0316,48,0.03159,14,0.03158,78,0.03156,15,0.03172,15,0.03173,91,0.03175,1,0.03178,14,0.03179,77,0.03181,14,0.03182,78,0.03183,10,0.03184,14,0.03185,77
binance,gate,FUNUSDT,0.00142900,0.03168,2116.9349,1774105367457,0.00142600,95293.00000000,0.00142500,591860.00000000,0.00142400,617362.00000000,0.00142300,302815.00000000,0.00142200,885884.00000000,0.00142100,280254.00000000,0.00142000,60078.00000000,0.00141900,523560.00000000,0.00141800,329665.00000000,0.00141700,739607.00000000,0.00142900,117855.00000000,0.00143000,627322.00000000,0.00143100,185759.00000000,0.00143200,1196430.00000000,0.00143300,947995.00000000,0.00143400,582115.00000000,0.00143600,536805.00000000,0.00143700,199389.00000000,0.00143800,726496.00000000,0.00143900,577599.00000000,0.03168,14,0.03167,63,0.03165,14,0.03164,77,0.03162,14,0.03161,78,0.0316,48,0.03159,14,0.03158,78,0.03156,15,0.03172,15,0.03173,91,0.03175,1,0.03178,14,0.03179,77,0.03181,14,0.03182,78,0.03183,10,0.03184,14,0.03185,77
binance,gate,FUNUSDT,0.00142900,0.03168,2116.9349,1774105367757,0.00142600,95293.00000000,0.00142500,591860.00000000,0.00142400,617362.00000000,0.00142300,302815.00000000,0.00142200,885884.00000000,0.00142100,280254.00000000,0.00142000,60078.00000000,0.00141900,523560.00000000,0.00141800,329665.00000000,0.00141700,739607.00000000,0.00142900,117855.00000000,0.00143000,627322.00000000,0.00143100,185759.00000000,0.00143200,1196430.00000000,0.00143300,947995.00000000,0.00143400,582115.00000000,0.00143600,536805.00000000,0.00143700,199389.00000000,0.00143800,726496.00000000,0.00143900,577599.00000000,0.03168,14,0.03167,63,0.03165,14,0.03164,77,0.03162,14,0.03161,78,0.0316,48,0.03159,14,0.03158,78,0.03156,15,0.03172,15,0.03173,91,0.03175,1,0.03178,14,0.03179,77,0.03181,14,0.03182,78,0.03183,10,0.03184,14,0.03185,77
binance,gate,FUNUSDT,0.00142900,0.03168,2116.9349,1774105368057,0.00142600,95293.00000000,0.00142500,591860.00000000,0.00142400,617362.00000000,0.00142300,302815.00000000,0.00142200,885884.00000000,0.00142100,280254.00000000,0.00142000,60078.00000000,0.00141900,523560.00000000,0.00141800,329665.00000000,0.00141700,739607.00000000,0.00142900,117855.00000000,0.00143000,627322.00000000,0.00143100,185759.00000000,0.00143200,1196430.00000000,0.00143300,947995.00000000,0.00143400,582115.00000000,0.00143600,536805.00000000,0.00143700,199389.00000000,0.00143800,726496.00000000,0.00143900,577599.00000000,0.03168,14,0.03167,63,0.03165,14,0.03164,77,0.03162,14,0.03161,78,0.0316,48,0.03159,14,0.03158,78,0.03156,15,0.03172,15,0.03173,91,0.03175,1,0.03178,14,0.03179,77,0.03181,14,0.03182,78,0.03183,10,0.03184,14,0.03185,77
binance,gate,FUNUSDT,0.00142900,0.03168,2116.9349,1774105368357,0.00142600,95293.00000000,0.00142500,591860.00000000,0.00142400,617362.00000000,0.00142300,302815.00000000,0.00142200,885884.00000000,0.00142100,280254.00000000,0.00142000,60078.00000000,0.00141900,523560.00000000,0.00141800,329665.00000000,0.00141700,739607.00000000,0.00142900,117855.00000000,0.00143000,627322.00000000,0.00143100,185759.00000000,0.00143200,1196430.00000000,0.00143300,947995.00000000,0.00143400,582115.00000000,0.00143600,536805.00000000,0.00143700,199389.00000000,0.00143800,726496.00000000,0.00143900,577599.00000000,0.03168,14,0.03167,63,0.03165,14,0.03164,77,0.03162,14,0.03161,78,0.0316,48,0.03159,14,0.03158,78,0.03156,15,0.03172,15,0.03173,91,0.03175,1,0.03178,14,0.03179,77,0.03181,14,0.03182,78,0.03183,10,0.03184,14,0.03185,77
binance,gate,FUNUSDT,0.00142900,0.03168,2116.9349,1774105368657,0.00142600,95293.00000000,0.00142500,591860.00000000,0.00142400,617362.00000000,0.00142300,302815.00000000,0.00142200,885884.00000000,0.00142100,280254.00000000,0.00142000,60078.00000000,0.00141900,523560.00000000,0.00141800,329665.00000000,0.00141700,739607.00000000,0.00142900,117855.00000000,0.00143000,627322.00000000,0.00143100,185759.00000000,0.00143200,1196430.00000000,0.00143300,947995.00000000,0.00143400,582115.00000000,0.00143600,536805.00000000,0.00143700,199389.00000000,0.00143800,726496.00000000,0.00143900,577599.00000000,0.03168,14,0.03167,63,0.03165,14,0.03164,77,0.03162,14,0.03161,78,0.0316,48,0.03159,14,0.03158,78,0.03156,15,0.03172,15,0.03173,91,0.03175,1,0.03178,14,0.03179,77,0.03181,14,0.03182,78,0.03183,10,0.03184,14,0.03185,77
binance,gate,FUNUSDT,0.00142900,0.03168,2116.9349,1774105368958,0.00142600,95293.00000000,0.00142500,591860.00000000,0.00142400,617362.00000000,0.00142300,302815.00000000,0.00142200,885884.00000000,0.00142100,280254.00000000,0.00142000,60078.00000000,0.00141900,523560.00000000,0.00141800,329665.00000000,0.00141700,739607.00000000,0.00142900,117855.00000000,0.00143000,627322.00000000,0.00143100,185759.00000000,0.00143200,1196430.00000000,0.00143300,947995.00000000,0.00143400,582115.00000000,0.00143600,536805.00000000,0.00143700,199389.00000000,0.00143800,726496.00000000,0.00143900,577599.00000000,0.03168,14,0.03167,63,0.03165,14,0.03164,77,0.03162,14,0.03161,78,0.0316,48,0.03159,14,0.03158,78,0.03156,15,0.03172,15,0.03173,91,0.03175,1,0.03178,14,0.03179,77,0.03181,14,0.03182,78,0.03183,10,0.03184,14,0.03185,77
binance,gate,FUNUSDT,0.00142900,0.03168,2116.9349,1774105369258,0.00142600,95293.00000000,0.00142500,591860.00000000,0.00142400,617362.00000000,0.00142300,302815.00000000,0.00142200,885884.00000000,0.00142100,280254.00000000,0.00142000,60078.00000000,0.00141900,523560.00000000,0.00141800,329665.00000000,0.00141700,739607.00000000,0.00142900,117855.00000000,0.00143000,627322.00000000,0.00143100,185759.00000000,0.00143200,1196430.00000000,0.00143300,947995.00000000,0.00143400,582115.00000000,0.00143600,536805.00000000,0.00143700,199389.00000000,0.00143800,726496.00000000,0.00143900,577599.00000000,0.03168,14,0.03167,63,0.03165,14,0.03164,77,0.03162,14,0.03161,78,0.0316,48,0.03159,14,0.03158,78,0.03156,15,0.03172,15,0.03173,91,0.03175,1,0.03178,14,0.03179,77,0.03181,14,0.03182,78,0.03183,10,0.03184,14,0.03185,77
binance,gate,FUNUSDT,0.00142900,0.03168,2116.9349,1774105369558,0.00142600,95293.00000000,0.00142500,591860.00000000,0.00142400,617362.00000000,0.00142300,302815.00000000,0.00142200,885884.00000000,0.00142100,280254.00000000,0.00142000,60078.00000000,0.00141900,523560.00000000,0.00141800,329665.00000000,0.00141700,739607.00000000,0.00142900,117855.00000000,0.00143000,627322.00000000,0.00143100,185759.00000000,0.00143200,1196430.00000000,0.00143300,947995.00000000,0.00143400,582115.00000000,0.00143600,536805.00000000,0.00143700,199389.00000000,0.00143800,726496.00000000,0.00143900,577599.00000000,0.03168,14,0.03167,63,0.03165,14,0.03164,77,0.03162,14,0.03161,78,0.0316,48,0.03159,14,0.03158,78,0.03156,15,0.03172,15,0.03173,91,0.03175,1,0.03178,14,0.03179,77,0.03181,14,0.03182,78,0.03183,10,0.03184,14,0.03185,77
binance,gate,FUNUSDT,0.00142900,0.03168,2116.9349,1774105369858,0.00142600,95293.00000000,0.00142500,591860.00000000,0.00142400,617362.00000000,0.00142300,302815.00000000,0.00142200,885884.00000000,0.00142100,280254.00000000,0.00142000,60078.00000000,0.00141900,523560.00000000,0.00141800,329665.00000000,0.00141700,739607.00000000,0.00142900,117855.00000000,0.00143000,627322.00000000,0.00143100,185759.00000000,0.00143200,1196430.00000000,0.00143300,947995.00000000,0.00143400,582115.00000000,0.00143600,536805.00000000,0.00143700,199389.00000000,0.00143800,726496.00000000,0.00143900,577599.00000000,0.03168,14,0.03167,63,0.03165,14,0.03164,77,0.03162,14,0.03161,78,0.0316,48,0.03159,14,0.03158,78,0.03156,15,0.03172,15,0.03173,91,0.03175,1,0.03178,14,0.03179,77,0.03181,14,0.03182,78,0.03183,10,0.03184,14,0.03185,77
binance,gate,FUNUSDT,0.00142900,0.03168,2116.9349,1774105370159,0.00142600,95293.00000000,0.00142500,591860.00000000,0.00142400,617362.00000000,0.00142300,302815.00000000,0.00142200,885884.00000000,0.00142100,280254.00000000,0.00142000,60078.00000000,0.00141900,523560.00000000,0.00141800,329665.00000000,0.00141700,739607.00000000,0.00142900,117855.00000000,0.00143000,627322.00000000,0.00143100,185759.00000000,0.00143200,1196430.00000000,0.00143300,947995.00000000,0.00143400,582115.00000000,0.00143600,536805.00000000,0.00143700,199389.00000000,0.00143800,726496.00000000,0.00143900,577599.00000000,0.03168,14,0.03167,63,0.03165,14,0.03164,77,0.03162,14,0.03161,78,0.0316,48,0.03159,14,0.03158,78,0.03156,15,0.03172,15,0.03173,91,0.03175,1,0.03178,14,0.03179,77,0.03181,14,0.03182,78,0.03183,10,0.03184,14,0.03185,77
binance,gate,FUNUSDT,0.00142900,0.03168,2116.9349,1774105370464,0.00142600,95293.00000000,0.00142500,591860.00000000,0.00142400,617362.00000000,0.00142300,302815.00000000,0.00142200,885884.00000000,0.00142100,280254.00000000,0.00142000,60078.00000000,0.00141900,523560.00000000,0.00141800,329665.00000000,0.00141700,739607.00000000,0.00142900,67278.00000000,0.00143000,627322.00000000,0.00143100,185759.00000000,0.00143200,1196430.00000000,0.00143300,947995.00000000,0.00143400,582115.00000000,0.00143600,536805.00000000,0.00143700,199389.00000000,0.00143800,726496.00000000,0.00143900,577599.00000000,0.03168,14,0.03167,63,0.03165,14,0.03164,77,0.03162,14,0.03161,78,0.0316,48,0.03159,14,0.03158,78,0.03156,15,0.03172,15,0.03173,91,0.03175,1,0.03178,14,0.03179,77,0.03181,14,0.03182,78,0.03183,10,0.03184,14,0.03185,77
binance,gate,FUNUSDT,0.00142900,0.03168,2116.9349,1774105370765,0.00142600,95293.00000000,0.00142500,591860.00000000,0.00142400,617362.00000000,0.00142300,302815.00000000,0.00142200,885884.00000000,0.00142100,280254.00000000,0.00142000,60078.00000000,0.00141900,523560.00000000,0.00141800,329665.00000000,0.00141700,739607.00000000,0.00142900,67278.00000000,0.00143000,627322.00000000,0.00143100,185759.00000000,0.00143200,1196430.00000000,0.00143300,947995.00000000,0.00143400,582115.00000000,0.00143600,536805.00000000,0.00143700,199389.00000000,0.00143800,726496.00000000,0.00143900,577599.00000000,0.03168,14,0.03167,63,0.03165,14,0.03164,77,0.03162,14,0.03161,78,0.0316,48,0.03159,14,0.03158,78,0.03156,15,0.03172,15,0.03173,91,0.03175,1,0.03178,14,0.03179,77,0.03181,14,0.03182,78,0.03183,10,0.03184,14,0.03185,77
binance,gate,FUNUSDT,0.00142900,0.03168,2116.9349,1774105371065,0.00142600,95293.00000000,0.00142500,591860.00000000,0.00142400,617362.00000000,0.00142300,302815.00000000,0.00142200,885884.00000000,0.00142100,280254.00000000,0.00142000,60078.00000000,0.00141900,523560.00000000,0.00141800,329665.00000000,0.00141700,739607.00000000,0.00142900,67278.00000000,0.00143000,627322.00000000,0.00143100,185759.00000000,0.00143200,1196430.00000000,0.00143300,947995.00000000,0.00143400,582115.00000000,0.00143600,536805.00000000,0.00143700,199389.00000000,0.00143800,726496.00000000,0.00143900,577599.00000000,0.03168,14,0.03167,63,0.03165,14,0.03164,77,0.03162,14,0.03161,78,0.0316,48,0.03159,14,0.03158,78,0.03156,15,0.03172,15,0.03173,91,0.03175,1,0.03178,14,0.03179,77,0.03181,14,0.03182,78,0.03183,10,0.03184,14,0.03185,77
binance,gate,FUNUSDT,0.00142900,0.03168,2116.9349,1774105371365,0.00142600,95293.00000000,0.00142500,591860.00000000,0.00142400,617362.00000000,0.00142300,302815.00000000,0.00142200,885884.00000000,0.00142100,280254.00000000,0.00142000,60078.00000000,0.00141900,523560.00000000,0.00141800,329665.00000000,0.00141700,739607.00000000,0.00142900,117855.00000000,0.00143000,627322.00000000,0.00143100,185759.00000000,0.00143200,1196430.00000000,0.00143300,947995.00000000,0.00143400,582115.00000000,0.00143600,536805.00000000,0.00143700,199389.00000000,0.00143800,726496.00000000,0.00143900,577599.00000000,0.03168,14,0.03167,63,0.03165,14,0.03164,77,0.03162,14,0.03161,78,0.0316,48,0.03159,14,0.03158,78,0.03156,15,0.03172,15,0.03173,91,0.03175,1,0.03178,14,0.03179,77,0.03181,14,0.03182,78,0.03183,10,0.03184,14,0.03185,77
binance,gate,FUNUSDT,0.00142900,0.03168,2116.9349,1774105371666,0.00142600,95293.00000000,0.00142500,591860.00000000,0.00142400,617362.00000000,0.00142300,302815.00000000,0.00142200,885884.00000000,0.00142100,280254.00000000,0.00142000,60078.00000000,0.00141900,523560.00000000,0.00141800,329665.00000000,0.00141700,739607.00000000,0.00142900,117855.00000000,0.00143000,627322.00000000,0.00143100,185759.00000000,0.00143200,1196430.00000000,0.00143300,947995.00000000,0.00143400,582115.00000000,0.00143600,536805.00000000,0.00143700,199389.00000000,0.00143800,726496.00000000,0.00143900,577599.00000000,0.03168,14,0.03167,63,0.03165,14,0.03164,77,0.03162,14,0.03161,78,0.0316,48,0.03159,14,0.03158,78,0.03156,15,0.03172,15,0.03173,91,0.03175,1,0.03178,14,0.03179,77,0.03181,14,0.03182,78,0.03183,10,0.03184,14,0.03185,77
binance,gate,FUNUSDT,0.00142900,0.03168,2116.9349,1774105371966,0.00142600,95293.00000000,0.00142500,591860.00000000,0.00142400,617362.00000000,0.00142300,302815.00000000,0.00142200,885884.00000000,0.00142100,280254.00000000,0.00142000,60078.00000000,0.00141900,523560.00000000,0.00141800,329665.00000000,0.00141700,739607.00000000,0.00142900,117855.00000000,0.00143000,627322.00000000,0.00143100,185759.00000000,0.00143200,1196430.00000000,0.00143300,947995.00000000,0.00143400,582115.00000000,0.00143600,536805.00000000,0.00143700,199389.00000000,0.00143800,726496.00000000,0.00143900,577599.00000000,0.03168,14,0.03167,63,0.03165,14,0.03164,77,0.03162,14,0.03161,78,0.0316,48,0.03159,14,0.03158,78,0.03156,15,0.03173,14,0.03174,77,0.03175,1,0.03178,14,0.03179,77,0.03181,14,0.03182,78,0.03183,10,0.03184,14,0.03185,77
binance,gate,FUNUSDT,0.00142900,0.03168,2116.9349,1774105372266,0.00142600,95293.00000000,0.00142500,591860.00000000,0.00142400,617362.00000000,0.00142300,302815.00000000,0.00142200,885884.00000000,0.00142100,280254.00000000,0.00142000,60078.00000000,0.00141900,523560.00000000,0.00141800,329665.00000000,0.00141700,739607.00000000,0.00142900,117855.00000000,0.00143000,627322.00000000,0.00143100,185759.00000000,0.00143200,1196430.00000000,0.00143300,947995.00000000,0.00143400,582115.00000000,0.00143600,536805.00000000,0.00143700,199389.00000000,0.00143800,726496.00000000,0.00143900,577599.00000000,0.03168,14,0.03167,63,0.03165,14,0.03164,77,0.03162,14,0.03161,78,0.0316,48,0.03159,14,0.03158,78,0.03156,15,0.03173,14,0.03174,77,0.03175,1,0.03178,14,0.03179,77,0.03181,14,0.03182,78,0.03183,10,0.03184,14,0.03185,77
binance,gate,FUNUSDT,0.00142900,0.03168,2116.9349,1774105372568,0.00142600,95293.00000000,0.00142500,591860.00000000,0.00142400,617362.00000000,0.00142300,302815.00000000,0.00142200,885884.00000000,0.00142100,280254.00000000,0.00142000,60078.00000000,0.00141900,523560.00000000,0.00141800,329665.00000000,0.00141700,739607.00000000,0.00142900,117855.00000000,0.00143000,627322.00000000,0.00143100,443597.00000000,0.00143200,1196430.00000000,0.00143300,735920.00000000,0.00143400,582115.00000000,0.00143600,536805.00000000,0.00143700,199389.00000000,0.00143800,726496.00000000,0.00143900,577599.00000000,0.03168,14,0.03167,63,0.03165,14,0.03164,77,0.03162,14,0.03161,78,0.0316,48,0.03159,14,0.03158,78,0.03156,15,0.03172,14,0.03173,91,0.03175,1,0.03178,14,0.03179,77,0.03181,14,0.03182,78,0.03183,10,0.03184,14,0.03185,77
binance,gate,FUNUSDT,0.00142900,0.03168,2116.9349,1774105372868,0.00142600,95293.00000000,0.00142500,591860.00000000,0.00142400,617362.00000000,0.00142300,302815.00000000,0.00142200,885884.00000000,0.00142100,280254.00000000,0.00142000,60078.00000000,0.00141900,523560.00000000,0.00141800,329665.00000000,0.00141700,739607.00000000,0.00142900,117855.00000000,0.00143000,627322.00000000,0.00143100,443597.00000000,0.00143200,1196430.00000000,0.00143300,735920.00000000,0.00143400,582115.00000000,0.00143600,536805.00000000,0.00143700,199389.00000000,0.00143800,726496.00000000,0.00143900,577599.00000000,0.03168,14,0.03167,63,0.03165,14,0.03164,77,0.03162,14,0.03161,78,0.0316,48,0.03159,14,0.03158,78,0.03156,15,0.03172,14,0.03173,91,0.03175,1,0.03178,14,0.03179,77,0.03181,14,0.03182,78,0.03183,10,0.03184,14,0.03185,77
binance,gate,FUNUSDT,0.00142900,0.03168,2116.9349,1774105373170,0.00142600,95293.00000000,0.00142500,591860.00000000,0.00142400,617362.00000000,0.00142300,302815.00000000,0.00142200,885884.00000000,0.00142100,280254.00000000,0.00142000,60078.00000000,0.00141900,523560.00000000,0.00141800,329665.00000000,0.00141700,739607.00000000,0.00142900,117855.00000000,0.00143000,627322.00000000,0.00143100,443597.00000000,0.00143200,1196430.00000000,0.00143300,735920.00000000,0.00143400,582115.00000000,0.00143600,536805.00000000,0.00143700,199389.00000000,0.00143800,726496.00000000,0.00143900,577599.00000000,0.03168,14,0.03167,63,0.03165,14,0.03164,77,0.03162,14,0.03161,78,0.0316,48,0.03159,14,0.03158,78,0.03156,15,0.03172,14,0.03173,91,0.03175,1,0.03178,14,0.03179,77,0.03181,14,0.03182,78,0.03183,10,0.03184,14,0.03185,77
binance,gate,FUNUSDT,0.00142900,0.03168,2116.9349,1774105373472,0.00142600,95293.00000000,0.00142500,591860.00000000,0.00142400,617362.00000000,0.00142300,302815.00000000,0.00142200,885884.00000000,0.00142100,280254.00000000,0.00142000,60078.00000000,0.00141900,523560.00000000,0.00141800,329665.00000000,0.00141700,739607.00000000,0.00142900,117855.00000000,0.00143000,627322.00000000,0.00143100,443597.00000000,0.00143200,1196430.00000000,0.00143300,735920.00000000,0.00143400,582115.00000000,0.00143600,536805.00000000,0.00143700,199389.00000000,0.00143800,726496.00000000,0.00143900,577599.00000000,0.03168,14,0.03167,63,0.03165,14,0.03164,77,0.03162,14,0.03161,78,0.0316,48,0.03159,14,0.03158,78,0.03156,15,0.03172,14,0.03173,91,0.03175,1,0.03178,14,0.03179,77,0.03181,14,0.03182,78,0.03183,10,0.03184,14,0.03185,77
binance,gate,FUNUSDT,0.00142900,0.03168,2116.9349,1774105373772,0.00142600,95293.00000000,0.00142500,591860.00000000,0.00142400,617362.00000000,0.00142300,302815.00000000,0.00142200,885884.00000000,0.00142100,280254.00000000,0.00142000,60078.00000000,0.00141900,523560.00000000,0.00141800,329665.00000000,0.00141700,739607.00000000,0.00142900,117855.00000000,0.00143000,627322.00000000,0.00143100,443597.00000000,0.00143200,1196430.00000000,0.00143300,735920.00000000,0.00143400,582115.00000000,0.00143600,536805.00000000,0.00143700,199389.00000000,0.00143800,726496.00000000,0.00143900,577599.00000000,0.03168,14,0.03167,63,0.03165,14,0.03164,77,0.03162,14,0.03161,78,0.0316,48,0.03159,14,0.03158,78,0.03156,15,0.03172,14,0.03173,91,0.03175,1,0.03178,14,0.03179,77,0.03181,14,0.03182,78,0.03183,10,0.03184,14,0.03185,77
binance,gate,FUNUSDT,0.00142900,0.03168,2116.9349,1774105374073,0.00142600,95293.00000000,0.00142500,591860.00000000,0.00142400,617362.00000000,0.00142300,302815.00000000,0.00142200,885884.00000000,0.00142100,280254.00000000,0.00142000,60078.00000000,0.00141900,523560.00000000,0.00141800,329665.00000000,0.00141700,739607.00000000,0.00142900,117855.00000000,0.00143000,627322.00000000,0.00143100,443597.00000000,0.00143200,1196430.00000000,0.00143300,735920.00000000,0.00143400,582115.00000000,0.00143600,536805.00000000,0.00143700,199389.00000000,0.00143800,726496.00000000,0.00143900,577599.00000000,0.03168,14,0.03167,63,0.03165,14,0.03164,77,0.03162,14,0.03161,78,0.0316,48,0.03159,14,0.03158,78,0.03156,15,0.03172,14,0.03173,91,0.03175,1,0.03178,14,0.03179,77,0.03181,14,0.03182,78,0.03183,10,0.03184,14,0.03185,77
binance,gate,FUNUSDT,0.00142900,0.03168,2116.9349,1774105374373,0.00142600,95293.00000000,0.00142500,591860.00000000,0.00142400,617362.00000000,0.00142300,302815.00000000,0.00142200,885884.00000000,0.00142100,280254.00000000,0.00142000,60078.00000000,0.00141900,523560.00000000,0.00141800,329665.00000000,0.00141700,739607.00000000,0.00142900,117855.00000000,0.00143000,627322.00000000,0.00143100,443597.00000000,0.00143200,1196430.00000000,0.00143300,735920.00000000,0.00143400,582115.00000000,0.00143600,536805.00000000,0.00143700,199389.00000000,0.00143800,726496.00000000,0.00143900,577599.00000000,0.03168,14,0.03167,63,0.03165,14,0.03164,77,0.03162,14,0.03161,78,0.0316,48,0.03159,14,0.03158,78,0.03156,15,0.03172,14,0.03173,91,0.03175,1,0.03178,14,0.03179,77,0.03181,14,0.03182,78,0.03183,10,0.03184,14,0.03185,77
binance,gate,FUNUSDT,0.00142900,0.03168,2116.9349,1774105374673,0.00142600,95293.00000000,0.00142500,591860.00000000,0.00142400,617362.00000000,0.00142300,302815.00000000,0.00142200,885884.00000000,0.00142100,280254.00000000,0.00142000,60078.00000000,0.00141900,523560.00000000,0.00141800,329665.00000000,0.00141700,739607.00000000,0.00142900,117855.00000000,0.00143000,627322.00000000,0.00143100,443597.00000000,0.00143200,1196430.00000000,0.00143300,735920.00000000,0.00143400,582115.00000000,0.00143600,536805.00000000,0.00143700,199389.00000000,0.00143800,726496.00000000,0.00143900,577599.00000000,0.03168,14,0.03167,63,0.03165,14,0.03164,77,0.03162,14,0.03161,78,0.0316,48,0.03159,14,0.03158,78,0.03156,15,0.03172,14,0.03173,91,0.03175,1,0.03178,14,0.03179,77,0.03181,14,0.03182,78,0.03183,10,0.03184,14,0.03185,77
binance,gate,FUNUSDT,0.00142900,0.03168,2116.9349,1774105374973,0.00142600,95293.00000000,0.00142500,591860.00000000,0.00142400,617362.00000000,0.00142300,302815.00000000,0.00142200,885884.00000000,0.00142100,280254.00000000,0.00142000,60078.00000000,0.00141900,523560.00000000,0.00141800,329665.00000000,0.00141700,739607.00000000,0.00142900,117855.00000000,0.00143000,627322.00000000,0.00143100,443597.00000000,0.00143200,1196430.00000000,0.00143300,735920.00000000,0.00143400,582115.00000000,0.00143600,536805.00000000,0.00143700,199389.00000000,0.00143800,726496.00000000,0.00143900,577599.00000000,0.03168,14,0.03167,63,0.03165,14,0.03164,77,0.03162,14,0.03161,78,0.0316,48,0.03159,14,0.03158,78,0.03156,15,0.03172,14,0.03173,91,0.03175,1,0.03178,14,0.03179,77,0.03181,14,0.03182,78,0.03183,10,0.03184,14,0.03185,77
binance,gate,FUNUSDT,0.00142900,0.03168,2116.9349,1774105375273,0.00142600,95293.00000000,0.00142500,325522.00000000,0.00142400,940043.00000000,0.00142300,302815.00000000,0.00142200,885884.00000000,0.00142100,280254.00000000,0.00142000,60078.00000000,0.00141900,523560.00000000,0.00141800,329665.00000000,0.00141700,739607.00000000,0.00142900,117855.00000000,0.00143000,627322.00000000,0.00143100,766278.00000000,0.00143200,863972.00000000,0.00143300,735920.00000000,0.00143400,582115.00000000,0.00143600,536805.00000000,0.00143700,199389.00000000,0.00143800,726496.00000000,0.00143900,577599.00000000,0.03168,14,0.03167,63,0.03165,14,0.03164,77,0.03162,14,0.03161,78,0.0316,48,0.03159,14,0.03158,78,0.03156,15,0.03172,14,0.03173,91,0.03175,1,0.03178,14,0.03179,77,0.03181,14,0.03182,78,0.03183,10,0.03184,14,0.03185,77
binance,gate,FUNUSDT,0.00142900,0.03168,2116.9349,1774105375573,0.00142600,95293.00000000,0.00142500,325522.00000000,0.00142400,940043.00000000,0.00142300,302815.00000000,0.00142200,885884.00000000,0.00142100,280254.00000000,0.00142000,60078.00000000,0.00141900,523560.00000000,0.00141800,329665.00000000,0.00141700,739607.00000000,0.00142900,117855.00000000,0.00143000,627322.00000000,0.00143100,766278.00000000,0.00143200,863972.00000000,0.00143300,735920.00000000,0.00143400,582115.00000000,0.00143600,536805.00000000,0.00143700,199389.00000000,0.00143800,726496.00000000,0.00143900,577599.00000000,0.03168,14,0.03167,63,0.03165,14,0.03164,77,0.03162,14,0.03161,78,0.0316,48,0.03159,14,0.03158,78,0.03156,15,0.03172,14,0.03173,91,0.03175,1,0.03178,14,0.03179,77,0.03181,14,0.03182,78,0.03183,10,0.03184,14,0.03185,77
binance,gate,FUNUSDT,0.00142900,0.03168,2116.9349,1774105375873,0.00142600,95293.00000000,0.00142500,325522.00000000,0.00142400,940043.00000000,0.00142300,302815.00000000,0.00142200,885884.00000000,0.00142100,280254.00000000,0.00142000,60078.00000000,0.00141900,523560.00000000,0.00141800,329665.00000000,0.00141700,739607.00000000,0.00142900,117855.00000000,0.00143000,627322.00000000,0.00143100,766278.00000000,0.00143200,863972.00000000,0.00143300,735920.00000000,0.00143400,582115.00000000,0.00143600,536805.00000000,0.00143700,199389.00000000,0.00143800,726496.00000000,0.00143900,577599.00000000,0.03168,14,0.03167,63,0.03165,14,0.03164,77,0.03162,14,0.03161,78,0.0316,48,0.03159,14,0.03158,78,0.03156,15,0.03172,14,0.03173,91,0.03175,1,0.03178,14,0.03179,77,0.03181,14,0.03182,78,0.03183,10,0.03184,14,0.03185,77
binance,gate,FUNUSDT,0.00142900,0.03168,2116.9349,1774105376173,0.00142600,95293.00000000,0.00142500,325522.00000000,0.00142400,940043.00000000,0.00142300,302815.00000000,0.00142200,885884.00000000,0.00142100,280254.00000000,0.00142000,60078.00000000,0.00141900,523560.00000000,0.00141800,329665.00000000,0.00141700,739607.00000000,0.00142900,117855.00000000,0.00143000,627322.00000000,0.00143100,766278.00000000,0.00143200,863972.00000000,0.00143300,735920.00000000,0.00143400,582115.00000000,0.00143600,536805.00000000,0.00143700,199389.00000000,0.00143800,726496.00000000,0.00143900,577599.00000000,0.03168,14,0.03167,63,0.03165,14,0.03164,77,0.03162,62,0.03161,78,0.03159,14,0.03158,78,0.03156,15,0.03155,78,0.03172,14,0.03173,91,0.03175,1,0.03178,14,0.03179,77,0.03181,14,0.03182,78,0.03183,10,0.03184,14,0.03185,77
binance,gate,FUNUSDT,0.00142900,0.03168,2116.9349,1774105376483,0.00142600,95293.00000000,0.00142500,325522.00000000,0.00142400,940043.00000000,0.00142300,302815.00000000,0.00142200,885884.00000000,0.00142100,280254.00000000,0.00142000,60078.00000000,0.00141900,523560.00000000,0.00141800,329665.00000000,0.00141700,739607.00000000,0.00142900,67278.00000000,0.00143000,627322.00000000,0.00143100,766278.00000000,0.00143200,863972.00000000,0.00143300,735920.00000000,0.00143400,582115.00000000,0.00143600,536805.00000000,0.00143700,199389.00000000,0.00143800,726496.00000000,0.00143900,577599.00000000,0.03168,14,0.03167,63,0.03165,14,0.03164,77,0.03162,62,0.03161,78,0.03159,14,0.03158,78,0.03156,15,0.03155,78,0.03172,14,0.03173,91,0.03175,1,0.03178,14,0.03179,77,0.03181,14,0.03182,78,0.03183,10,0.03184,14,0.03185,77
binance,gate,FUNUSDT,0.00142900,0.03168,2116.9349,1774105376793,0.00142600,95293.00000000,0.00142500,325522.00000000,0.00142400,940043.00000000,0.00142300,302815.00000000,0.00142200,885884.00000000,0.00142100,280254.00000000,0.00142000,60078.00000000,0.00141900,523560.00000000,0.00141800,329665.00000000,0.00141700,739607.00000000,0.00142900,67278.00000000,0.00143000,627322.00000000,0.00143100,766278.00000000,0.00143200,863972.00000000,0.00143300,735920.00000000,0.00143400,582115.00000000,0.00143600,536805.00000000,0.00143700,199389.00000000,0.00143800,726496.00000000,0.00143900,577599.00000000,0.03168,14,0.03167,63,0.03165,14,0.03164,77,0.03162,62,0.03161,78,0.03159,14,0.03158,78,0.03156,15,0.03155,78,0.03172,14,0.03173,91,0.03175,1,0.03178,14,0.03179,77,0.03181,14,0.03182,78,0.03183,10,0.03184,14,0.03185,77
binance,gate,FUNUSDT,0.00142900,0.03168,2116.9349,1774105377104,0.00142600,95293.00000000,0.00142500,325522.00000000,0.00142400,940043.00000000,0.00142300,302815.00000000,0.00142200,885884.00000000,0.00142100,280254.00000000,0.00142000,60078.00000000,0.00141900,523560.00000000,0.00141800,329665.00000000,0.00141700,739607.00000000,0.00142900,67278.00000000,0.00143000,627322.00000000,0.00143100,766278.00000000,0.00143200,863972.00000000,0.00143300,735920.00000000,0.00143400,582115.00000000,0.00143600,536805.00000000,0.00143700,199389.00000000,0.00143800,726496.00000000,0.00143900,577599.00000000,0.03168,14,0.03167,63,0.03165,14,0.03164,77,0.03162,62,0.03161,78,0.03159,14,0.03158,78,0.03156,15,0.03155,78,0.03172,14,0.03173,91,0.03175,1,0.03178,14,0.03179,77,0.03181,14,0.03182,78,0.03183,10,0.03184,14,0.03185,77
binance,gate,FUNUSDT,0.00142900,0.03168,2116.9349,1774105377417,0.00142600,95293.00000000,0.00142500,325522.00000000,0.00142400,940043.00000000,0.00142300,302815.00000000,0.00142200,885884.00000000,0.00142100,280254.00000000,0.00142000,60078.00000000,0.00141900,523560.00000000,0.00141800,329665.00000000,0.00141700,739607.00000000,0.00142900,117855.00000000,0.00143000,627322.00000000,0.00143100,766278.00000000,0.00143200,863972.00000000,0.00143300,735920.00000000,0.00143400,582115.00000000,0.00143600,536805.00000000,0.00143700,199389.00000000,0.00143800,726496.00000000,0.00143900,577599.00000000,0.03168,14,0.03167,63,0.03165,14,0.03164,77,0.03162,62,0.03161,78,0.03159,14,0.03158,78,0.03156,15,0.03155,78,0.03172,14,0.03173,91,0.03175,1,0.03178,14,0.03179,77,0.03181,14,0.03182,78,0.03183,10,0.03184,14,0.03185,77
binance,gate,FUNUSDT,0.00142900,0.03168,2116.9349,1774105377727,0.00142600,95293.00000000,0.00142500,325522.00000000,0.00142400,940043.00000000,0.00142300,302815.00000000,0.00142200,885884.00000000,0.00142100,280254.00000000,0.00142000,60078.00000000,0.00141900,523560.00000000,0.00141800,329665.00000000,0.00141700,739607.00000000,0.00142900,117855.00000000,0.00143000,627322.00000000,0.00143100,766278.00000000,0.00143200,863972.00000000,0.00143300,735920.00000000,0.00143400,582115.00000000,0.00143600,536805.00000000,0.00143700,199389.00000000,0.00143800,726496.00000000,0.00143900,577599.00000000,0.03168,14,0.03167,63,0.03165,14,0.03164,77,0.03162,62,0.03161,78,0.03159,14,0.03158,78,0.03156,15,0.03155,78,0.03172,14,0.03173,91,0.03175,1,0.03178,14,0.03179,77,0.03181,14,0.03182,78,0.03183,10,0.03184,14,0.03185,77
binance,gate,FUNUSDT,0.00142900,0.03168,2116.9349,1774105378045,0.00142600,95293.00000000,0.00142500,325522.00000000,0.00142400,940043.00000000,0.00142300,302815.00000000,0.00142200,885884.00000000,0.00142100,280254.00000000,0.00142000,60078.00000000,0.00141900,523560.00000000,0.00141800,329665.00000000,0.00141700,739607.00000000,0.00142900,117855.00000000,0.00143000,627322.00000000,0.00143100,766278.00000000,0.00143200,863972.00000000,0.00143300,735920.00000000,0.00143400,582115.00000000,0.00143600,536805.00000000,0.00143700,199389.00000000,0.00143800,726496.00000000,0.00143900,577599.00000000,0.03168,14,0.03167,63,0.03165,14,0.03164,77,0.03162,62,0.03161,78,0.03159,14,0.03158,78,0.03156,15,0.03155,78,0.03172,14,0.03173,91,0.03175,1,0.03178,14,0.03179,77,0.03181,14,0.03182,78,0.03183,10,0.03184,14,0.03185,77
binance,gate,FUNUSDT,0.00142900,0.03168,2116.9349,1774105378354,0.00142600,95293.00000000,0.00142500,325522.00000000,0.00142400,940043.00000000,0.00142300,302815.00000000,0.00142200,885884.00000000,0.00142100,280254.00000000,0.00142000,60078.00000000,0.00141900,523560.00000000,0.00141800,329665.00000000,0.00141700,739607.00000000,0.00142900,117855.00000000,0.00143000,627322.00000000,0.00143100,766278.00000000,0.00143200,863972.00000000,0.00143300,735920.00000000,0.00143400,582115.00000000,0.00143600,536805.00000000,0.00143700,199389.00000000,0.00143800,726496.00000000,0.00143900,577599.00000000,0.03168,14,0.03167,63,0.03165,14,0.03164,77,0.03162,62,0.03161,78,0.03159,14,0.03158,78,0.03156,15,0.03155,78,0.03172,14,0.03173,91,0.03175,1,0.03178,14,0.03179,77,0.03181,14,0.03182,78,0.03183,10,0.03184,14,0.03185,77
binance,gate,FUNUSDT,0.00142900,0.03168,2116.9349,1774105378664,0.00142600,95293.00000000,0.00142500,325522.00000000,0.00142400,940043.00000000,0.00142300,302815.00000000,0.00142200,885884.00000000,0.00142100,280254.00000000,0.00142000,60078.00000000,0.00141900,523560.00000000,0.00141800,329665.00000000,0.00141700,739607.00000000,0.00142900,117855.00000000,0.00143000,627322.00000000,0.00143100,766278.00000000,0.00143200,863972.00000000,0.00143300,735920.00000000,0.00143400,582115.00000000,0.00143600,536805.00000000,0.00143700,199389.00000000,0.00143800,726496.00000000,0.00143900,577599.00000000,0.03168,14,0.03167,63,0.03165,14,0.03164,77,0.03162,62,0.03161,78,0.03159,14,0.03158,78,0.03156,15,0.03155,78,0.03172,14,0.03173,91,0.03175,1,0.03178,14,0.03179,77,0.03181,14,0.03182,78,0.03183,10,0.03184,14,0.03185,77
binance,gate,FUNUSDT,0.00142900,0.03168,2116.9349,1774105378972,0.00142600,95293.00000000,0.00142500,325522.00000000,0.00142400,940043.00000000,0.00142300,302815.00000000,0.00142200,885884.00000000,0.00142100,280254.00000000,0.00142000,60078.00000000,0.00141900,523560.00000000,0.00141800,329665.00000000,0.00141700,739607.00000000,0.00142900,117855.00000000,0.00143000,627322.00000000,0.00143100,766278.00000000,0.00143200,863972.00000000,0.00143300,735920.00000000,0.00143400,582115.00000000,0.00143600,536805.00000000,0.00143700,199389.00000000,0.00143800,726496.00000000,0.00143900,577599.00000000,0.03168,14,0.03167,63,0.03165,14,0.03164,77,0.03162,62,0.03161,78,0.03159,14,0.03158,78,0.03156,15,0.03155,78,0.03172,14,0.03173,91,0.03175,1,0.03178,14,0.03179,77,0.03181,14,0.03182,78,0.03183,10,0.03184,14,0.03185,77
binance,gate,FUNUSDT,0.00142900,0.03168,2116.9349,1774105379279,0.00142600,95293.00000000,0.00142500,325522.00000000,0.00142400,940043.00000000,0.00142300,302815.00000000,0.00142200,885884.00000000,0.00142100,280254.00000000,0.00142000,60078.00000000,0.00141900,523560.00000000,0.00141800,329665.00000000,0.00141700,739607.00000000,0.00142900,117855.00000000,0.00143000,627322.00000000,0.00143100,766278.00000000,0.00143200,863972.00000000,0.00143300,735920.00000000,0.00143400,582115.00000000,0.00143600,536805.00000000,0.00143700,199389.00000000,0.00143800,726496.00000000,0.00143900,577599.00000000,0.03168,14,0.03167,63,0.03165,14,0.03164,77,0.03162,62,0.03161,78,0.03159,14,0.03158,78,0.03156,15,0.03155,78,0.03172,14,0.03173,91,0.03175,1,0.03178,14,0.03179,77,0.03181,14,0.03182,78,0.03183,10,0.03184,14,0.03185,77
binance,gate,FUNUSDT,0.00142900,0.03168,2116.9349,1774105379585,0.00142600,95293.00000000,0.00142500,325522.00000000,0.00142400,940043.00000000,0.00142300,302815.00000000,0.00142200,885884.00000000,0.00142100,280254.00000000,0.00142000,60078.00000000,0.00141900,523560.00000000,0.00141800,329665.00000000,0.00141700,739607.00000000,0.00142900,117855.00000000,0.00143000,627322.00000000,0.00143100,766278.00000000,0.00143200,863972.00000000,0.00143300,735920.00000000,0.00143400,582115.00000000,0.00143600,536805.00000000,0.00143700,199389.00000000,0.00143800,726496.00000000,0.00143900,577599.00000000,0.03168,14,0.03167,63,0.03165,14,0.03164,77,0.03162,62,0.03161,78,0.03159,14,0.03158,78,0.03156,15,0.03155,78,0.03172,14,0.03173,91,0.03175,1,0.03178,14,0.03179,77,0.03181,14,0.03182,78,0.03183,10,0.03184,14,0.03185,77
binance,gate,FUNUSDT,0.00142900,0.03168,2116.9349,1774105379900,0.00142600,95293.00000000,0.00142500,325522.00000000,0.00142400,940043.00000000,0.00142300,302815.00000000,0.00142200,885884.00000000,0.00142100,280254.00000000,0.00142000,60078.00000000,0.00141900,523560.00000000,0.00141800,329665.00000000,0.00141700,739607.00000000,0.00142900,117855.00000000,0.00143000,627322.00000000,0.00143100,766278.00000000,0.00143200,863972.00000000,0.00143300,735920.00000000,0.00143400,582115.00000000,0.00143600,536805.00000000,0.00143700,199389.00000000,0.00143800,726496.00000000,0.00143900,577599.00000000,0.03168,14,0.03167,63,0.03165,14,0.03164,77,0.03162,62,0.03161,78,0.03159,14,0.03158,78,0.03156,15,0.03155,78,0.03172,14,0.03173,91,0.03175,1,0.03178,14,0.03179,77,0.03181,14,0.03182,78,0.03183,10,0.03184,14,0.03185,77
binance,gate,FUNUSDT,0.00142900,0.03168,2116.9349,1774105380214,0.00142600,95293.00000000,0.00142500,325522.00000000,0.00142400,940043.00000000,0.00142300,302815.00000000,0.00142200,885884.00000000,0.00142100,280254.00000000,0.00142000,60078.00000000,0.00141900,523560.00000000,0.00141800,329665.00000000,0.00141700,739607.00000000,0.00142900,117855.00000000,0.00143000,627322.00000000,0.00143100,766278.00000000,0.00143200,863972.00000000,0.00143300,735920.00000000,0.00143400,582115.00000000,0.00143600,536805.00000000,0.00143700,199389.00000000,0.00143800,726496.00000000,0.00143900,577599.00000000,0.03168,14,0.03167,63,0.03165,14,0.03164,77,0.03162,62,0.03161,78,0.03159,14,0.03158,78,0.03156,15,0.03155,78,0.03172,14,0.03173,91,0.03175,1,0.03178,14,0.03179,77,0.03181,14,0.03182,78,0.03183,10,0.03184,14,0.03185,77
binance,gate,FUNUSDT,0.00142900,0.03168,2116.9349,1774105380529,0.00142600,95293.00000000,0.00142500,325522.00000000,0.00142400,940043.00000000,0.00142300,302815.00000000,0.00142200,885884.00000000,0.00142100,280254.00000000,0.00142000,60078.00000000,0.00141900,523560.00000000,0.00141800,329665.00000000,0.00141700,739607.00000000,0.00142900,117855.00000000,0.00143000,627322.00000000,0.00143100,766278.00000000,0.00143200,863972.00000000,0.00143300,735920.00000000,0.00143400,582115.00000000,0.00143600,536805.00000000,0.00143700,199389.00000000,0.00143800,726496.00000000,0.00143900,577599.00000000,0.03168,14,0.03167,63,0.03165,14,0.03164,77,0.03162,62,0.03161,78,0.03159,14,0.03158,78,0.03156,15,0.03155,78,0.03172,14,0.03173,91,0.03175,1,0.03178,14,0.03179,77,0.03181,14,0.03182,78,0.03183,10,0.03184,14,0.03185,77
binance,gate,FUNUSDT,0.00142900,0.03168,2116.9349,1774105380840,0.00142600,95293.00000000,0.00142500,325522.00000000,0.00142400,940043.00000000,0.00142300,302815.00000000,0.00142200,885884.00000000,0.00142100,280254.00000000,0.00142000,60078.00000000,0.00141900,523560.00000000,0.00141800,329665.00000000,0.00141700,739607.00000000,0.00142900,117855.00000000,0.00143000,627322.00000000,0.00143100,766278.00000000,0.00143200,863972.00000000,0.00143300,735920.00000000,0.00143400,582115.00000000,0.00143600,536805.00000000,0.00143700,199389.00000000,0.00143800,726496.00000000,0.00143900,577599.00000000,0.03168,14,0.03167,63,0.03165,14,0.03164,77,0.03162,62,0.03161,78,0.03159,14,0.03158,78,0.03156,15,0.03155,78,0.03172,14,0.03173,91,0.03175,1,0.03178,14,0.03179,77,0.03181,14,0.03182,78,0.03183,10,0.03184,14,0.03185,77
binance,gate,FUNUSDT,0.00142900,0.03168,2116.9349,1774105381146,0.00142500,325522.00000000,0.00142400,940043.00000000,0.00142300,302815.00000000,0.00142200,885884.00000000,0.00142100,280254.00000000,0.00142000,60078.00000000,0.00141900,617140.00000000,0.00141800,329665.00000000,0.00141700,739607.00000000,0.00141500,2243599.00000000,0.00142900,117855.00000000,0.00143000,627322.00000000,0.00143100,766278.00000000,0.00143200,863972.00000000,0.00143300,735920.00000000,0.00143400,582115.00000000,0.00143600,536805.00000000,0.00143700,199389.00000000,0.00143800,726496.00000000,0.00143900,577599.00000000,0.03168,14,0.03167,63,0.03165,14,0.03164,77,0.03162,62,0.03161,78,0.03159,14,0.03158,78,0.03156,15,0.03155,78,0.03172,14,0.03173,91,0.03175,1,0.03178,14,0.03179,77,0.03181,14,0.03182,78,0.03183,10,0.03184,14,0.03185,77
binance,gate,FUNUSDT,0.00142900,0.03168,2116.9349,1774105381458,0.00142600,50777.00000000,0.00142500,325522.00000000,0.00142400,940043.00000000,0.00142300,302815.00000000,0.00142200,885884.00000000,0.00142100,280254.00000000,0.00142000,60078.00000000,0.00141900,617140.00000000,0.00141800,329665.00000000,0.00141700,739607.00000000,0.00142900,117855.00000000,0.00143000,627322.00000000,0.00143100,766278.00000000,0.00143200,863972.00000000,0.00143300,735920.00000000,0.00143400,582115.00000000,0.00143600,536805.00000000,0.00143700,199389.00000000,0.00143800,726496.00000000,0.00143900,577599.00000000,0.03168,14,0.03167,63,0.03165,14,0.03164,77,0.03162,14,0.03161,78,0.0316,48,0.03159,14,0.03158,78,0.03156,15,0.03172,91,0.03173,14,0.03175,1,0.03178,14,0.03179,77,0.03181,14,0.03182,78,0.03183,10,0.03184,14,0.03185,77
binance,gate,FUNUSDT,0.00142900,0.03168,2116.9349,1774105381773,0.00142600,50777.00000000,0.00142500,325522.00000000,0.00142400,940043.00000000,0.00142300,302815.00000000,0.00142200,885884.00000000,0.00142100,280254.00000000,0.00142000,60078.00000000,0.00141900,617140.00000000,0.00141800,329665.00000000,0.00141700,739607.00000000,0.00142900,117855.00000000,0.00143000,627322.00000000,0.00143100,766278.00000000,0.00143200,863972.00000000,0.00143300,735920.00000000,0.00143400,582115.00000000,0.00143600,536805.00000000,0.00143700,199389.00000000,0.00143800,726496.00000000,0.00143900,577599.00000000,0.03168,14,0.03167,63,0.03165,14,0.03164,77,0.03162,14,0.03161,78,0.0316,48,0.03159,14,0.03158,78,0.03156,15,0.03171,14,0.03172,91,0.03173,14,0.03175,1,0.03178,14,0.03179,77,0.03181,14,0.03182,78,0.03183,10,0.03184,14
binance,gate,FUNUSDT,0.00142900,0.03168,2116.9349,1774105382085,0.00142600,50777.00000000,0.00142500,325522.00000000,0.00142400,940043.00000000,0.00142300,302815.00000000,0.00142200,885884.00000000,0.00142100,280254.00000000,0.00142000,60078.00000000,0.00141900,617140.00000000,0.00141800,329665.00000000,0.00141700,739607.00000000,0.00142900,117855.00000000,0.00143000,627322.00000000,0.00143100,766278.00000000,0.00143200,863972.00000000,0.00143300,735920.00000000,0.00143400,582115.00000000,0.00143600,536805.00000000,0.00143700,199389.00000000,0.00143800,726496.00000000,0.00143900,577599.00000000,0.03168,14,0.03167,63,0.03165,14,0.03164,77,0.03162,14,0.03161,78,0.0316,48,0.03159,14,0.03158,78,0.03156,15,0.03171,14,0.03172,91,0.03173,14,0.03175,1,0.03178,14,0.03179,77,0.03181,14,0.03182,78,0.03183,10,0.03184,14
binance,gate,FUNUSDT,0.00142900,0.03168,2116.9349,1774105382401,0.00142600,50777.00000000,0.00142500,325522.00000000,0.00142400,940043.00000000,0.00142300,302815.00000000,0.00142200,885884.00000000,0.00142100,280254.00000000,0.00142000,60078.00000000,0.00141900,617140.00000000,0.00141800,329665.00000000,0.00141700,739607.00000000,0.00142900,117855.00000000,0.00143000,627322.00000000,0.00143100,766278.00000000,0.00143200,863972.00000000,0.00143300,735920.00000000,0.00143400,582115.00000000,0.00143600,536805.00000000,0.00143700,199389.00000000,0.00143800,726496.00000000,0.00143900,577599.00000000,0.03168,14,0.03167,63,0.03165,14,0.03164,77,0.03162,14,0.03161,78,0.0316,48,0.03159,14,0.03158,78,0.03156,15,0.03171,14,0.03172,91,0.03173,14,0.03175,1,0.03178,14,0.03179,77,0.03181,14,0.03182,78,0.03183,10,0.03184,14
binance,gate,FUNUSDT,0.00142900,0.03168,2116.9349,1774105382726,0.00142600,50777.00000000,0.00142500,325522.00000000,0.00142400,940043.00000000,0.00142300,302815.00000000,0.00142200,885884.00000000,0.00142100,280254.00000000,0.00142000,60078.00000000,0.00141900,523560.00000000,0.00141800,329665.00000000,0.00141700,739607.00000000,0.00142900,67278.00000000,0.00143000,627322.00000000,0.00143100,766278.00000000,0.00143200,863972.00000000,0.00143300,735920.00000000,0.00143400,582115.00000000,0.00143600,536805.00000000,0.00143700,199389.00000000,0.00143800,726496.00000000,0.00143900,577599.00000000,0.03168,14,0.03167,63,0.03165,14,0.03164,77,0.03162,14,0.03161,78,0.0316,48,0.03159,14,0.03158,78,0.03156,15,0.03171,14,0.03172,91,0.03173,14,0.03175,1,0.03178,14,0.03179,77,0.03181,14,0.03182,78,0.03183,10,0.03184,14
binance,gate,FUNUSDT,0.00142900,0.03168,2116.9349,1774105383034,0.00142600,50777.00000000,0.00142500,325522.00000000,0.00142400,940043.00000000,0.00142300,302815.00000000,0.00142200,885884.00000000,0.00142100,280254.00000000,0.00142000,60078.00000000,0.00141900,523560.00000000,0.00141800,329665.00000000,0.00141700,739607.00000000,0.00142900,67278.00000000,0.00143000,627322.00000000,0.00143100,766278.00000000,0.00143200,863972.00000000,0.00143300,735920.00000000,0.00143400,582115.00000000,0.00143600,536805.00000000,0.00143700,199389.00000000,0.00143800,726496.00000000,0.00143900,577599.00000000,0.03168,14,0.03167,63,0.03165,14,0.03164,77,0.03162,14,0.03161,78,0.0316,48,0.03159,14,0.03158,78,0.03156,15,0.03171,14,0.03172,91,0.03173,14,0.03175,1,0.03178,14,0.03179,77,0.03181,14,0.03182,78,0.03183,10,0.03184,14
binance,gate,FUNUSDT,0.00142900,0.03167,2116.2351,1774105383349,0.00142600,50777.00000000,0.00142500,325522.00000000,0.00142400,940043.00000000,0.00142300,302815.00000000,0.00142200,885884.00000000,0.00142100,280254.00000000,0.00142000,60078.00000000,0.00141900,523560.00000000,0.00141800,329665.00000000,0.00141700,739607.00000000,0.00142900,67278.00000000,0.00143000,627322.00000000,0.00143100,766278.00000000,0.00143200,863972.00000000,0.00143300,735920.00000000,0.00143400,582115.00000000,0.00143600,536805.00000000,0.00143700,199389.00000000,0.00143800,726496.00000000,0.00143900,577599.00000000,0.03167,63,0.03165,14,0.03164,77,0.03162,14,0.03161,78,0.0316,48,0.03159,14,0.03158,78,0.03156,15,0.03155,78,0.0317,14,0.03171,91,0.03172,14,0.03173,14,0.03175,1,0.03178,14,0.03179,77,0.03181,14,0.03182,78,0.03183,10
binance,gate,FUNUSDT,0.00142900,0.03168,2116.9349,1774105383664,0.00142600,50777.00000000,0.00142500,325522.00000000,0.00142400,940043.00000000,0.00142300,302815.00000000,0.00142200,885884.00000000,0.00142100,280254.00000000,0.00142000,60078.00000000,0.00141900,593934.00000000,0.00141800,329665.00000000,0.00141700,739607.00000000,0.00142900,117855.00000000,0.00143000,627322.00000000,0.00143100,766278.00000000,0.00143200,863972.00000000,0.00143300,735920.00000000,0.00143400,582115.00000000,0.00143600,536805.00000000,0.00143700,199389.00000000,0.00143800,726496.00000000,0.00143900,577599.00000000,0.03168,14,0.03167,63,0.03165,14,0.03164,77,0.03162,14,0.03161,78,0.0316,48,0.03159,14,0.03158,78,0.03156,15,0.0317,14,0.03171,91,0.03172,14,0.03173,14,0.03175,1,0.03178,14,0.03179,77,0.03181,14,0.03182,78,0.03183,10
binance,gate,FUNUSDT,0.00142900,0.03168,2116.9349,1774105383979,0.00142600,50777.00000000,0.00142500,325522.00000000,0.00142400,940043.00000000,0.00142300,302815.00000000,0.00142200,885884.00000000,0.00142100,280254.00000000,0.00142000,60078.00000000,0.00141900,593934.00000000,0.00141800,329665.00000000,0.00141700,739607.00000000,0.00142900,117855.00000000,0.00143000,627322.00000000,0.00143100,766278.00000000,0.00143200,863972.00000000,0.00143300,735920.00000000,0.00143400,582115.00000000,0.00143600,536805.00000000,0.00143700,199389.00000000,0.00143800,726496.00000000,0.00143900,577599.00000000,0.03168,14,0.03167,63,0.03165,14,0.03164,77,0.03162,14,0.03161,78,0.0316,48,0.03159,14,0.03158,78,0.03156,15,0.0317,14,0.03171,91,0.03173,14,0.03175,1,0.03178,14,0.03179,77,0.03181,14,0.03182,78,0.03183,10,0.03184,14
binance,gate,FUNUSDT,0.00142900,0.03168,2116.9349,1774105384292,0.00142600,50777.00000000,0.00142500,325522.00000000,0.00142400,940043.00000000,0.00142300,302815.00000000,0.00142200,885884.00000000,0.00142100,280254.00000000,0.00142000,60078.00000000,0.00141900,593934.00000000,0.00141800,329665.00000000,0.00141700,739607.00000000,0.00142900,117855.00000000,0.00143000,627322.00000000,0.00143100,766278.00000000,0.00143200,863972.00000000,0.00143300,735920.00000000,0.00143400,582115.00000000,0.00143600,536805.00000000,0.00143700,199389.00000000,0.00143800,726496.00000000,0.00143900,577599.00000000,0.03168,14,0.03167,63,0.03165,14,0.03164,77,0.03162,14,0.03161,78,0.0316,48,0.03159,14,0.03158,78,0.03156,15,0.0317,14,0.03171,91,0.03173,14,0.03175,1,0.03178,14,0.03179,77,0.03181,14,0.03182,78,0.03183,10,0.03184,14
binance,gate,FUNUSDT,0.00142900,0.03168,2116.9349,1774105384607,0.00142600,50777.00000000,0.00142500,325522.00000000,0.00142400,940043.00000000,0.00142300,302815.00000000,0.00142200,885884.00000000,0.00142100,280254.00000000,0.00142000,60078.00000000,0.00141900,593934.00000000,0.00141800,329665.00000000,0.00141700,739607.00000000,0.00142900,117855.00000000,0.00143000,627322.00000000,0.00143100,766278.00000000,0.00143200,863972.00000000,0.00143300,735920.00000000,0.00143400,582115.00000000,0.00143600,536805.00000000,0.00143700,199389.00000000,0.00143800,726496.00000000,0.00143900,577599.00000000,0.03168,14,0.03167,63,0.03165,14,0.03164,77,0.03162,14,0.03161,78,0.0316,48,0.03159,14,0.03158,78,0.03156,15,0.0317,14,0.03171,91,0.03173,14,0.03175,1,0.03178,14,0.03179,77,0.03181,14,0.03182,78,0.03183,10,0.03184,14
binance,gate,FUNUSDT,0.00142900,0.03168,2116.9349,1774105384929,0.00142600,50777.00000000,0.00142500,325522.00000000,0.00142400,940043.00000000,0.00142300,302815.00000000,0.00142200,885884.00000000,0.00142100,280254.00000000,0.00142000,60078.00000000,0.00141900,593934.00000000,0.00141800,329665.00000000,0.00141700,739607.00000000,0.00142900,117855.00000000,0.00143000,627322.00000000,0.00143100,766278.00000000,0.00143200,863972.00000000,0.00143300,735920.00000000,0.00143400,582115.00000000,0.00143600,536805.00000000,0.00143700,199389.00000000,0.00143800,726496.00000000,0.00143900,577599.00000000,0.03168,14,0.03167,63,0.03165,14,0.03164,77,0.03162,14,0.03161,78,0.0316,48,0.03159,14,0.03158,78,0.03156,15,0.0317,14,0.03171,91,0.03173,14,0.03175,1,0.03178,14,0.03179,77,0.03181,14,0.03182,78,0.03183,10,0.03184,14
binance,gate,FUNUSDT,0.00142900,0.03168,2116.9349,1774105385242,0.00142600,50777.00000000,0.00142500,325522.00000000,0.00142400,940043.00000000,0.00142300,302815.00000000,0.00142200,885884.00000000,0.00142100,280254.00000000,0.00142000,60078.00000000,0.00141900,593934.00000000,0.00141800,329665.00000000,0.00141700,739607.00000000,0.00142900,117855.00000000,0.00143000,627322.00000000,0.00143100,766278.00000000,0.00143200,863972.00000000,0.00143300,735920.00000000,0.00143400,582115.00000000,0.00143600,536805.00000000,0.00143700,199389.00000000,0.00143800,726496.00000000,0.00143900,577599.00000000,0.03168,14,0.03167,63,0.03165,14,0.03164,77,0.03162,14,0.03161,78,0.0316,48,0.03159,14,0.03158,78,0.03156,15,0.0317,14,0.03171,91,0.03173,14,0.03175,1,0.03178,14,0.03179,77,0.03181,14,0.03182,78,0.03183,10,0.03184,14
binance,gate,FUNUSDT,0.00142900,0.03167,2116.2351,1774105385550,0.00142600,50777.00000000,0.00142500,325522.00000000,0.00142400,940043.00000000,0.00142300,302815.00000000,0.00142200,885884.00000000,0.00142100,280254.00000000,0.00142000,60078.00000000,0.00141900,593934.00000000,0.00141800,329665.00000000,0.00141700,739607.00000000,0.00142900,117855.00000000,0.00143000,627322.00000000,0.00143100,766278.00000000,0.00143200,863972.00000000,0.00143300,735920.00000000,0.00143400,582115.00000000,0.00143600,536805.00000000,0.00143700,199389.00000000,0.00143800,726496.00000000,0.00143900,577599.00000000,0.03168,14,0.03167,63,0.03165,14,0.03164,77,0.03162,14,0.03161,78,0.0316,48,0.03159,14,0.03158,78,0.03156,15,0.0317,14,0.03171,91,0.03173,14,0.03175,1,0.03178,14,0.03179,77,0.03181,14,0.03182,78,0.03183,10,0.03184,14
binance,gate,FUNUSDT,0.00142900,0.03167,2116.2351,1774105385866,0.00142600,50777.00000000,0.00142500,325522.00000000,0.00142400,940043.00000000,0.00142300,302815.00000000,0.00142200,885884.00000000,0.00142100,280254.00000000,0.00142000,60078.00000000,0.00141900,593934.00000000,0.00141800,329665.00000000,0.00141700,739607.00000000,0.00142900,117855.00000000,0.00143000,627322.00000000,0.00143100,766278.00000000,0.00143200,863972.00000000,0.00143300,735920.00000000,0.00143400,582115.00000000,0.00143600,536805.00000000,0.00143700,199389.00000000,0.00143800,726496.00000000,0.00143900,577599.00000000,0.03167,63,0.03165,14,0.03164,77,0.03162,14,0.03161,78,0.0316,48,0.03159,14,0.03158,78,0.03156,15,0.03155,78,0.0317,14,0.03171,91,0.03173,14,0.03175,1,0.03178,14,0.03179,77,0.03181,14,0.03182,78,0.03183,10,0.03184,14
binance,gate,FUNUSDT,0.00142900,0.03167,2116.2351,1774105386175,0.00142600,50777.00000000,0.00142500,325522.00000000,0.00142400,940043.00000000,0.00142300,302815.00000000,0.00142200,885884.00000000,0.00142100,280254.00000000,0.00142000,60078.00000000,0.00141900,593934.00000000,0.00141800,329665.00000000,0.00141700,739607.00000000,0.00142900,117855.00000000,0.00143000,627322.00000000,0.00143100,766278.00000000,0.00143200,863972.00000000,0.00143300,735920.00000000,0.00143400,582115.00000000,0.00143600,536805.00000000,0.00143700,199389.00000000,0.00143800,726496.00000000,0.00143900,577599.00000000,0.03167,63,0.03165,14,0.03164,77,0.03162,14,0.03161,78,0.0316,48,0.03159,14,0.03158,78,0.03156,15,0.03155,78,0.0317,14,0.03171,91,0.03173,14,0.03175,1,0.03178,14,0.03179,77,0.03181,14,0.03182,78,0.03183,10,0.03184,14
binance,gate,FUNUSDT,0.00142900,0.03167,2116.2351,1774105386488,0.00142600,50777.00000000,0.00142500,325522.00000000,0.00142400,940043.00000000,0.00142300,302815.00000000,0.00142200,885884.00000000,0.00142100,280254.00000000,0.00142000,60078.00000000,0.00141900,593934.00000000,0.00141800,329665.00000000,0.00141700,739607.00000000,0.00142900,117855.00000000,0.00143000,627322.00000000,0.00143100,766278.00000000,0.00143200,863972.00000000,0.00143300,735920.00000000,0.00143400,582115.00000000,0.00143600,536805.00000000,0.00143700,199389.00000000,0.00143800,726496.00000000,0.00143900,577599.00000000,0.03167,63,0.03165,14,0.03164,77,0.03162,14,0.03161,78,0.0316,48,0.03159,14,0.03158,78,0.03156,15,0.03155,78,0.0317,14,0.03171,91,0.03173,14,0.03175,1,0.03178,14,0.03179,77,0.03181,14,0.03182,78,0.03183,10,0.03184,14
binance,gate,FUNUSDT,0.00142900,0.03168,2116.9349,1774105386802,0.00142600,50777.00000000,0.00142500,325522.00000000,0.00142400,940043.00000000,0.00142300,302815.00000000,0.00142200,885884.00000000,0.00142100,280254.00000000,0.00142000,60078.00000000,0.00141900,593934.00000000,0.00141800,329665.00000000,0.00141700,739607.00000000,0.00142900,117855.00000000,0.00143000,627322.00000000,0.00143100,766278.00000000,0.00143200,863972.00000000,0.00143300,735920.00000000,0.00143400,582115.00000000,0.00143600,536805.00000000,0.00143700,199389.00000000,0.00143800,726496.00000000,0.00143900,577599.00000000,0.03167,63,0.03165,14,0.03164,77,0.03162,14,0.03161,78,0.0316,48,0.03159,14,0.03158,78,0.03156,15,0.03155,78,0.0317,14,0.03171,91,0.03173,14,0.03175,1,0.03178,14,0.03179,77,0.03181,14,0.03182,78,0.03183,10,0.03184,14
binance,gate,FUNUSDT,0.00142900,0.03168,2116.9349,1774105387118,0.00142600,50777.00000000,0.00142500,325522.00000000,0.00142400,940043.00000000,0.00142300,302815.00000000,0.00142200,885884.00000000,0.00142100,280254.00000000,0.00142000,60078.00000000,0.00141900,593934.00000000,0.00141800,329665.00000000,0.00141700,739607.00000000,0.00142900,117855.00000000,0.00143000,627322.00000000,0.00143100,766278.00000000,0.00143200,863972.00000000,0.00143300,735920.00000000,0.00143400,582115.00000000,0.00143600,536805.00000000,0.00143700,199389.00000000,0.00143800,726496.00000000,0.00143900,577599.00000000,0.03168,14,0.03167,63,0.03165,14,0.03164,77,0.03162,14,0.03161,78,0.0316,48,0.03159,14,0.03158,78,0.03156,15,0.0317,14,0.03171,91,0.03173,14,0.03175,1,0.03178,14,0.03179,77,0.03181,14,0.03182,78,0.03183,10,0.03184,14
binance,gate,FUNUSDT,0.00142900,0.03168,2116.9349,1774105387431,0.00142600,50777.00000000,0.00142500,325522.00000000,0.00142400,940043.00000000,0.00142300,302815.00000000,0.00142200,885884.00000000,0.00142100,280254.00000000,0.00142000,60078.00000000,0.00141900,593934.00000000,0.00141800,329665.00000000,0.00141700,739607.00000000,0.00142900,117855.00000000,0.00143000,627322.00000000,0.00143100,766278.00000000,0.00143200,863972.00000000,0.00143300,735920.00000000,0.00143400,582115.00000000,0.00143600,536805.00000000,0.00143700,199389.00000000,0.00143800,726496.00000000,0.00143900,577599.00000000,0.03168,14,0.03167,63,0.03165,14,0.03164,77,0.03162,14,0.03161,78,0.0316,48,0.03159,14,0.03158,78,0.03156,15,0.0317,14,0.03171,91,0.03173,14,0.03175,1,0.03178,14,0.03179,77,0.03181,14,0.03182,78,0.03183,10,0.03184,14
binance,gate,FUNUSDT,0.00142900,0.03168,2116.9349,1774105387748,0.00142600,50777.00000000,0.00142500,325522.00000000,0.00142400,940043.00000000,0.00142300,302815.00000000,0.00142200,885884.00000000,0.00142100,280254.00000000,0.00142000,60078.00000000,0.00141900,593934.00000000,0.00141800,329665.00000000,0.00141700,739607.00000000,0.00142900,117855.00000000,0.00143000,627322.00000000,0.00143100,766278.00000000,0.00143200,863972.00000000,0.00143300,735920.00000000,0.00143400,582115.00000000,0.00143600,536805.00000000,0.00143700,199389.00000000,0.00143800,726496.00000000,0.00143900,577599.00000000,0.03168,14,0.03167,63,0.03165,14,0.03164,77,0.03162,14,0.03161,78,0.0316,48,0.03159,14,0.03158,78,0.03156,15,0.0317,14,0.03171,91,0.03173,14,0.03175,1,0.03178,14,0.03179,77,0.03181,14,0.03182,78,0.03183,10,0.03184,14
binance,gate,FUNUSDT,0.00142900,0.03168,2116.9349,1774105388064,0.00142600,50777.00000000,0.00142500,325522.00000000,0.00142400,940043.00000000,0.00142300,302815.00000000,0.00142200,885884.00000000,0.00142100,280254.00000000,0.00142000,60078.00000000,0.00141900,593934.00000000,0.00141800,329665.00000000,0.00141700,739607.00000000,0.00142900,117855.00000000,0.00143000,627322.00000000,0.00143100,766278.00000000,0.00143200,863972.00000000,0.00143300,735920.00000000,0.00143400,582115.00000000,0.00143600,536805.00000000,0.00143700,199389.00000000,0.00143800,726496.00000000,0.00143900,577599.00000000,0.03168,14,0.03167,63,0.03165,14,0.03164,77,0.03162,14,0.03161,78,0.0316,48,0.03159,14,0.03158,78,0.03156,15,0.0317,14,0.03171,91,0.03173,14,0.03175,1,0.03178,14,0.03179,77,0.03181,14,0.03182,78,0.03183,10,0.03184,14
binance,gate,FUNUSDT,0.00142900,0.03168,2116.9349,1774105388372,0.00142600,50777.00000000,0.00142500,325522.00000000,0.00142400,940043.00000000,0.00142300,302815.00000000,0.00142200,885884.00000000,0.00142100,280254.00000000,0.00142000,60078.00000000,0.00141900,593934.00000000,0.00141800,329665.00000000,0.00141700,739607.00000000,0.00142900,117855.00000000,0.00143000,627322.00000000,0.00143100,766278.00000000,0.00143200,863972.00000000,0.00143300,735920.00000000,0.00143400,582115.00000000,0.00143600,536805.00000000,0.00143700,199389.00000000,0.00143800,726496.00000000,0.00143900,577599.00000000,0.03168,14,0.03167,63,0.03165,14,0.03164,77,0.03162,14,0.03161,78,0.0316,48,0.03159,14,0.03158,78,0.03156,15,0.0317,14,0.03171,91,0.03173,14,0.03175,1,0.03178,14,0.03179,77,0.03181,14,0.03182,78,0.03183,10,0.03184,14
binance,gate,FUNUSDT,0.00142900,0.03168,2116.9349,1774105388686,0.00142600,50777.00000000,0.00142500,325522.00000000,0.00142400,940043.00000000,0.00142300,302815.00000000,0.00142200,885884.00000000,0.00142100,280254.00000000,0.00142000,60078.00000000,0.00141900,593934.00000000,0.00141800,329665.00000000,0.00141700,739607.00000000,0.00142900,67278.00000000,0.00143000,627322.00000000,0.00143100,766278.00000000,0.00143200,863972.00000000,0.00143300,735920.00000000,0.00143400,582115.00000000,0.00143600,536805.00000000,0.00143700,199389.00000000,0.00143800,726496.00000000,0.00143900,577599.00000000,0.03168,14,0.03167,63,0.03165,14,0.03164,77,0.03162,14,0.03161,78,0.0316,48,0.03159,14,0.03158,78,0.03156,15,0.0317,14,0.03171,91,0.03173,14,0.03175,1,0.03178,14,0.03179,77,0.03181,14,0.03182,78,0.03183,10,0.03184,14
binance,gate,FUNUSDT,0.00142900,0.03167,2116.2351,1774105388998,0.00142600,50777.00000000,0.00142500,325522.00000000,0.00142400,940043.00000000,0.00142300,302815.00000000,0.00142200,885884.00000000,0.00142100,280254.00000000,0.00142000,60078.00000000,0.00141900,593934.00000000,0.00141800,329665.00000000,0.00141700,739607.00000000,0.00142900,67278.00000000,0.00143000,627322.00000000,0.00143100,766278.00000000,0.00143200,863972.00000000,0.00143300,735920.00000000,0.00143400,582115.00000000,0.00143600,536805.00000000,0.00143700,199389.00000000,0.00143800,726496.00000000,0.00143900,577599.00000000,0.03168,14,0.03167,63,0.03165,14,0.03164,77,0.03162,14,0.03161,78,0.0316,48,0.03159,14,0.03158,78,0.03156,15,0.0317,14,0.03171,91,0.03173,14,0.03175,1,0.03178,14,0.03179,77,0.03181,14,0.03182,78,0.03183,10,0.03184,14
binance,gate,FUNUSDT,0.00142900,0.03167,2116.2351,1774105389303,0.00142600,50777.00000000,0.00142500,325522.00000000,0.00142400,940043.00000000,0.00142300,302815.00000000,0.00142200,885884.00000000,0.00142100,280254.00000000,0.00142000,60078.00000000,0.00141900,593934.00000000,0.00141800,329665.00000000,0.00141700,739607.00000000,0.00142900,67278.00000000,0.00143000,627322.00000000,0.00143100,766278.00000000,0.00143200,863972.00000000,0.00143300,735920.00000000,0.00143400,582115.00000000,0.00143600,536805.00000000,0.00143700,199389.00000000,0.00143800,726496.00000000,0.00143900,577599.00000000,0.03167,63,0.03165,14,0.03164,77,0.03162,14,0.03161,78,0.0316,48,0.03159,14,0.03158,78,0.03156,15,0.03155,78,0.0317,14,0.03171,91,0.03173,14,0.03175,1,0.03178,14,0.03179,77,0.03181,14,0.03182,78,0.03183,10,0.03184,14
binance,gate,FUNUSDT,0.00142900,0.03167,2116.2351,1774105389615,0.00142600,50777.00000000,0.00142500,325522.00000000,0.00142400,940043.00000000,0.00142300,302815.00000000,0.00142200,885884.00000000,0.00142100,280254.00000000,0.00142000,60078.00000000,0.00141900,593934.00000000,0.00141800,329665.00000000,0.00141700,739607.00000000,0.00142900,117855.00000000,0.00143000,627322.00000000,0.00143100,766278.00000000,0.00143200,863972.00000000,0.00143300,735920.00000000,0.00143400,582115.00000000,0.00143600,536805.00000000,0.00143700,199389.00000000,0.00143800,726496.00000000,0.00143900,577599.00000000,0.03167,63,0.03165,14,0.03164,77,0.03162,14,0.03161,78,0.0316,48,0.03159,14,0.03158,78,0.03156,15,0.03155,78,0.0317,14,0.03171,91,0.03173,14,0.03175,1,0.03178,14,0.03179,77,0.03181,14,0.03182,78,0.03183,10,0.03184,14
binance,gate,FUNUSDT,0.00142900,0.03167,2116.2351,1774105389923,0.00142600,50777.00000000,0.00142500,325522.00000000,0.00142400,940043.00000000,0.00142300,302815.00000000,0.00142200,885884.00000000,0.00142100,280254.00000000,0.00142000,60078.00000000,0.00141900,593934.00000000,0.00141800,329665.00000000,0.00141700,739607.00000000,0.00142900,117855.00000000,0.00143000,627322.00000000,0.00143100,766278.00000000,0.00143200,863972.00000000,0.00143300,735920.00000000,0.00143400,582115.00000000,0.00143600,536805.00000000,0.00143700,199389.00000000,0.00143800,726496.00000000,0.00143900,577599.00000000,0.03167,63,0.03165,14,0.03164,77,0.03162,14,0.03161,78,0.0316,48,0.03159,14,0.03158,78,0.03156,15,0.03155,78,0.0317,14,0.03171,91,0.03173,14,0.03175,1,0.03178,14,0.03179,77,0.03181,14,0.03182,78,0.03183,10,0.03184,14
binance,gate,FUNUSDT,0.00142900,0.03168,2116.9349,1774105390237,0.00142600,50777.00000000,0.00142500,325522.00000000,0.00142400,940043.00000000,0.00142300,302815.00000000,0.00142200,885884.00000000,0.00142100,280254.00000000,0.00142000,60078.00000000,0.00141900,593934.00000000,0.00141800,329665.00000000,0.00141700,739607.00000000,0.00142900,117855.00000000,0.00143000,627322.00000000,0.00143100,766278.00000000,0.00143200,863972.00000000,0.00143300,735920.00000000,0.00143400,582115.00000000,0.00143600,536805.00000000,0.00143700,199389.00000000,0.00143800,726496.00000000,0.00143900,577599.00000000,0.03168,14,0.03167,63,0.03165,14,0.03164,77,0.03162,14,0.03161,78,0.0316,48,0.03159,14,0.03158,78,0.03156,15,0.0317,14,0.03171,91,0.03173,14,0.03175,1,0.03178,14,0.03179,77,0.03181,14,0.03182,78,0.03183,10,0.03184,14
binance,gate,FUNUSDT,0.00142900,0.03168,2116.9349,1774105390552,0.00142600,50777.00000000,0.00142500,325522.00000000,0.00142400,940043.00000000,0.00142300,302815.00000000,0.00142200,885884.00000000,0.00142100,280254.00000000,0.00142000,60078.00000000,0.00141900,593934.00000000,0.00141800,329665.00000000,0.00141700,739607.00000000,0.00142900,117855.00000000,0.00143000,627322.00000000,0.00143100,766278.00000000,0.00143200,863972.00000000,0.00143300,735920.00000000,0.00143400,582115.00000000,0.00143600,536805.00000000,0.00143700,199389.00000000,0.00143800,726496.00000000,0.00143900,577599.00000000,0.03168,14,0.03167,63,0.03165,14,0.03164,77,0.03162,14,0.03161,78,0.0316,48,0.03159,14,0.03158,78,0.03156,15,0.0317,14,0.03171,91,0.03173,14,0.03175,1,0.03178,14,0.03179,77,0.03181,14,0.03182,78,0.03183,10,0.03184,14
binance,gate,FUNUSDT,0.00142900,0.03168,2116.9349,1774105390866,0.00142600,50777.00000000,0.00142500,325522.00000000,0.00142400,940043.00000000,0.00142300,302815.00000000,0.00142200,885884.00000000,0.00142100,280254.00000000,0.00142000,60078.00000000,0.00141900,593934.00000000,0.00141800,329665.00000000,0.00141700,739607.00000000,0.00142900,117855.00000000,0.00143000,627322.00000000,0.00143100,766278.00000000,0.00143200,863972.00000000,0.00143300,735920.00000000,0.00143400,582115.00000000,0.00143600,536805.00000000,0.00143700,199389.00000000,0.00143800,726496.00000000,0.00143900,577599.00000000,0.03168,14,0.03167,63,0.03165,14,0.03164,77,0.03162,14,0.03161,78,0.0316,48,0.03159,14,0.03158,78,0.03156,15,0.0317,14,0.03171,91,0.03173,14,0.03175,1,0.03178,14,0.03179,77,0.03181,14,0.03182,78,0.03183,10,0.03184,14
binance,gate,FUNUSDT,0.00142900,0.03168,2116.9349,1774105391183,0.00142600,50777.00000000,0.00142500,325522.00000000,0.00142400,940043.00000000,0.00142300,302815.00000000,0.00142200,885884.00000000,0.00142100,280254.00000000,0.00142000,60078.00000000,0.00141900,593934.00000000,0.00141800,329665.00000000,0.00141700,739607.00000000,0.00142900,117855.00000000,0.00143000,627322.00000000,0.00143100,766278.00000000,0.00143200,863972.00000000,0.00143300,735920.00000000,0.00143400,582115.00000000,0.00143600,536805.00000000,0.00143700,199389.00000000,0.00143800,726496.00000000,0.00143900,577599.00000000,0.03168,14,0.03167,63,0.03165,14,0.03164,77,0.03162,14,0.03161,78,0.0316,48,0.03159,14,0.03158,78,0.03156,15,0.0317,14,0.03171,91,0.03173,14,0.03175,1,0.03178,14,0.03179,77,0.03181,14,0.03182,78,0.03183,10,0.03184,14
binance,gate,FUNUSDT,0.00142900,0.03168,2116.9349,1774105391500,0.00142600,50777.00000000,0.00142500,325522.00000000,0.00142400,940043.00000000,0.00142300,302815.00000000,0.00142200,885884.00000000,0.00142100,280254.00000000,0.00142000,60078.00000000,0.00141900,593934.00000000,0.00141800,329665.00000000,0.00141700,739607.00000000,0.00142900,117855.00000000,0.00143000,627322.00000000,0.00143100,766278.00000000,0.00143200,863972.00000000,0.00143300,735920.00000000,0.00143400,582115.00000000,0.00143600,536805.00000000,0.00143700,199389.00000000,0.00143800,726496.00000000,0.00143900,577599.00000000,0.03168,14,0.03167,63,0.03165,14,0.03164,77,0.03162,14,0.03161,78,0.0316,48,0.03159,14,0.03158,78,0.03156,15,0.0317,14,0.03171,14,0.03173,91,0.03175,1,0.03178,14,0.03179,77,0.03181,14,0.03182,78,0.03183,10,0.03184,14
binance,gate,FUNUSDT,0.00142900,0.03168,2116.9349,1774105391814,0.00142600,50777.00000000,0.00142500,325522.00000000,0.00142400,940043.00000000,0.00142300,302815.00000000,0.00142200,885884.00000000,0.00142100,280254.00000000,0.00142000,60078.00000000,0.00141900,593934.00000000,0.00141800,329665.00000000,0.00141700,739607.00000000,0.00142900,117855.00000000,0.00143000,627322.00000000,0.00143100,766278.00000000,0.00143200,863972.00000000,0.00143300,735920.00000000,0.00143400,582115.00000000,0.00143600,536805.00000000,0.00143700,199389.00000000,0.00143800,726496.00000000,0.00143900,577599.00000000,0.03168,14,0.03167,63,0.03165,14,0.03164,77,0.03162,14,0.03161,78,0.0316,48,0.03159,14,0.03158,78,0.03156,15,0.03171,14,0.03173,91,0.03175,1,0.03178,14,0.03179,77,0.03181,14,0.03182,78,0.03183,10,0.03184,14,0.03185,77
binance,gate,FUNUSDT,0.00142900,0.03168,2116.9349,1774105392129,0.00142600,50777.00000000,0.00142500,325522.00000000,0.00142400,940043.00000000,0.00142300,302815.00000000,0.00142200,885884.00000000,0.00142100,280254.00000000,0.00142000,60078.00000000,0.00141900,593934.00000000,0.00141800,329665.00000000,0.00141700,739607.00000000,0.00142900,117855.00000000,0.00143000,627322.00000000,0.00143100,766278.00000000,0.00143200,863972.00000000,0.00143300,735920.00000000,0.00143400,582115.00000000,0.00143600,536805.00000000,0.00143700,199389.00000000,0.00143800,726496.00000000,0.00143900,577599.00000000,0.03168,14,0.03167,63,0.03165,14,0.03164,77,0.03162,14,0.03161,78,0.0316,48,0.03159,14,0.03158,78,0.03156,15,0.03171,14,0.03173,91,0.03175,1,0.03178,14,0.03179,77,0.03181,14,0.03182,78,0.03183,10,0.03184,14,0.03185,77
binance,gate,FUNUSDT,0.00142900,0.03168,2116.9349,1774105392455,0.00142600,50777.00000000,0.00142500,325522.00000000,0.00142400,940043.00000000,0.00142300,302815.00000000,0.00142200,885884.00000000,0.00142100,280254.00000000,0.00142000,60078.00000000,0.00141900,593934.00000000,0.00141800,329665.00000000,0.00141700,739607.00000000,0.00142900,117855.00000000,0.00143000,627322.00000000,0.00143100,766278.00000000,0.00143200,863972.00000000,0.00143300,735920.00000000,0.00143400,582115.00000000,0.00143600,536805.00000000,0.00143700,199389.00000000,0.00143800,726496.00000000,0.00143900,577599.00000000,0.03168,14,0.03167,63,0.03165,14,0.03164,77,0.03162,14,0.03161,78,0.0316,48,0.03159,14,0.03158,78,0.03156,15,0.03171,14,0.03173,91,0.03175,1,0.03178,14,0.03179,77,0.03181,14,0.03182,78,0.03183,10,0.03184,14,0.03185,77
binance,gate,FUNUSDT,0.00142900,0.03168,2116.9349,1774105392764,0.00142600,50777.00000000,0.00142500,325522.00000000,0.00142400,940043.00000000,0.00142300,302815.00000000,0.00142200,885884.00000000,0.00142100,280254.00000000,0.00142000,60078.00000000,0.00141900,593934.00000000,0.00141800,329665.00000000,0.00141700,739607.00000000,0.00142900,117855.00000000,0.00143000,627322.00000000,0.00143100,766278.00000000,0.00143200,863972.00000000,0.00143300,735920.00000000,0.00143400,582115.00000000,0.00143600,536805.00000000,0.00143700,199389.00000000,0.00143800,726496.00000000,0.00143900,577599.00000000,0.03168,14,0.03167,63,0.03165,14,0.03164,77,0.03162,14,0.03161,78,0.0316,48,0.03159,14,0.03158,78,0.03156,15,0.03171,14,0.03173,91,0.03175,1,0.03178,14,0.03179,77,0.03181,14,0.03182,78,0.03183,10,0.03184,14,0.03185,77
binance,gate,FUNUSDT,0.00142900,0.03168,2116.9349,1774105393072,0.00142600,50777.00000000,0.00142500,325522.00000000,0.00142400,940043.00000000,0.00142300,302815.00000000,0.00142200,885884.00000000,0.00142100,280254.00000000,0.00142000,60078.00000000,0.00141900,593934.00000000,0.00141800,329665.00000000,0.00141700,739607.00000000,0.00142900,117855.00000000,0.00143000,627322.00000000,0.00143100,766278.00000000,0.00143200,863972.00000000,0.00143300,735920.00000000,0.00143400,582115.00000000,0.00143600,536805.00000000,0.00143700,199389.00000000,0.00143800,726496.00000000,0.00143900,577599.00000000,0.03168,14,0.03167,63,0.03165,14,0.03164,77,0.03162,14,0.03161,78,0.0316,48,0.03159,14,0.03158,78,0.03156,15,0.03171,14,0.03173,91,0.03175,1,0.03178,14,0.03179,77,0.03181,14,0.03182,78,0.03183,10,0.03184,14,0.03185,77
