spot_exch,fut_exch,symbol,ask_spot,bid_futures,spread_pct,ts,s_b1,s_b2,s_b3,s_b4,s_b5,s_b6,s_b7,s_b8,s_b9,s_b10,s_bq1,s_bq2,s_bq3,s_bq4,s_bq5,s_bq6,s_bq7,s_bq8,s_bq9,s_bq10,s_a1,s_a2,s_a3,s_a4,s_a5,s_a6,s_a7,s_a8,s_a9,s_a10,s_aq1,s_aq2,s_aq3,s_aq4,s_aq5,s_aq6,s_aq7,s_aq8,s_aq9,s_aq10,f_b1,f_b2,f_b3,f_b4,f_b5,f_b6,f_b7,f_b8,f_b9,f_b10,f_bq1,f_bq2,f_bq3,f_bq4,f_bq5,f_bq6,f_bq7,f_bq8,f_bq9,f_bq10,f_a1,f_a2,f_a3,f_a4,f_a5,f_a6,f_a7,f_a8,f_a9,f_a10,f_aq1,f_aq2,f_aq3,f_aq4,f_aq5,f_aq6,f_aq7,f_aq8,f_aq9,f_aq10
gate,bybit,VANRYUSDT,0.00556,0.005996,7.8417,1774105349000,,,,,,,,,,,,,,,,,,,,,,,,,,,,,,,,,,,,,,,,,,,,,,,,,,,,,,,,,,,,,,,,,,,,,,,,,,,,,,,,
gate,bybit,VANRYUSDT,0.005561,0.005996,7.8223,1774105350000,,,,,,,,,,,,,,,,,,,,,,,,,,,,,,,,,,,,,,,,,0.005996,4969,0.005995,4029,0.005994,17191,0.005993,18281,0.005992,14947,0.005991,18281,0.005990,21409,0.005989,26558,0.005988,50659,0.005987,64208,0.005997,142914,0.005998,1859,0.005999,19539,0.006000,9504,0.006001,13610,0.006002,92284,0.006003,9503,0.006004,14610,0.006005,22236,0.006006,33335
gate,bybit,VANRYUSDT,0.00556,0.005995,7.8237,1774105352000,,,,,,,,,,,,,,,,,,,,,,,,,,,,,,,,,,,,,,,,,0.005995,904,0.005994,6695,0.005993,18281,0.005992,14947,0.005991,18281,0.005990,21409,0.005989,26558,0.005988,50659,0.005987,64208,0.005986,28190,0.005996,48476,0.005997,111578,0.005998,9087,0.005999,17303,0.006000,14530,0.006001,13610,0.006002,75154,0.006003,17715,0.006004,14610,0.006005,22236
gate,bybit,VANRYUSDT,0.005561,0.005995,7.8044,1774105354000,0.005559,5131,0.005558,9531,0.005557,16660,0.005556,36527,0.005555,38632,0.005554,36624,0.005553,51912,0.005552,36467,0.005551,31600,0.00555,11600,0.005561,13064,0.005562,175406,0.005563,7618,0.005564,7585,0.005565,18603,0.005566,18510,0.005567,16542,0.005572,11600,0.005573,11600,0.005574,11600,0.005995,11466,0.005994,6695,0.005993,22738,0.005992,14947,0.005991,18281,0.005990,21409,0.005989,26558,0.005988,50659,0.005987,64208,0.005986,28190,0.005996,48476,0.005997,113246,0.005998,19645,0.005999,9487,0.006000,14530,0.006001,13610,0.006002,75154,0.006003,9503,0.006004,14610,0.006005,22236
gate,bybit,VANRYUSDT,0.00556,0.005995,7.8237,1774105356598,0.005558,9531,0.005557,16660,0.005556,36527,0.005555,38632,0.005554,36624,0.005553,51912,0.005552,36467,0.005551,31600,0.00555,11600,0.005546,20000,0.00556,6113,0.005561,13064,0.005562,175406,0.005563,7664,0.005564,7585,0.005565,18603,0.005566,18510,0.005567,11600,0.005573,11600,0.005574,11600,0.005995,2382,0.005994,6695,0.005993,22738,0.005992,14947,0.005991,18281,0.005990,19049,0.005989,26558,0.005988,48299,0.005987,64208,0.005986,28190,0.005996,48476,0.005997,113246,0.005998,19645,0.005999,9487,0.006000,14530,0.006001,13610,0.006002,75154,0.006003,9503,0.006004,14610,0.006005,22236
gate,bybit,VANRYUSDT,0.00556,0.005995,7.8237,1774105356899,0.005558,6045,0.005557,5060,0.005556,16527,0.005555,38632,0.005554,36624,0.005553,51912,0.005552,36467,0.005551,31600,0.00555,11600,0.005546,20000,0.00556,6113,0.005561,7585,0.005562,175406,0.005563,7664,0.005564,19185,0.005565,18603,0.005566,18000,0.005567,11600,0.005573,11600,0.005574,11600,0.005995,800,0.005994,6695,0.005993,14378,0.005992,14947,0.005991,18281,0.005990,12419,0.005989,26558,0.005988,48299,0.005987,64208,0.005986,28190,0.005996,48476,0.005997,113246,0.005998,19645,0.005999,9487,0.006000,14530,0.006001,13610,0.006002,75154,0.006003,17715,0.006004,14610,0.006005,22236
gate,bybit,VANRYUSDT,0.00556,0.005995,7.8237,1774105357208,0.005558,6045,0.005557,5060,0.005556,16527,0.005555,38632,0.005554,36624,0.005553,51912,0.005552,36467,0.005551,31600,0.00555,11600,0.005546,20000,0.00556,6113,0.005561,7585,0.005562,175406,0.005563,7664,0.005564,19185,0.005565,18603,0.005566,18000,0.005567,11600,0.005573,11600,0.005574,11600,0.005995,800,0.005994,6695,0.005993,14378,0.005992,14947,0.005991,18281,0.005990,12419,0.005989,26558,0.005988,48299,0.005987,64208,0.005986,28190,0.005996,48476,0.005997,113246,0.005998,19645,0.005999,9487,0.006000,14530,0.006001,13610,0.006002,75154,0.006003,17715,0.006004,14610,0.006005,22236
gate,bybit,VANRYUSDT,0.00556,0.005995,7.8237,1774105357515,0.005558,6045,0.005557,5060,0.005556,16527,0.005555,38632,0.005554,36624,0.005553,51912,0.005552,36467,0.005551,31600,0.00555,11600,0.005546,20000,0.00556,11592,0.005561,7585,0.005562,175406,0.005563,7664,0.005564,19185,0.005565,18603,0.005566,18000,0.005573,11600,0.005574,11600,0.005575,25378,0.005995,800,0.005994,6695,0.005993,14378,0.005992,14947,0.005991,18281,0.005990,12419,0.005989,26558,0.005988,48299,0.005987,64208,0.005986,28190,0.005996,48476,0.005997,113246,0.005998,19645,0.005999,9487,0.006000,14530,0.006001,13610,0.006002,75154,0.006003,17715,0.006004,14610,0.006005,22236
gate,bybit,VANRYUSDT,0.005559,0.005995,7.8431,1774105357819,0.005557,5060,0.005556,16527,0.005555,38632,0.005554,36624,0.005553,51912,0.005552,36467,0.005551,31600,0.00555,11600,0.005546,20000,0.005545,11600,0.005559,4932,0.00556,11592,0.005561,7585,0.005562,175406,0.005563,7664,0.005564,19185,0.005565,18603,0.005566,11600,0.005573,11600,0.005574,11600,0.005995,800,0.005994,6695,0.005993,14378,0.005992,14947,0.005991,18281,0.005990,12419,0.005989,26558,0.005988,48299,0.005987,64208,0.005986,28190,0.005996,60636,0.005997,101076,0.005998,19645,0.005999,9487,0.006000,14530,0.006001,13610,0.006002,75154,0.006003,17715,0.006004,14610,0.006005,22236
gate,bybit,VANRYUSDT,0.005559,0.005995,7.8431,1774105358125,0.005557,5060,0.005556,16527,0.005555,38632,0.005554,36624,0.005553,51912,0.005552,36467,0.005551,31600,0.00555,11600,0.005546,20000,0.005545,11600,0.005559,4932,0.00556,11592,0.005561,7585,0.005562,175406,0.005563,7664,0.005564,19185,0.005565,18603,0.005566,11600,0.005573,11600,0.005574,11600,0.005995,800,0.005994,6695,0.005993,14378,0.005992,14947,0.005991,18281,0.005990,12419,0.005989,26558,0.005988,48299,0.005987,64208,0.005986,28190,0.005996,60636,0.005997,101076,0.005998,19645,0.005999,9487,0.006000,14530,0.006001,13610,0.006002,75154,0.006003,17715,0.006004,14610,0.006005,22236
gate,bybit,VANRYUSDT,0.005559,0.005995,7.8431,1774105358428,0.005557,9769,0.005556,16527,0.005555,38632,0.005554,36624,0.005553,51912,0.005552,36467,0.005551,36325,0.00555,11600,0.005546,20000,0.005545,11600,0.005559,4932,0.00556,6113,0.005561,7585,0.005562,175406,0.005563,7664,0.005564,19185,0.005565,18603,0.005566,11600,0.005573,11600,0.005574,11600,0.005995,800,0.005994,6695,0.005993,14378,0.005992,14947,0.005991,18281,0.005990,10837,0.005989,26558,0.005988,48299,0.005987,64208,0.005986,28190,0.005996,60636,0.005997,101076,0.005998,19645,0.005999,9487,0.006000,14530,0.006001,13610,0.006002,75154,0.006003,17715,0.006004,14610,0.006005,22236
gate,bybit,VANRYUSDT,0.005559,0.005995,7.8431,1774105358735,0.005557,9769,0.005556,16527,0.005555,38632,0.005554,36624,0.005553,51912,0.005552,36467,0.005551,36325,0.00555,11600,0.005546,20000,0.005545,31600,0.005559,4932,0.00556,6113,0.005561,7585,0.005562,175406,0.005563,7664,0.005564,19185,0.005565,18603,0.005566,11600,0.005573,11600,0.005574,11600,0.005995,800,0.005994,6695,0.005993,14378,0.005992,14947,0.005991,18281,0.005990,10837,0.005989,26558,0.005988,48299,0.005987,64208,0.005986,28190,0.005996,60636,0.005997,101076,0.005998,19645,0.005999,9487,0.006000,14530,0.006001,13610,0.006002,75154,0.006003,17715,0.006004,14610,0.006005,22236
gate,bybit,VANRYUSDT,0.005559,0.005995,7.8431,1774105359035,0.005557,9769,0.005556,16527,0.005555,38632,0.005554,36624,0.005553,51912,0.005552,36467,0.005551,36325,0.00555,11600,0.005546,20000,0.005545,31600,0.005559,4932,0.00556,6113,0.005561,7585,0.005562,175406,0.005563,7664,0.005564,19185,0.005565,18603,0.005566,11600,0.005573,11600,0.005574,11600,0.005995,800,0.005994,6695,0.005993,14378,0.005992,14947,0.005991,18281,0.005990,10837,0.005989,26558,0.005988,48299,0.005987,64208,0.005986,28190,0.005996,60636,0.005997,101076,0.005998,19645,0.005999,9487,0.006000,14530,0.006001,13610,0.006002,75154,0.006003,17715,0.006004,14610,0.006005,22236
gate,bybit,VANRYUSDT,0.00556,0.005995,7.8237,1774105359337,0.005558,6004,0.005557,9769,0.005556,16527,0.005555,38632,0.005554,36624,0.005553,51912,0.005552,36467,0.005551,36325,0.00555,11600,0.005546,31600,0.00556,6113,0.005561,7585,0.005562,175406,0.005564,19185,0.005565,18603,0.005566,16605,0.005573,11600,0.005574,11600,0.005575,25378,0.005576,155894,0.005995,800,0.005994,6695,0.005993,14378,0.005992,16529,0.005991,19863,0.005990,12419,0.005989,26558,0.005988,48299,0.005987,64208,0.005986,28190,0.005996,60636,0.005997,101076,0.005998,19645,0.005999,9487,0.006000,14530,0.006001,13610,0.006002,75154,0.006003,17715,0.006004,14610,0.006005,22236
gate,bybit,VANRYUSDT,0.00556,0.005995,7.8237,1774105359637,0.005558,6004,0.005557,9769,0.005556,16527,0.005555,38632,0.005554,36624,0.005553,51912,0.005552,36467,0.005551,36325,0.00555,11600,0.005546,31600,0.00556,6113,0.005561,7585,0.005562,175406,0.005564,19185,0.005565,18603,0.005566,16605,0.005573,11600,0.005574,11600,0.005575,25378,0.005576,155894,0.005995,800,0.005994,6695,0.005993,14378,0.005992,16529,0.005991,19863,0.005990,12419,0.005989,26558,0.005988,48299,0.005987,64208,0.005986,28190,0.005996,60636,0.005997,101076,0.005998,19645,0.005999,9487,0.006000,14530,0.006001,13610,0.006002,75154,0.006003,17715,0.006004,14610,0.006005,22236
gate,bybit,VANRYUSDT,0.00556,0.005995,7.8237,1774105359939,0.005558,10713,0.005557,5060,0.005556,16527,0.005555,38632,0.005554,36624,0.005553,51912,0.005552,36467,0.005551,36325,0.00555,11600,0.005546,31600,0.00556,5435,0.005561,7585,0.005562,175406,0.005563,7876,0.005564,19185,0.005565,18603,0.005566,16605,0.005567,5121,0.005573,11600,0.005574,11600,0.005995,800,0.005994,6695,0.005993,14378,0.005992,16529,0.005991,19863,0.005990,12419,0.005989,26558,0.005988,48299,0.005987,64208,0.005986,28190,0.005996,60636,0.005997,101076,0.005998,19645,0.005999,9487,0.006000,14530,0.006001,13610,0.006002,75154,0.006003,17715,0.006004,14610,0.006005,22236
gate,bybit,VANRYUSDT,0.00556,0.005995,7.8237,1774105360243,0.005558,10713,0.005557,5060,0.005556,16527,0.005555,38632,0.005554,36624,0.005553,51912,0.005552,36467,0.005551,36325,0.00555,11600,0.005546,31600,0.00556,5435,0.005561,7585,0.005562,175406,0.005563,7876,0.005564,19185,0.005565,18603,0.005566,16605,0.005567,5121,0.005573,11600,0.005574,11600,0.005995,800,0.005994,6695,0.005993,14378,0.005992,16529,0.005991,18281,0.005990,12419,0.005989,26558,0.005988,48299,0.005987,64208,0.005986,28190,0.005996,60636,0.005997,101076,0.005998,19645,0.005999,9487,0.006000,14530,0.006001,13610,0.006002,75154,0.006003,17715,0.006004,14610,0.006005,22236
gate,bybit,VANRYUSDT,0.00556,0.005995,7.8237,1774105360543,0.005558,6004,0.005557,5060,0.005556,16527,0.005555,38632,0.005554,36624,0.005553,51912,0.005552,36467,0.005551,36325,0.00555,11600,0.005546,31600,0.00556,10914,0.005561,7585,0.005562,175406,0.005563,7876,0.005564,19185,0.005565,18603,0.005566,16605,0.005567,5121,0.005574,11600,0.005575,25378,0.005995,800,0.005994,6695,0.005993,14378,0.005992,16529,0.005991,18281,0.005990,12419,0.005989,26558,0.005988,48299,0.005987,64208,0.005986,28190,0.005996,60636,0.005997,101076,0.005998,19645,0.005999,9487,0.006000,14530,0.006001,32847,0.006002,75154,0.006003,17715,0.006004,14610,0.006005,22236
gate,bybit,VANRYUSDT,0.005559,0.005995,7.8431,1774105360843,0.005557,5060,0.005556,16527,0.005555,38632,0.005554,36624,0.005553,51912,0.005552,36467,0.005551,36325,0.00555,11600,0.005547,20000,0.005546,31600,0.005559,5860,0.00556,10914,0.005561,7585,0.005562,175406,0.005563,7876,0.005564,19185,0.005565,18603,0.005566,11600,0.005574,11600,0.005575,25378,0.005995,800,0.005994,6695,0.005993,14378,0.005992,16529,0.005991,18281,0.005990,12419,0.005989,26558,0.005988,48299,0.005987,64208,0.005986,28190,0.005996,60636,0.005997,101076,0.005998,19645,0.005999,9487,0.006000,14530,0.006001,32847,0.006002,75154,0.006003,17715,0.006004,14610,0.006005,22236
gate,bybit,VANRYUSDT,0.005559,0.005995,7.8431,1774105361151,0.005557,5060,0.005556,16527,0.005555,38632,0.005554,36624,0.005553,51912,0.005552,36467,0.005551,36325,0.00555,11600,0.005547,20000,0.005546,31600,0.005559,5860,0.00556,10914,0.005561,7585,0.005562,175406,0.005563,7876,0.005564,19185,0.005565,18603,0.005566,11600,0.005574,11600,0.005575,25378,0.005995,1738,0.005994,6695,0.005993,14378,0.005992,16529,0.005991,18281,0.005990,12419,0.005989,26558,0.005988,48299,0.005987,64208,0.005986,28190,0.005996,60636,0.005997,101076,0.005998,19454,0.005999,9487,0.006000,14530,0.006001,32847,0.006002,75154,0.006003,17715,0.006004,14610,0.006005,22236
gate,bybit,VANRYUSDT,0.005559,0.005995,7.8431,1774105361452,0.005558,9567,0.005557,5060,0.005556,16527,0.005555,38632,0.005554,36624,0.005553,51912,0.005552,36467,0.005551,36325,0.00555,11600,0.005547,31600,0.005559,581,0.00556,5435,0.005561,7585,0.005562,175406,0.005563,7876,0.005564,19185,0.005565,18603,0.005566,11600,0.005574,11600,0.005575,25378,0.005995,1738,0.005994,6695,0.005993,14378,0.005992,16529,0.005991,18281,0.005990,12419,0.005989,26558,0.005988,48299,0.005987,64208,0.005986,28190,0.005996,60636,0.005997,101076,0.005998,19454,0.005999,9487,0.006000,14530,0.006001,32847,0.006002,75154,0.006003,17715,0.006004,14610,0.006005,22236
gate,bybit,VANRYUSDT,0.005559,0.005993,7.8072,1774105361752,0.005558,9567,0.005557,5060,0.005556,16527,0.005555,38632,0.005554,36624,0.005553,51912,0.005552,36467,0.005551,36325,0.00555,11600,0.005547,31600,0.005559,581,0.00556,5435,0.005561,7585,0.005562,175406,0.005563,7876,0.005564,19185,0.005565,18603,0.005566,11600,0.005574,11600,0.005575,25378,0.005993,4066,0.005992,6695,0.005991,22732,0.005990,10837,0.005989,19660,0.005988,48299,0.005987,64208,0.005986,28190,0.005985,32297,0.005984,61511,0.005994,24568,0.005995,1669,0.005996,46508,0.005997,108845,0.005998,12594,0.005999,13593,0.006000,14530,0.006001,32847,0.006002,75154,0.006003,17715
gate,bybit,VANRYUSDT,0.00556,0.005994,7.8058,1774105362052,0.005557,9769,0.005556,16527,0.005555,38632,0.005554,36624,0.005553,51912,0.005552,36467,0.005551,36325,0.00555,11600,0.005547,31600,0.005546,31600,0.005559,7779,0.00556,5435,0.005561,7585,0.005562,175406,0.005564,19185,0.005565,18603,0.005566,11600,0.005574,11600,0.005575,25378,0.005576,155894,0.005994,23251,0.005993,4066,0.005992,18916,0.005991,18281,0.005990,19049,0.005989,18346,0.005988,48299,0.005987,64208,0.005986,28190,0.005985,32297,0.005995,9845,0.005996,30969,0.005997,116615,0.005998,12594,0.005999,9487,0.006000,14530,0.006001,32847,0.006002,75154,0.006003,9503,0.006004,14610
gate,bybit,VANRYUSDT,0.00556,0.005994,7.8058,1774105362352,0.005558,10338,0.005557,5060,0.005556,16527,0.005555,38632,0.005554,36624,0.005553,36458,0.005552,36467,0.005551,36325,0.00555,11600,0.005548,27068,0.00556,6626,0.005561,7585,0.005562,175406,0.005563,7878,0.005564,19185,0.005565,18603,0.005566,19478,0.005574,11600,0.005575,25378,0.005576,155894,0.005994,23251,0.005993,4066,0.005992,18916,0.005991,18281,0.005990,19049,0.005989,18346,0.005988,48299,0.005987,64208,0.005986,28190,0.005985,32297,0.005995,9845,0.005996,30969,0.005997,116615,0.005998,12594,0.005999,13593,0.006000,14530,0.006001,32847,0.006002,75154,0.006003,17715,0.006004,14610
gate,bybit,VANRYUSDT,0.00556,0.005994,7.8058,1774105362652,0.005558,15047,0.005557,5060,0.005556,16527,0.005555,38632,0.005554,36624,0.005553,36458,0.005552,36467,0.005551,36325,0.00555,11600,0.005548,27068,0.00556,6626,0.005561,7585,0.005562,175406,0.005563,7878,0.005564,19185,0.005565,18603,0.005566,19478,0.005574,11600,0.005575,25378,0.005576,155894,0.005994,23251,0.005993,4066,0.005992,18916,0.005991,18281,0.005990,19049,0.005989,18346,0.005988,48299,0.005987,64208,0.005986,28190,0.005985,32297,0.005995,9845,0.005996,30969,0.005997,116615,0.005998,12594,0.005999,13593,0.006000,14530,0.006001,32847,0.006002,75154,0.006003,17715,0.006004,14610
gate,bybit,VANRYUSDT,0.00556,0.005994,7.8058,1774105362952,0.005558,15047,0.005557,5060,0.005556,16527,0.005555,38632,0.005554,36624,0.005553,36458,0.005552,36467,0.005551,36325,0.00555,11600,0.005549,31600,0.00556,6626,0.005561,7585,0.005562,175406,0.005563,7878,0.005564,19185,0.005565,18603,0.005566,19478,0.005574,11600,0.005575,25378,0.005576,155894,0.005994,23251,0.005993,4066,0.005992,18916,0.005991,18281,0.005990,19049,0.005989,18346,0.005988,48299,0.005987,64208,0.005986,28190,0.005985,32297,0.005995,9845,0.005996,30969,0.005997,116615,0.005998,12594,0.005999,13593,0.006000,14530,0.006001,32847,0.006002,75154,0.006003,17715,0.006004,14610
gate,bybit,VANRYUSDT,0.00556,0.005994,7.8058,1774105363254,0.005558,15047,0.005557,5060,0.005556,16527,0.005555,38632,0.005554,36624,0.005553,36458,0.005552,36467,0.005551,36325,0.00555,11600,0.005549,31600,0.00556,6626,0.005561,7585,0.005562,175406,0.005563,7878,0.005564,19185,0.005565,18603,0.005566,19478,0.005574,11600,0.005575,25378,0.005576,155894,0.005994,23266,0.005993,4066,0.005992,18916,0.005991,18281,0.005990,19049,0.005989,18346,0.005988,48299,0.005987,64208,0.005986,28190,0.005985,32297,0.005995,9845,0.005996,30969,0.005997,116615,0.005998,12594,0.005999,13593,0.006000,14530,0.006001,32847,0.006002,75154,0.006003,17715,0.006004,14610
gate,bybit,VANRYUSDT,0.00556,0.005994,7.8058,1774105363554,0.005558,15047,0.005557,5060,0.005556,16527,0.005555,38632,0.005554,36624,0.005553,36458,0.005552,36467,0.005551,36325,0.00555,11600,0.005549,31600,0.00556,6626,0.005561,7585,0.005562,175406,0.005563,7878,0.005564,19185,0.005565,18603,0.005566,19478,0.005574,11600,0.005575,25378,0.005576,155894,0.005994,23266,0.005993,4066,0.005992,18916,0.005991,18281,0.005990,19049,0.005989,18346,0.005988,48299,0.005987,64208,0.005986,28190,0.005985,32297,0.005995,9845,0.005996,30969,0.005997,116615,0.005998,12594,0.005999,13593,0.006000,14530,0.006001,32847,0.006002,75154,0.006003,17715,0.006004,14610
gate,bybit,VANRYUSDT,0.00556,0.005994,7.8058,1774105363854,0.005558,15047,0.005557,5060,0.005556,16527,0.005555,38632,0.005554,36624,0.005553,36458,0.005552,51925,0.005551,36325,0.00555,31600,0.005549,31600,0.00556,6626,0.005561,7585,0.005562,175406,0.005563,7878,0.005564,19185,0.005565,18603,0.005566,19478,0.005574,11600,0.005575,25378,0.005576,155894,0.005994,8195,0.005993,4066,0.005992,18916,0.005991,18281,0.005990,19049,0.005989,18346,0.005988,48299,0.005987,64208,0.005986,28190,0.005985,32297,0.005995,9845,0.005996,30969,0.005997,116615,0.005998,12594,0.005999,13593,0.006000,14530,0.006001,32847,0.006002,75154,0.006003,17715,0.006004,14610
gate,bybit,VANRYUSDT,0.00556,0.005994,7.8058,1774105364155,0.005558,9878,0.005557,5060,0.005556,16527,0.005555,38632,0.005554,36624,0.005553,36458,0.005552,51925,0.005551,36325,0.00555,31600,0.005549,31600,0.00556,6626,0.005561,7585,0.005562,175406,0.005563,7878,0.005564,19185,0.005565,18603,0.005566,19478,0.005574,11600,0.005575,25378,0.005576,155894,0.005994,8195,0.005993,4066,0.005992,18916,0.005991,18281,0.005990,19049,0.005989,18346,0.005988,48299,0.005987,64208,0.005986,28190,0.005985,32297,0.005995,9845,0.005996,30969,0.005997,116615,0.005998,12594,0.005999,13593,0.006000,14530,0.006001,32847,0.006002,75154,0.006003,17715,0.006004,14610
gate,bybit,VANRYUSDT,0.00556,0.005994,7.8058,1774105364455,0.005558,9878,0.005557,5060,0.005556,16527,0.005555,38632,0.005554,36624,0.005553,36458,0.005552,51925,0.005551,36325,0.00555,31600,0.005549,31600,0.00556,6626,0.005561,7585,0.005562,175406,0.005563,7878,0.005564,19185,0.005565,18603,0.005566,19478,0.005574,11600,0.005575,25378,0.005576,155894,0.005994,8195,0.005993,4066,0.005992,18916,0.005991,18281,0.005990,19049,0.005989,18346,0.005988,48299,0.005987,64208,0.005986,28190,0.005985,32297,0.005995,9845,0.005996,30969,0.005997,116615,0.005998,12594,0.005999,13593,0.006000,14530,0.006001,32847,0.006002,75154,0.006003,17715,0.006004,14610
gate,bybit,VANRYUSDT,0.00556,0.005994,7.8058,1774105364755,0.005558,9878,0.005557,5060,0.005556,16527,0.005555,38632,0.005554,36624,0.005553,36458,0.005552,51925,0.005551,36325,0.00555,31600,0.005549,31600,0.00556,6626,0.005561,7585,0.005562,175406,0.005563,7878,0.005564,19185,0.005565,18603,0.005566,19478,0.005574,11600,0.005575,25378,0.005576,155894,0.005994,8195,0.005993,4066,0.005992,18916,0.005991,18281,0.005990,19049,0.005989,18346,0.005988,48299,0.005987,64208,0.005986,28190,0.005985,32297,0.005995,9845,0.005996,30969,0.005997,116615,0.005998,12594,0.005999,13593,0.006000,14530,0.006001,32847,0.006002,75154,0.006003,17715,0.006004,14610
gate,bybit,VANRYUSDT,0.005562,0.005995,7.785,1774105365055,0.005558,5169,0.005557,5060,0.005556,16527,0.005555,38632,0.005554,36624,0.005553,36458,0.005552,51925,0.005551,36325,0.00555,31600,0.005549,31600,0.00556,5479,0.005561,7585,0.005562,175406,0.005563,7878,0.005564,19185,0.005565,18603,0.005566,19478,0.005574,11600,0.005575,25378,0.005576,155894,0.005995,18766,0.005994,1684,0.005993,17852,0.005992,23991,0.005991,18281,0.005990,19049,0.005989,18346,0.005988,48299,0.005987,64208,0.005986,28190,0.005996,13829,0.005997,101076,0.005998,20356,0.005999,13593,0.006000,14530,0.006001,32847,0.006002,75154,0.006003,9503,0.006004,14610,0.006005,14024
gate,bybit,VANRYUSDT,0.005562,0.005995,7.785,1774105365355,0.00556,11031,0.005559,6282,0.005558,5169,0.005557,16660,0.005556,16527,0.005555,38632,0.005554,36624,0.005553,36458,0.005552,51925,0.005551,31600,0.005562,170003,0.005564,7171,0.005565,19449,0.005566,19478,0.005567,16599,0.005574,11600,0.005575,25378,0.005576,155894,0.005577,11600,0.005578,86580,0.005995,18766,0.005994,1684,0.005993,17852,0.005992,22677,0.005991,18281,0.005990,19049,0.005989,18346,0.005988,48299,0.005987,64208,0.005986,28190,0.005996,30969,0.005997,101076,0.005998,20356,0.005999,13593,0.006000,14530,0.006001,13610,0.006002,75154,0.006003,28740,0.006004,14610,0.006005,14024
gate,bybit,VANRYUSDT,0.005562,0.005995,7.785,1774105365656,0.00556,7209,0.005559,6282,0.005558,5169,0.005557,16660,0.005556,16527,0.005555,38632,0.005554,36624,0.005553,36458,0.005552,51925,0.005551,31600,0.005562,170003,0.005564,7171,0.005565,19449,0.005566,19478,0.005567,16599,0.005568,5258,0.005574,11600,0.005575,25378,0.005576,155894,0.005577,11600,0.005995,18766,0.005994,1684,0.005993,17852,0.005992,22677,0.005991,18281,0.005990,19049,0.005989,18346,0.005988,48299,0.005987,64208,0.005986,28190,0.005996,30969,0.005997,101076,0.005998,20356,0.005999,13593,0.006000,14530,0.006001,13610,0.006002,75154,0.006003,28740,0.006004,14610,0.006005,14024
gate,bybit,VANRYUSDT,0.005562,0.005995,7.785,1774105365956,0.00556,7209,0.005559,6282,0.005558,5169,0.005557,16660,0.005556,16527,0.005555,38632,0.005554,36624,0.005553,36458,0.005552,51925,0.005551,31600,0.005562,170003,0.005564,7171,0.005565,19449,0.005566,19478,0.005567,16599,0.005568,5258,0.005574,11600,0.005575,25378,0.005576,155894,0.005577,11600,0.005995,18766,0.005994,1684,0.005993,17852,0.005992,22677,0.005991,18281,0.005990,19049,0.005989,18346,0.005988,48299,0.005987,64208,0.005986,28190,0.005996,30969,0.005997,101076,0.005998,20356,0.005999,13593,0.006000,14530,0.006001,13610,0.006002,75154,0.006003,28740,0.006004,14610,0.006005,14024
gate,bybit,VANRYUSDT,0.005562,0.005995,7.785,1774105366256,0.00556,7209,0.005559,6282,0.005558,5169,0.005557,16660,0.005556,16527,0.005555,38632,0.005554,36624,0.005553,36458,0.005552,51925,0.005551,31600,0.005562,170003,0.005564,7171,0.005565,19449,0.005566,19478,0.005567,16599,0.005568,5258,0.005574,11600,0.005575,25378,0.005576,155894,0.005577,11600,0.005995,18766,0.005994,1684,0.005993,17852,0.005992,22677,0.005991,18281,0.005990,19049,0.005989,18346,0.005988,48299,0.005987,64208,0.005986,28190,0.005996,30969,0.005997,101076,0.005998,20356,0.005999,13593,0.006000,14530,0.006001,13610,0.006002,75154,0.006003,28740,0.006004,14610,0.006005,14024
gate,bybit,VANRYUSDT,0.005562,0.005995,7.785,1774105366557,0.00556,7209,0.005559,6282,0.005558,5169,0.005557,16660,0.005556,16527,0.005555,38632,0.005554,36624,0.005553,36458,0.005552,51925,0.005551,31600,0.005562,170003,0.005564,7171,0.005565,19449,0.005566,19478,0.005567,16599,0.005568,5258,0.005574,11600,0.005575,25378,0.005576,155894,0.005577,11600,0.005995,18766,0.005994,1684,0.005993,17852,0.005992,22677,0.005991,18281,0.005990,19049,0.005989,18346,0.005988,48299,0.005987,64208,0.005986,28190,0.005996,30969,0.005997,101076,0.005998,20356,0.005999,13593,0.006000,14530,0.006001,13610,0.006002,75154,0.006003,28740,0.006004,14610,0.006005,14024
gate,bybit,VANRYUSDT,0.005562,0.005995,7.785,1774105366857,0.00556,7209,0.005559,6282,0.005558,5169,0.005557,16660,0.005556,16527,0.005555,38632,0.005554,36624,0.005553,36458,0.005552,51925,0.005551,31600,0.005562,170003,0.005564,7171,0.005565,19449,0.005566,19478,0.005567,16599,0.005568,5258,0.005574,11600,0.005575,25378,0.005576,155894,0.005577,11600,0.005995,18766,0.005994,1684,0.005993,17852,0.005992,22677,0.005991,18281,0.005990,19049,0.005989,18346,0.005988,48299,0.005987,64208,0.005986,28190,0.005996,30969,0.005997,101076,0.005998,20356,0.005999,13593,0.006000,14530,0.006001,13610,0.006002,75154,0.006003,28740,0.006004,14610,0.006005,14024
gate,bybit,VANRYUSDT,0.005562,0.005995,7.785,1774105367157,0.00556,7209,0.005559,6282,0.005558,5169,0.005557,16660,0.005556,16527,0.005555,38632,0.005554,36624,0.005553,36458,0.005552,51925,0.005551,31600,0.005562,170003,0.005564,7171,0.005565,19449,0.005566,19478,0.005567,16599,0.005568,5258,0.005574,11600,0.005575,25378,0.005576,155894,0.005577,11600,0.005995,18766,0.005994,1684,0.005993,17852,0.005992,22677,0.005991,18281,0.005990,19049,0.005989,18346,0.005988,48299,0.005987,64208,0.005986,28190,0.005996,30969,0.005997,101076,0.005998,20356,0.005999,13593,0.006000,14530,0.006001,13610,0.006002,75154,0.006003,28740,0.006004,14610,0.006005,14024
gate,bybit,VANRYUSDT,0.005562,0.005995,7.785,1774105367457,0.00556,7209,0.005559,6282,0.005558,5169,0.005557,16660,0.005556,16527,0.005555,38632,0.005554,36624,0.005553,36458,0.005552,51925,0.005551,31600,0.005562,170003,0.005564,7171,0.005565,19449,0.005566,19478,0.005567,16599,0.005568,5258,0.005574,11600,0.005575,25378,0.005576,155894,0.005577,11600,0.005995,18766,0.005994,1684,0.005993,17852,0.005992,22677,0.005991,18281,0.005990,19049,0.005989,18346,0.005988,48299,0.005987,64208,0.005986,28190,0.005996,30969,0.005997,101076,0.005998,20356,0.005999,13593,0.006000,14530,0.006001,13610,0.006002,75154,0.006003,28740,0.006004,14610,0.006005,14024
gate,bybit,VANRYUSDT,0.005562,0.005995,7.785,1774105367757,0.00556,7209,0.005559,6282,0.005558,5169,0.005557,16660,0.005556,16527,0.005555,38632,0.005554,36624,0.005553,36458,0.005552,51925,0.005551,31600,0.005562,170003,0.005564,7171,0.005565,19449,0.005566,19478,0.005567,16599,0.005568,5258,0.005574,11600,0.005575,25378,0.005576,155894,0.005577,11600,0.005995,18797,0.005994,1669,0.005993,17852,0.005992,22677,0.005991,18281,0.005990,19049,0.005989,18346,0.005988,48299,0.005987,64208,0.005986,28190,0.005996,30969,0.005997,101076,0.005998,20356,0.005999,13593,0.006000,14530,0.006001,13610,0.006002,75154,0.006003,28740,0.006004,14610,0.006005,14024
gate,bybit,VANRYUSDT,0.005562,0.005995,7.785,1774105368057,0.00556,7209,0.005559,6282,0.005558,5169,0.005557,16660,0.005556,16527,0.005555,38632,0.005554,36624,0.005553,36458,0.005552,51925,0.005551,31600,0.005562,170003,0.005564,7171,0.005565,19449,0.005566,19478,0.005567,16599,0.005568,5258,0.005574,11600,0.005575,25378,0.005576,155894,0.005577,11600,0.005995,18797,0.005994,1669,0.005993,17852,0.005992,22677,0.005991,18281,0.005990,19049,0.005989,18346,0.005988,48299,0.005987,64208,0.005986,28190,0.005996,30969,0.005997,101076,0.005998,20356,0.005999,13593,0.006000,14530,0.006001,13610,0.006002,75154,0.006003,28740,0.006004,14610,0.006005,14024
gate,bybit,VANRYUSDT,0.005562,0.005995,7.785,1774105368357,0.00556,7209,0.005559,6282,0.005558,5169,0.005557,16660,0.005556,16527,0.005555,38632,0.005554,36624,0.005553,36458,0.005552,51925,0.005551,31600,0.005562,170003,0.005564,7171,0.005565,19449,0.005566,19478,0.005567,16599,0.005568,5258,0.005574,11600,0.005575,25378,0.005576,155894,0.005577,11600,0.005995,18797,0.005994,1669,0.005993,17852,0.005992,22677,0.005991,18281,0.005990,19049,0.005989,18346,0.005988,48299,0.005987,64208,0.005986,28190,0.005996,30969,0.005997,101076,0.005998,20356,0.005999,13593,0.006000,14530,0.006001,13610,0.006002,75154,0.006003,28740,0.006004,14610,0.006005,14024
gate,bybit,VANRYUSDT,0.005562,0.005995,7.785,1774105368657,0.00556,7209,0.005559,6282,0.005558,5169,0.005557,16660,0.005556,16527,0.005555,38632,0.005554,36624,0.005553,36458,0.005552,51925,0.005551,31600,0.005562,170003,0.005564,7171,0.005565,19449,0.005566,19478,0.005567,16599,0.005568,5258,0.005574,11600,0.005575,25378,0.005576,155894,0.005577,11600,0.005995,18797,0.005994,1669,0.005993,17852,0.005992,22677,0.005991,18281,0.005990,19049,0.005989,18346,0.005988,48299,0.005987,64208,0.005986,28190,0.005996,30969,0.005997,101076,0.005998,20356,0.005999,13593,0.006000,14530,0.006001,13610,0.006002,75154,0.006003,28740,0.006004,14610,0.006005,14024
gate,bybit,VANRYUSDT,0.005562,0.005995,7.785,1774105368958,0.00556,7209,0.005559,6282,0.005558,5169,0.005557,16660,0.005556,16527,0.005555,38632,0.005554,36624,0.005553,36458,0.005552,51925,0.005551,31600,0.005562,170003,0.005564,7171,0.005565,19449,0.005566,19478,0.005567,16599,0.005568,5258,0.005574,11600,0.005575,25378,0.005576,155894,0.005577,11600,0.005995,18797,0.005994,1669,0.005993,17852,0.005992,22677,0.005991,18281,0.005990,19049,0.005989,18346,0.005988,48299,0.005987,64208,0.005986,28190,0.005996,30969,0.005997,101076,0.005998,20356,0.005999,13593,0.006000,14530,0.006001,13610,0.006002,75154,0.006003,28740,0.006004,14610,0.006005,14024
gate,bybit,VANRYUSDT,0.005561,0.005995,7.8044,1774105369258,0.00556,2370,0.005559,6282,0.005558,5169,0.005557,16660,0.005556,16527,0.005555,38632,0.005554,36624,0.005553,36458,0.005552,36467,0.005551,31600,0.005561,5678,0.005562,170003,0.005564,7171,0.005565,19449,0.005566,19478,0.005567,16599,0.005574,11600,0.005575,25378,0.005576,155894,0.005577,11600,0.005995,18797,0.005994,1669,0.005993,17852,0.005992,22677,0.005991,18281,0.005990,19049,0.005989,18346,0.005988,48299,0.005987,64208,0.005986,28190,0.005996,30969,0.005997,101076,0.005998,20356,0.005999,13593,0.006000,14530,0.006001,13610,0.006002,75154,0.006003,28740,0.006004,14610,0.006005,14024
gate,bybit,VANRYUSDT,0.005561,0.005995,7.8044,1774105369558,0.00556,11613,0.005559,6282,0.005558,5169,0.005557,16660,0.005556,16527,0.005555,38632,0.005554,36624,0.005553,36458,0.005552,36467,0.005551,31600,0.005561,5678,0.005562,329228,0.005564,7171,0.005565,19449,0.005566,19478,0.005567,16599,0.005574,11600,0.005575,25378,0.005576,155894,0.005577,11600,0.005995,18797,0.005994,1669,0.005993,17852,0.005992,22677,0.005991,18281,0.005990,19049,0.005989,18346,0.005988,48299,0.005987,64208,0.005986,28190,0.005996,30969,0.005997,101076,0.005998,20356,0.005999,13593,0.006000,14530,0.006001,13610,0.006002,75154,0.006003,28740,0.006004,14610,0.006005,14024
gate,bybit,VANRYUSDT,0.005561,0.005995,7.8044,1774105369858,0.00556,2952,0.005559,6282,0.005558,5169,0.005557,16660,0.005556,16527,0.005555,38632,0.005554,36624,0.005553,36458,0.005552,36467,0.005551,31600,0.005561,5678,0.005562,329228,0.005565,11600,0.005566,17327,0.005567,16599,0.005574,11600,0.005575,25378,0.005576,155894,0.005577,11600,0.005578,86580,0.005995,18797,0.005994,1669,0.005993,17852,0.005992,22677,0.005991,18281,0.005990,19049,0.005989,18346,0.005988,48299,0.005987,64208,0.005986,28190,0.005996,30969,0.005997,101076,0.005998,20356,0.005999,13593,0.006000,14530,0.006001,13610,0.006002,75154,0.006003,28740,0.006004,14610,0.006005,14024
gate,bybit,VANRYUSDT,0.005561,0.005995,7.8044,1774105370159,0.00556,582,0.005559,6282,0.005558,5169,0.005557,16660,0.005556,16527,0.005555,38632,0.005554,36624,0.005553,36458,0.005552,54482,0.005551,31600,0.005561,5678,0.005562,329228,0.005565,11600,0.005566,17327,0.005567,16599,0.005574,11600,0.005575,25378,0.005576,155894,0.005577,11600,0.005578,86580,0.005995,18797,0.005994,1669,0.005993,17852,0.005992,22677,0.005991,18281,0.005990,19049,0.005989,18346,0.005988,48299,0.005987,64208,0.005986,28190,0.005996,30969,0.005997,101076,0.005998,20356,0.005999,13593,0.006000,14530,0.006001,13610,0.006002,75154,0.006003,28740,0.006004,14610,0.006005,14024
gate,bybit,VANRYUSDT,0.00556,0.005995,7.8237,1774105370464,0.00556,582,0.005559,6282,0.005558,5169,0.005557,16660,0.005556,16527,0.005555,38632,0.005554,36624,0.005553,36458,0.005552,54482,0.005551,31600,0.005561,5678,0.005562,329228,0.005565,11600,0.005566,17327,0.005567,16599,0.005574,11600,0.005575,25378,0.005576,155894,0.005577,11600,0.005578,86580,0.005995,18797,0.005994,1669,0.005993,16272,0.005992,14465,0.005991,18281,0.005990,19049,0.005989,18346,0.005988,48299,0.005987,64208,0.005986,28190,0.005996,30969,0.005997,101076,0.005998,20356,0.005999,13593,0.006000,14530,0.006001,13610,0.006002,75154,0.006003,28740,0.006004,22822,0.006005,14024
gate,bybit,VANRYUSDT,0.005561,0.005995,7.8044,1774105370765,0.005559,16397,0.005558,10338,0.005557,19424,0.005556,16527,0.005555,38632,0.005554,36624,0.005553,36458,0.005552,49615,0.005551,31600,0.00555,11600,0.005561,7629,0.005562,329228,0.005565,11600,0.005566,19424,0.005567,16599,0.005568,5003,0.005574,11600,0.005575,25378,0.005576,155894,0.005577,11600,0.005995,18797,0.005994,1669,0.005993,16272,0.005992,14465,0.005991,18281,0.005990,19049,0.005989,18346,0.005988,48299,0.005987,64208,0.005986,28190,0.005996,30969,0.005997,101076,0.005998,20356,0.005999,13593,0.006000,14530,0.006001,13610,0.006002,75154,0.006003,28740,0.006004,22822,0.006005,14024
gate,bybit,VANRYUSDT,0.005561,0.005995,7.8044,1774105371065,0.005559,16397,0.005558,10338,0.005557,19424,0.005556,16527,0.005555,38632,0.005554,36624,0.005553,36458,0.005552,49615,0.005551,31600,0.00555,11600,0.005561,7629,0.005562,329228,0.005565,11600,0.005566,19424,0.005567,16599,0.005568,5003,0.005574,11600,0.005575,25378,0.005576,155894,0.005577,11600,0.005995,18797,0.005994,1669,0.005993,16272,0.005992,14465,0.005991,18281,0.005990,19049,0.005989,18346,0.005988,48299,0.005987,64208,0.005986,28190,0.005996,30969,0.005997,101076,0.005998,20356,0.005999,13593,0.006000,14530,0.006001,13610,0.006002,75154,0.006003,28740,0.006004,22822,0.006005,14024
gate,bybit,VANRYUSDT,0.005561,0.005995,7.8044,1774105371365,0.005559,16397,0.005558,10338,0.005557,19424,0.005556,16527,0.005555,38632,0.005554,36624,0.005553,36458,0.005552,49615,0.005551,31600,0.00555,11600,0.005561,7629,0.005562,329228,0.005565,11600,0.005566,19424,0.005567,16599,0.005568,5003,0.005574,11600,0.005575,25378,0.005576,155894,0.005577,11600,0.005995,18797,0.005994,1669,0.005993,16272,0.005992,14465,0.005991,18281,0.005990,19049,0.005989,18346,0.005988,48299,0.005987,64208,0.005986,28190,0.005996,30969,0.005997,101076,0.005998,20356,0.005999,13593,0.006000,14530,0.006001,13610,0.006002,75154,0.006003,28740,0.006004,22822,0.006005,14024
gate,bybit,VANRYUSDT,0.005561,0.005995,7.8044,1774105371666,0.005559,16397,0.005558,10338,0.005557,19424,0.005556,16527,0.005555,38632,0.005554,36624,0.005553,36458,0.005552,49615,0.005551,31600,0.00555,11600,0.005561,7629,0.005562,329228,0.005565,11600,0.005566,19424,0.005567,16599,0.005568,5003,0.005574,11600,0.005575,25378,0.005576,155894,0.005577,11600,0.005995,18797,0.005994,1669,0.005993,16272,0.005992,14465,0.005991,18281,0.005990,19049,0.005989,18346,0.005988,48299,0.005987,64208,0.005986,28190,0.005996,30969,0.005997,101076,0.005998,20356,0.005999,13593,0.006000,14530,0.006001,13610,0.006002,75154,0.006003,28740,0.006004,14610,0.006005,14024
gate,bybit,VANRYUSDT,0.005561,0.005995,7.8044,1774105371966,0.005559,16397,0.005558,10338,0.005557,19424,0.005556,16527,0.005555,38632,0.005554,36624,0.005553,36458,0.005552,49615,0.005551,31600,0.00555,11600,0.005561,7629,0.005562,329228,0.005565,11600,0.005566,19424,0.005567,16599,0.005568,5003,0.005574,11600,0.005575,25378,0.005576,155894,0.005577,11600,0.005995,18797,0.005994,1669,0.005993,16272,0.005992,14465,0.005991,18281,0.005990,19049,0.005989,18346,0.005988,48299,0.005987,64208,0.005986,28190,0.005996,30969,0.005997,101076,0.005998,20356,0.005999,13593,0.006000,14530,0.006001,13610,0.006002,75154,0.006003,28740,0.006004,14610,0.006005,14024
gate,bybit,VANRYUSDT,0.005561,0.005995,7.8044,1774105372266,0.005559,16397,0.005558,10338,0.005557,19424,0.005556,16527,0.005555,38632,0.005554,36624,0.005553,36458,0.005552,49615,0.005551,31600,0.00555,11600,0.005561,7629,0.005562,329228,0.005565,11600,0.005566,11600,0.005567,16599,0.005568,5003,0.005574,11600,0.005575,25378,0.005576,155894,0.005577,11600,0.005995,18797,0.005994,1669,0.005993,16272,0.005992,14465,0.005991,18281,0.005990,19049,0.005989,18346,0.005988,48299,0.005987,64208,0.005986,28190,0.005996,30969,0.005997,101076,0.005998,20356,0.005999,13593,0.006000,14530,0.006001,13610,0.006002,75154,0.006003,28740,0.006004,14610,0.006005,14024
gate,bybit,VANRYUSDT,0.005561,0.005995,7.8044,1774105372568,0.005559,7736,0.005558,10338,0.005557,19424,0.005556,16527,0.005555,38632,0.005554,36624,0.005553,36458,0.005552,49615,0.005551,31600,0.00555,11600,0.005561,7629,0.005562,329228,0.005565,11600,0.005566,17635,0.005567,16599,0.005568,5003,0.005574,11600,0.005575,25378,0.005576,155894,0.005577,11600,0.005995,18797,0.005994,1669,0.005993,16272,0.005992,14465,0.005991,18281,0.005990,19049,0.005989,18346,0.005988,48299,0.005987,64208,0.005986,28190,0.005996,30969,0.005997,101076,0.005998,20356,0.005999,13593,0.006000,14530,0.006001,13610,0.006002,75154,0.006003,28740,0.006004,14610,0.006005,14024
gate,bybit,VANRYUSDT,0.005561,0.005995,7.8044,1774105372868,0.005559,7736,0.005558,10338,0.005557,19424,0.005556,16527,0.005555,38632,0.005554,36624,0.005553,36458,0.005552,49615,0.005551,31600,0.00555,11600,0.005561,7629,0.005562,329228,0.005565,11600,0.005566,17635,0.005567,16599,0.005568,5003,0.005574,11600,0.005575,25378,0.005576,155894,0.005577,11600,0.005995,18797,0.005994,1669,0.005993,16272,0.005992,14465,0.005991,18281,0.005990,19049,0.005989,18346,0.005988,48299,0.005987,64208,0.005986,28190,0.005996,30969,0.005997,101076,0.005998,20356,0.005999,13593,0.006000,14530,0.006001,13610,0.006002,75154,0.006003,28740,0.006004,14610,0.006005,14024
gate,bybit,VANRYUSDT,0.005561,0.005995,7.8044,1774105373170,0.005559,7736,0.005558,10338,0.005557,19424,0.005556,16527,0.005555,38632,0.005554,36624,0.005553,36458,0.005552,49615,0.005551,31600,0.00555,11600,0.005561,7629,0.005562,329228,0.005565,11600,0.005566,17635,0.005567,16599,0.005568,5003,0.005574,11600,0.005575,25378,0.005576,155894,0.005577,11600,0.005995,18797,0.005994,1669,0.005993,16272,0.005992,14465,0.005991,18281,0.005990,19049,0.005989,18346,0.005988,48299,0.005987,64208,0.005986,28190,0.005996,30969,0.005997,101076,0.005998,20356,0.005999,13593,0.006000,14530,0.006001,13610,0.006002,75154,0.006003,28740,0.006004,14610,0.006005,14024
gate,bybit,VANRYUSDT,0.005561,0.005995,7.8044,1774105373472,0.005559,7736,0.005558,5169,0.005557,19424,0.005556,16527,0.005555,38632,0.005554,36624,0.005553,36458,0.005552,49615,0.005551,31600,0.00555,11600,0.005561,7629,0.005562,329228,0.005565,11600,0.005566,17635,0.005567,16599,0.005568,5003,0.005574,11600,0.005575,25378,0.005576,155894,0.005577,11600,0.005995,18797,0.005994,1669,0.005993,16272,0.005992,14465,0.005991,18281,0.005990,19049,0.005989,18346,0.005988,48299,0.005987,64208,0.005986,28190,0.005996,30969,0.005997,101076,0.005998,20356,0.005999,13593,0.006000,14530,0.006001,13610,0.006002,75154,0.006003,28740,0.006004,14610,0.006005,14024
gate,bybit,VANRYUSDT,0.005561,0.005995,7.8044,1774105373772,0.005559,16397,0.005558,5169,0.005557,19424,0.005556,16527,0.005555,38632,0.005554,36624,0.005553,36458,0.005552,49615,0.005551,31600,0.00555,11600,0.005561,7629,0.005562,329228,0.005565,11600,0.005566,17635,0.005567,16599,0.005568,5003,0.005574,11600,0.005575,25378,0.005576,155894,0.005577,11600,0.005995,18797,0.005994,1669,0.005993,16272,0.005992,14465,0.005991,18281,0.005990,19049,0.005989,18346,0.005988,48299,0.005987,64208,0.005986,28190,0.005996,30969,0.005997,101076,0.005998,20356,0.005999,13593,0.006000,14530,0.006001,13610,0.006002,75154,0.006003,28740,0.006004,14610,0.006005,14024
gate,bybit,VANRYUSDT,0.005561,0.005995,7.8044,1774105374073,0.005559,16397,0.005558,5169,0.005557,19424,0.005556,16527,0.005555,38632,0.005554,36624,0.005553,36458,0.005552,49615,0.005551,31600,0.00555,11600,0.005561,7629,0.005562,329228,0.005565,11600,0.005566,17635,0.005567,16599,0.005568,5003,0.005574,11600,0.005575,25378,0.005576,155894,0.005577,11600,0.005995,18797,0.005994,1669,0.005993,16272,0.005992,14465,0.005991,18281,0.005990,19049,0.005989,18346,0.005988,48299,0.005987,64208,0.005986,28190,0.005996,30969,0.005997,101076,0.005998,20356,0.005999,13593,0.006000,14530,0.006001,13610,0.006002,75154,0.006003,28740,0.006004,14610,0.006005,14024
gate,bybit,VANRYUSDT,0.005561,0.005995,7.8044,1774105374373,0.005559,16397,0.005558,5169,0.005557,19424,0.005556,16527,0.005555,38632,0.005554,36624,0.005553,36458,0.005552,49615,0.005551,31600,0.00555,11600,0.005561,7629,0.005562,329228,0.005565,11600,0.005566,17635,0.005567,16599,0.005568,5003,0.005574,11600,0.005575,25378,0.005576,155894,0.005577,11600,0.005995,18797,0.005994,1669,0.005993,16272,0.005992,14465,0.005991,18281,0.005990,19049,0.005989,18346,0.005988,48299,0.005987,64208,0.005986,28190,0.005996,30969,0.005997,101076,0.005998,20356,0.005999,13593,0.006000,14530,0.006001,13610,0.006002,75154,0.006003,28740,0.006004,14610,0.006005,14024
gate,bybit,VANRYUSDT,0.005561,0.005995,7.8044,1774105374673,0.005559,7736,0.005558,5169,0.005557,19424,0.005556,16527,0.005555,38632,0.005554,36624,0.005553,36458,0.005552,49615,0.005551,31600,0.00555,11600,0.005561,7629,0.005562,329228,0.005565,11600,0.005566,17635,0.005567,16599,0.005568,5003,0.005574,11600,0.005575,25378,0.005576,155894,0.005577,11600,0.005995,18797,0.005994,1669,0.005993,16272,0.005992,14465,0.005991,18281,0.005990,19049,0.005989,18346,0.005988,48299,0.005987,64208,0.005986,28190,0.005996,30969,0.005997,101076,0.005998,20356,0.005999,13593,0.006000,14530,0.006001,13610,0.006002,75154,0.006003,28740,0.006004,14610,0.006005,14024
gate,bybit,VANRYUSDT,0.00556,0.005995,7.8237,1774105374973,0.005559,4866,0.005558,5169,0.005557,19424,0.005556,16527,0.005555,38632,0.005554,36624,0.005553,36458,0.005552,49615,0.005551,31600,0.005546,11600,0.00556,582,0.005561,7629,0.005562,329228,0.005565,11600,0.005566,17635,0.005567,16599,0.005568,5003,0.005574,11600,0.005575,25378,0.005576,155894,0.005995,18797,0.005994,1669,0.005993,16272,0.005992,14465,0.005991,18281,0.005990,19049,0.005989,18346,0.005988,48299,0.005987,64208,0.005986,28190,0.005996,30969,0.005997,101076,0.005998,20356,0.005999,13593,0.006000,14530,0.006001,13610,0.006002,75154,0.006003,28740,0.006004,14610,0.006005,14024
gate,bybit,VANRYUSDT,0.00556,0.005995,7.8237,1774105375273,0.005558,5169,0.005557,19424,0.005556,16527,0.005555,38632,0.005554,36624,0.005553,36458,0.005552,54598,0.005551,31600,0.005546,11600,0.005545,11600,0.00556,582,0.005561,7629,0.005562,329228,0.005565,11600,0.005566,17635,0.005567,16599,0.005568,5003,0.005574,11600,0.005575,25378,0.005576,155894,0.005995,18797,0.005994,1669,0.005993,16272,0.005992,14465,0.005991,18281,0.005990,19049,0.005989,18346,0.005988,48299,0.005987,64208,0.005986,28190,0.005996,30969,0.005997,101076,0.005998,20356,0.005999,13593,0.006000,14530,0.006001,13610,0.006002,75154,0.006003,28740,0.006004,14610,0.006005,14024
gate,bybit,VANRYUSDT,0.005561,0.005995,7.8044,1774105375573,0.005559,13558,0.005558,5169,0.005557,19424,0.005556,16527,0.005555,38632,0.005554,36624,0.005553,36458,0.005552,54598,0.005551,11600,0.005546,11600,0.00556,582,0.005561,7629,0.005562,329228,0.005565,11600,0.005566,17635,0.005567,16599,0.005568,5003,0.005574,11600,0.005575,25378,0.005576,155894,0.005995,18797,0.005994,1669,0.005993,16272,0.005992,14465,0.005991,18281,0.005990,19049,0.005989,18346,0.005988,48299,0.005987,64208,0.005986,28190,0.005996,30969,0.005997,101076,0.005998,20356,0.005999,13593,0.006000,14530,0.006001,13610,0.006002,75154,0.006003,28740,0.006004,14610,0.006005,14024
gate,bybit,VANRYUSDT,0.005561,0.005995,7.8044,1774105375873,0.005559,4897,0.005558,5169,0.005557,19424,0.005556,16527,0.005555,38632,0.005554,36624,0.005553,36458,0.005552,36583,0.005551,11600,0.005547,38031,0.005561,7629,0.005562,329228,0.005565,19348,0.005566,11600,0.005567,16599,0.005568,5003,0.005574,11600,0.005575,25378,0.005576,155894,0.005577,11600,0.005995,18797,0.005994,3251,0.005993,17854,0.005992,24259,0.005991,19863,0.005990,20631,0.005989,19928,0.005988,48299,0.005987,64208,0.005986,28190,0.005996,30969,0.005997,101076,0.005998,20356,0.005999,13593,0.006000,14530,0.006001,13610,0.006002,75154,0.006003,28740,0.006004,14610,0.006005,14024
gate,bybit,VANRYUSDT,0.005561,0.005995,7.8044,1774105376173,0.005559,4897,0.005558,5169,0.005557,19424,0.005556,16527,0.005555,38632,0.005554,36624,0.005553,36458,0.005552,36583,0.005551,11600,0.005547,38031,0.005561,7629,0.005562,329228,0.005565,19348,0.005566,11600,0.005567,16599,0.005568,5003,0.005574,11600,0.005575,25378,0.005576,155894,0.005577,11600,0.005995,18797,0.005994,1669,0.005993,16272,0.005992,24259,0.005991,18281,0.005990,19049,0.005989,18346,0.005988,48299,0.005987,64208,0.005986,28190,0.005996,30969,0.005997,101076,0.005998,20356,0.005999,13593,0.006000,14530,0.006001,13610,0.006002,75154,0.006003,28740,0.006004,14610,0.006005,14024
gate,bybit,VANRYUSDT,0.005561,0.005995,7.8044,1774105376483,0.005559,4897,0.005558,5169,0.005557,19424,0.005556,16527,0.005555,38632,0.005554,36624,0.005553,36458,0.005552,36583,0.005551,11600,0.005547,38031,0.005561,7629,0.005562,329228,0.005565,19348,0.005566,11600,0.005567,16599,0.005568,5003,0.005574,11600,0.005575,25378,0.005576,155894,0.005577,11600,0.005995,18766,0.005994,1669,0.005993,16272,0.005992,24259,0.005991,18281,0.005990,19049,0.005989,18346,0.005988,48299,0.005987,64208,0.005986,28190,0.005996,30989,0.005997,101076,0.005998,20356,0.005999,13593,0.006000,14530,0.006001,13610,0.006002,75154,0.006003,28740,0.006004,14610,0.006005,14024
gate,bybit,VANRYUSDT,0.005561,0.005995,7.8044,1774105376793,0.005559,13558,0.005558,5169,0.005557,19424,0.005556,16527,0.005555,38632,0.005554,36624,0.005553,54470,0.005552,36583,0.005551,11600,0.005548,20000,0.005561,6961,0.005562,329228,0.005565,11600,0.005566,19348,0.005567,16599,0.005568,5003,0.005574,11600,0.005575,25378,0.005576,155894,0.005577,11600,0.005995,18766,0.005994,1669,0.005993,16272,0.005992,24259,0.005991,18281,0.005990,19049,0.005989,18346,0.005988,48299,0.005987,64208,0.005986,28190,0.005996,30989,0.005997,101076,0.005998,20356,0.005999,13593,0.006000,14530,0.006001,13610,0.006002,75154,0.006003,28740,0.006004,14610,0.006005,14024
gate,bybit,VANRYUSDT,0.005561,0.005993,7.7684,1774105377104,0.005559,8661,0.005558,5169,0.005557,19424,0.005556,16527,0.005555,38632,0.005554,36624,0.005553,54470,0.005552,36583,0.005551,11600,0.005548,31600,0.005561,6961,0.005562,329228,0.005565,11600,0.005566,19348,0.005567,16599,0.005568,5003,0.005574,11600,0.005575,25378,0.005576,155894,0.005577,11600,0.005995,18766,0.005994,1669,0.005993,16272,0.005992,24259,0.005991,18281,0.005990,19049,0.005989,18346,0.005988,48299,0.005987,64208,0.005986,28190,0.005996,30989,0.005997,101076,0.005998,20356,0.005999,13593,0.006000,14530,0.006001,13610,0.006002,75154,0.006003,28740,0.006004,14610,0.006005,14024
gate,bybit,VANRYUSDT,0.005559,0.005995,7.8431,1774105377417,0.005557,5166,0.005556,7761,0.005555,18632,0.005554,36624,0.005553,54470,0.005552,36583,0.005551,16418,0.005548,31600,0.005547,20000,0.005546,11600,0.00556,7598,0.005561,6961,0.005562,329228,0.005564,11600,0.005565,18883,0.005566,16614,0.005567,16599,0.005568,5003,0.005574,11600,0.005575,25378,0.005995,18766,0.005994,1669,0.005993,16272,0.005992,24259,0.005991,18281,0.005990,19049,0.005989,18346,0.005988,48299,0.005987,64208,0.005986,28190,0.005996,30989,0.005997,101076,0.005998,20356,0.005999,13593,0.006000,14530,0.006001,13610,0.006002,75154,0.006003,28740,0.006004,14610,0.006005,14024
gate,bybit,VANRYUSDT,0.005559,0.005995,7.8431,1774105377727,0.005558,5429,0.005557,5166,0.005556,7761,0.005555,18632,0.005554,36624,0.005553,54470,0.005552,36583,0.005551,16418,0.005549,20000,0.005548,11600,0.005559,582,0.00556,7598,0.005561,6961,0.005562,329228,0.005564,11600,0.005565,19263,0.005566,16614,0.005567,16599,0.005568,5003,0.005574,11600,0.005995,18766,0.005994,1669,0.005993,16272,0.005992,24259,0.005991,18281,0.005990,19049,0.005989,18346,0.005988,48299,0.005987,64208,0.005986,28190,0.005996,30989,0.005997,101076,0.005998,20356,0.005999,13593,0.006000,14530,0.006001,13610,0.006002,75154,0.006003,28740,0.006004,14610,0.006005,14024
gate,bybit,VANRYUSDT,0.005559,0.005995,7.8431,1774105378045,0.005558,5429,0.005557,5166,0.005556,7761,0.005555,18632,0.005554,36624,0.005553,54470,0.005552,36583,0.005551,16418,0.005549,20000,0.005548,11600,0.005559,582,0.00556,7598,0.005561,6961,0.005562,329228,0.005564,11600,0.005565,19263,0.005566,16614,0.005567,16599,0.005568,5003,0.005574,11600,0.005995,8180,0.005993,10227,0.005992,15991,0.005991,20494,0.005990,19049,0.005989,18346,0.005988,28498,0.005987,19279,0.005986,28190,0.005985,32297,0.005996,40911,0.005997,101076,0.005998,15348,0.005999,13593,0.006000,14530,0.006001,13610,0.006002,75154,0.006003,28740,0.006004,22822,0.006005,14024
gate,bybit,VANRYUSDT,0.005559,0.005995,7.8431,1774105378354,0.005557,5166,0.005556,7761,0.005555,18632,0.005554,36624,0.005553,54470,0.005552,36583,0.005551,16418,0.005549,20000,0.005548,11600,0.005547,20000,0.005559,582,0.00556,7598,0.005561,6961,0.005562,329228,0.005564,11600,0.005565,19263,0.005566,16614,0.005567,16599,0.005568,5003,0.005574,11600,0.005995,8180,0.005994,1669,0.005993,14022,0.005992,15991,0.005991,18281,0.005990,19049,0.005989,18346,0.005988,28498,0.005987,19279,0.005986,28190,0.005996,40911,0.005997,101076,0.005998,20310,0.005999,13593,0.006000,14530,0.006001,13610,0.006002,75154,0.006003,28740,0.006004,22822,0.006005,14024
gate,bybit,VANRYUSDT,0.005559,0.005995,7.8431,1774105378664,0.005557,5166,0.005556,7761,0.005555,18632,0.005554,36624,0.005553,54470,0.005552,36583,0.005551,16418,0.005549,20000,0.005548,11600,0.005545,11600,0.005559,582,0.00556,7598,0.005561,6961,0.005562,329228,0.005564,11600,0.005565,19263,0.005566,16614,0.005567,16599,0.005568,5003,0.005574,11600,0.005995,10608,0.005994,1669,0.005993,14022,0.005992,15991,0.005991,18281,0.005990,19049,0.005989,18346,0.005988,28498,0.005987,19279,0.005986,28190,0.005996,40911,0.005997,101076,0.005998,20310,0.005999,13593,0.006000,14530,0.006001,13610,0.006002,75154,0.006003,28740,0.006004,22822,0.006005,14024
gate,bybit,VANRYUSDT,0.005559,0.005995,7.8431,1774105378972,0.005557,5166,0.005556,7761,0.005555,18632,0.005554,36624,0.005553,54470,0.005552,36583,0.005551,16418,0.005549,20000,0.005548,11600,0.005545,11600,0.005559,582,0.00556,7598,0.005561,6961,0.005562,329228,0.005564,11600,0.005565,19263,0.005566,16614,0.005567,16599,0.005568,5003,0.005574,11600,0.005995,10664,0.005994,1669,0.005993,14022,0.005992,15991,0.005991,18281,0.005990,19049,0.005989,18346,0.005988,28498,0.005987,64208,0.005986,28190,0.005996,40891,0.005997,101076,0.005998,20310,0.005999,13593,0.006000,14530,0.006001,13610,0.006002,75154,0.006003,28740,0.006004,22822,0.006005,14024
gate,bybit,VANRYUSDT,0.005559,0.005995,7.8431,1774105379279,0.005557,5166,0.005556,7761,0.005555,18632,0.005554,36624,0.005553,54470,0.005552,36583,0.005551,16418,0.005549,20000,0.005548,11600,0.005545,11600,0.005559,582,0.00556,7598,0.005561,6961,0.005562,329228,0.005564,11600,0.005565,19263,0.005566,16614,0.005567,16599,0.005568,5003,0.005574,11600,0.005995,10664,0.005994,1669,0.005993,14022,0.005992,15991,0.005991,18281,0.005990,19049,0.005989,18346,0.005988,48299,0.005987,64208,0.005986,28190,0.005996,40891,0.005997,101076,0.005998,20310,0.005999,13593,0.006000,14530,0.006001,13610,0.006002,75154,0.006003,28740,0.006004,22822,0.006005,14024
gate,bybit,VANRYUSDT,0.005559,0.005995,7.8431,1774105379585,0.005557,5166,0.005556,7761,0.005555,18632,0.005554,36624,0.005553,54470,0.005552,36583,0.005551,16418,0.005549,20000,0.005548,11600,0.005546,20000,0.00556,16259,0.005561,6961,0.005562,329228,0.005564,11600,0.005565,19263,0.005566,16614,0.005567,16599,0.005568,5003,0.005574,11600,0.005575,25378,0.005995,10664,0.005994,1669,0.005993,14022,0.005992,15991,0.005991,18281,0.005990,19049,0.005989,18346,0.005988,48299,0.005987,64208,0.005986,28190,0.005996,40891,0.005997,101076,0.005998,20310,0.005999,13593,0.006000,14530,0.006001,13610,0.006002,75154,0.006003,28740,0.006004,22822,0.006005,14024
gate,bybit,VANRYUSDT,0.005559,0.005995,7.8431,1774105379900,0.005557,5166,0.005556,7761,0.005555,18632,0.005554,36624,0.005553,54470,0.005552,36583,0.005551,16418,0.005549,20000,0.005548,11600,0.005546,20000,0.00556,16259,0.005561,6961,0.005562,329228,0.005564,11600,0.005565,19263,0.005566,16614,0.005567,16599,0.005568,5003,0.005574,11600,0.005575,25378,0.005995,10664,0.005994,1669,0.005993,14022,0.005992,15991,0.005991,18281,0.005990,19049,0.005989,18346,0.005988,48299,0.005987,64208,0.005986,28190,0.005996,40891,0.005997,101076,0.005998,20310,0.005999,13593,0.006000,14530,0.006001,13610,0.006002,75154,0.006003,28740,0.006004,22822,0.006005,14024
gate,bybit,VANRYUSDT,0.005559,0.005995,7.8431,1774105380214,0.005557,5166,0.005556,7761,0.005555,18632,0.005554,36624,0.005553,54470,0.005552,36583,0.005551,16418,0.005549,20000,0.005548,11600,0.005546,20000,0.00556,16259,0.005561,6961,0.005562,329228,0.005564,11600,0.005565,19263,0.005566,16614,0.005567,16599,0.005568,5003,0.005574,11600,0.005575,25378,0.005995,10664,0.005994,1669,0.005993,14022,0.005992,15991,0.005991,18281,0.005990,19049,0.005989,18346,0.005988,48299,0.005987,64208,0.005986,28190,0.005996,40891,0.005997,101076,0.005998,20310,0.005999,13593,0.006000,14530,0.006001,13610,0.006002,75154,0.006003,28740,0.006004,22822,0.006005,14024
gate,bybit,VANRYUSDT,0.00556,0.005995,7.8237,1774105380529,0.005557,5166,0.005556,7761,0.005555,18632,0.005554,36624,0.005553,54470,0.005552,36583,0.005551,16418,0.005549,20000,0.005548,11600,0.005546,20000,0.00556,16259,0.005561,6961,0.005562,329228,0.005564,11600,0.005565,19263,0.005566,16614,0.005567,16599,0.005568,5003,0.005574,11600,0.005575,25378,0.005995,10664,0.005994,1669,0.005993,14022,0.005992,15991,0.005991,18281,0.005990,19049,0.005989,18346,0.005988,48299,0.005987,64208,0.005986,28190,0.005996,40891,0.005997,101076,0.005998,20310,0.005999,13593,0.006000,14530,0.006001,13610,0.006002,75154,0.006003,28740,0.006004,22822,0.006005,14024
gate,bybit,VANRYUSDT,0.005558,0.005995,7.8625,1774105380840,0.005558,6488,0.005557,6693,0.005556,7761,0.005555,18632,0.005554,36624,0.005553,54470,0.005552,36583,0.005551,16418,0.005549,20000,0.005548,11600,0.005559,582,0.00556,16259,0.005561,6961,0.005562,329228,0.005564,11600,0.005565,19263,0.005566,16614,0.005567,16599,0.005568,5003,0.005574,11600,0.005995,10664,0.005994,1669,0.005993,14022,0.005992,15991,0.005991,18281,0.005990,19049,0.005989,18346,0.005988,48299,0.005987,64208,0.005986,28190,0.005996,40891,0.005997,101076,0.005998,20310,0.005999,13593,0.006000,14530,0.006001,13610,0.006002,75154,0.006003,28740,0.006004,22822,0.006005,14024
gate,bybit,VANRYUSDT,0.005557,0.005995,7.882,1774105381146,0.005557,6693,0.005556,7761,0.005555,18632,0.005554,36624,0.005553,54470,0.005552,36583,0.005551,16418,0.005549,20000,0.005548,11600,0.005546,31600,0.00556,15503,0.005561,6961,0.005562,329228,0.005564,11600,0.005565,19276,0.005566,18037,0.005567,16599,0.005568,5003,0.005574,11600,0.005575,25378,0.005995,10664,0.005994,1669,0.005993,14022,0.005992,15991,0.005991,18281,0.005990,19049,0.005989,18346,0.005988,48299,0.005987,64208,0.005986,28190,0.005996,40891,0.005997,101076,0.005998,20310,0.005999,13593,0.006000,14530,0.006001,13610,0.006002,75154,0.006003,28740,0.006004,22822,0.006005,14024
gate,bybit,VANRYUSDT,0.005556,0.005992,7.8474,1774105381458,0.005557,6693,0.005556,7761,0.005555,18632,0.005554,36624,0.005553,54470,0.005552,36583,0.005551,16418,0.005549,20000,0.005548,11600,0.005546,31600,0.00556,15503,0.005561,6961,0.005562,329228,0.005564,11600,0.005565,19276,0.005566,18037,0.005567,16599,0.005568,5003,0.005574,11600,0.005575,25378,0.005995,10664,0.005994,1669,0.005993,14022,0.005992,15991,0.005991,18281,0.005990,19049,0.005989,18346,0.005988,48299,0.005987,64208,0.005986,28190,0.005996,40891,0.005997,101076,0.005998,20310,0.005999,13593,0.006000,14530,0.006001,13610,0.006002,75154,0.006003,28740,0.006004,22822,0.006005,14024
gate,bybit,VANRYUSDT,0.005557,0.005992,7.828,1774105381773,0.005557,5166,0.005556,7761,0.005555,18632,0.005554,36624,0.005553,54470,0.005552,36583,0.005551,16418,0.005549,20000,0.005548,11600,0.005547,31600,0.005559,14119,0.00556,6842,0.005561,6961,0.005562,329228,0.005563,11600,0.005564,19372,0.005565,19276,0.005566,11600,0.005567,16599,0.005568,5003,0.005995,10664,0.005994,1669,0.005993,14022,0.005992,15991,0.005991,18281,0.005990,19049,0.005989,18346,0.005988,48299,0.005987,64208,0.005986,28190,0.005996,40891,0.005997,101076,0.005998,20310,0.005999,13593,0.006000,14530,0.006001,13610,0.006002,75154,0.006003,28740,0.006004,22822,0.006005,14024
gate,bybit,VANRYUSDT,0.005555,0.005992,7.8668,1774105382085,0.005554,10338,0.005553,4858,0.005552,4983,0.005551,16418,0.00555,19372,0.005549,36502,0.005548,34609,0.005547,31600,0.005546,31600,0.005545,31600,0.005556,8661,0.005557,4851,0.005558,18137,0.005559,26244,0.00556,18442,0.005561,18561,0.005562,329228,0.005563,11600,0.005564,11600,0.005565,11600,0.005995,10664,0.005994,1669,0.005993,14022,0.005992,15991,0.005991,18281,0.005990,19049,0.005989,18346,0.005988,48299,0.005987,64208,0.005986,28190,0.005996,40891,0.005997,101076,0.005998,20310,0.005999,13593,0.006000,14530,0.006001,13610,0.006002,75154,0.006003,28740,0.006004,22822,0.006005,14024
gate,bybit,VANRYUSDT,0.005556,0.005992,7.8474,1774105382401,0.005555,5102,0.005554,10338,0.005553,4858,0.005552,4983,0.005551,16418,0.00555,19372,0.005549,36502,0.005548,34609,0.005547,31600,0.005546,31600,0.005556,4728,0.005557,4851,0.005558,18137,0.005559,26244,0.00556,18442,0.005561,18561,0.005562,329228,0.005563,11600,0.005564,11600,0.005565,11600,0.005995,10664,0.005994,1669,0.005993,14022,0.005992,15991,0.005991,18281,0.005990,19049,0.005989,18346,0.005988,48299,0.005987,64208,0.005986,28190,0.005996,40891,0.005997,101076,0.005998,20310,0.005999,13593,0.006000,14530,0.006001,13610,0.006002,75154,0.006003,28740,0.006004,22822,0.006005,14024
gate,bybit,VANRYUSDT,0.005556,0.005992,7.8474,1774105382726,0.005554,5314,0.005553,4858,0.005552,4983,0.005551,16418,0.00555,19372,0.005549,36502,0.005548,54609,0.005547,31600,0.005546,31600,0.005545,31600,0.005556,6869,0.005557,4851,0.005558,18137,0.005559,25662,0.00556,18442,0.005561,18561,0.005562,329228,0.005563,11600,0.005564,11600,0.005565,11600,0.005995,10664,0.005994,1669,0.005993,14022,0.005992,15991,0.005991,18281,0.005990,19049,0.005989,18346,0.005988,48299,0.005987,64208,0.005986,28190,0.005996,40891,0.005997,101076,0.005998,20310,0.005999,13593,0.006000,14530,0.006001,13610,0.006002,75154,0.006003,28740,0.006004,22822,0.006005,14024
gate,bybit,VANRYUSDT,0.005556,0.005992,7.8474,1774105383034,0.005554,5314,0.005553,4858,0.005552,4983,0.005551,16418,0.00555,19372,0.005549,36502,0.005548,54609,0.005547,31600,0.005546,31600,0.005545,31600,0.005556,6869,0.005557,4851,0.005558,18137,0.005559,25662,0.00556,18442,0.005561,18561,0.005562,329228,0.005563,11600,0.005564,11600,0.005565,11600,0.005995,2484,0.005994,1669,0.005993,14022,0.005992,14412,0.005991,18281,0.005990,19049,0.005989,18346,0.005988,48299,0.005987,64208,0.005986,28190,0.005996,40891,0.005997,101076,0.005998,20310,0.005999,13593,0.006000,14530,0.006001,13610,0.006002,75154,0.006003,28740,0.006004,22822,0.006005,14024
gate,bybit,VANRYUSDT,0.005556,0.005992,7.8474,1774105383349,0.005555,5982,0.005554,6841,0.005553,4858,0.005552,4983,0.005551,16418,0.00555,37393,0.005549,36502,0.005548,36581,0.005547,31600,0.005546,31600,0.005556,582,0.005557,13512,0.005558,18137,0.005559,25662,0.00556,18442,0.005561,18561,0.005562,329228,0.005563,11600,0.005564,11600,0.005565,11600,0.005995,2484,0.005994,1669,0.005993,14022,0.005992,14412,0.005991,18281,0.005990,19049,0.005989,18346,0.005988,48299,0.005987,64208,0.005986,28190,0.005996,40891,0.005997,101076,0.005998,20310,0.005999,13593,0.006000,14530,0.006001,13610,0.006002,75154,0.006003,28740,0.006004,22822,0.006005,14024
gate,bybit,VANRYUSDT,0.005555,0.005992,7.8668,1774105383664,0.005555,5982,0.005554,6841,0.005553,4858,0.005552,4983,0.005551,16418,0.00555,37393,0.005549,36502,0.005548,36581,0.005547,31600,0.005546,31600,0.005556,582,0.005557,13512,0.005558,18137,0.005559,25662,0.00556,18442,0.005561,18561,0.005562,329228,0.005563,11600,0.005564,11600,0.005565,11600,0.005995,2484,0.005994,1669,0.005993,14022,0.005992,14412,0.005991,18281,0.005990,19049,0.005989,18346,0.005988,48299,0.005987,64208,0.005986,28190,0.005996,40891,0.005997,101076,0.005998,20310,0.005999,13593,0.006000,14530,0.006001,13610,0.006002,75154,0.006003,28740,0.006004,22822,0.006005,14024
gate,bybit,VANRYUSDT,0.005555,0.005991,7.8488,1774105383979,0.005555,5982,0.005554,6841,0.005553,4858,0.005552,4983,0.005551,16418,0.00555,37393,0.005549,36502,0.005548,36581,0.005547,31600,0.005546,31600,0.005556,582,0.005557,13512,0.005558,18137,0.005559,25662,0.00556,18442,0.005561,18561,0.005562,329228,0.005563,11600,0.005564,11600,0.005565,11600,0.005995,2484,0.005994,1669,0.005993,14022,0.005992,14412,0.005991,18281,0.005990,19049,0.005989,18346,0.005988,48299,0.005987,64208,0.005986,28190,0.005996,40891,0.005997,101076,0.005998,20310,0.005999,13593,0.006000,14530,0.006001,13610,0.006002,75154,0.006003,28740,0.006004,22822,0.006005,14024
gate,bybit,VANRYUSDT,0.005555,0.005991,7.8488,1774105384292,0.005553,4858,0.005552,4983,0.005551,16418,0.00555,37393,0.005549,36502,0.005548,36581,0.005547,36825,0.005546,31600,0.005545,31600,0.005544,12200,0.005555,5572,0.005556,6062,0.005557,4851,0.005558,18137,0.005559,25662,0.00556,18442,0.005561,18561,0.005562,329228,0.005564,11600,0.005565,11600,0.005994,1003,0.005993,4092,0.005992,8098,0.005991,9921,0.005990,10837,0.005989,18346,0.005988,48299,0.005987,64208,0.005986,28190,0.005985,32297,0.005995,40826,0.005996,30969,0.005997,108781,0.005998,15895,0.005999,13593,0.006000,14530,0.006001,13610,0.006002,75154,0.006003,28740,0.006004,22822
gate,bybit,VANRYUSDT,0.005558,0.005992,7.8086,1774105384607,0.005554,5881,0.005553,4858,0.005552,4983,0.005551,16418,0.00555,37393,0.005549,36502,0.005548,36581,0.005547,31600,0.005546,31600,0.005545,31600,0.005555,9243,0.005556,6062,0.005557,4851,0.005558,11600,0.005559,25662,0.00556,18442,0.005561,18561,0.005562,5445,0.005564,11600,0.005565,11600,0.005993,1669,0.005992,2589,0.005991,11585,0.005990,17154,0.005989,18346,0.005988,20286,0.005987,19279,0.005986,28190,0.005985,32297,0.005984,61511,0.005994,42994,0.005995,1669,0.005996,113313,0.005997,108781,0.005998,14477,0.005999,13593,0.006000,14530,0.006001,21822,0.006002,75154,0.006003,28740
gate,bybit,VANRYUSDT,0.005558,0.005991,7.7906,1774105384929,0.005556,16605,0.005555,6645,0.005554,5167,0.005553,17041,0.005552,34598,0.005551,16418,0.00555,16743,0.005549,31600,0.005548,31600,0.005547,31600,0.005558,7944,0.005559,14062,0.00556,18442,0.005561,18561,0.005562,19544,0.005563,19544,0.005564,17165,0.005565,11600,0.005566,11600,0.005567,11600,0.005992,3452,0.005991,3241,0.005990,15968,0.005989,11558,0.005988,21858,0.005987,12639,0.005986,29762,0.005985,33869,0.005984,18154,0.005983,51213,0.005993,39512,0.005994,3241,0.005995,21185,0.005996,113313,0.005997,108781,0.005998,14477,0.005999,13593,0.006000,14530,0.006001,21822,0.006002,75154
gate,bybit,VANRYUSDT,0.005558,0.005991,7.7906,1774105385242,0.005556,8526,0.005555,6645,0.005554,5167,0.005553,16458,0.005552,34598,0.005551,16418,0.00555,16743,0.005549,31600,0.005548,31600,0.005547,31600,0.005558,7944,0.005559,14062,0.00556,18442,0.005561,18561,0.005562,19544,0.005563,19544,0.005564,17165,0.005565,11600,0.005566,11600,0.005567,11600,0.005992,3452,0.005991,1669,0.005990,16607,0.005989,9986,0.005988,20286,0.005987,11067,0.005986,28190,0.005985,32297,0.005984,16582,0.005983,51213,0.005993,39512,0.005994,1669,0.005995,19283,0.005996,106154,0.005997,108781,0.005998,14477,0.005999,13593,0.006000,14530,0.006001,21822,0.006002,75154
gate,bybit,VANRYUSDT,0.005557,0.005991,7.81,1774105385550,0.005556,582,0.005555,6645,0.005554,5167,0.005553,16458,0.005552,34598,0.005551,16418,0.00555,16743,0.005549,36397,0.005548,31600,0.005547,31600,0.005557,5925,0.005558,7944,0.005559,14062,0.00556,18442,0.005561,18561,0.005562,19544,0.005563,19544,0.005564,11600,0.005565,11600,0.005566,11600,0.005992,3452,0.005991,1669,0.005990,14403,0.005989,9986,0.005988,20286,0.005987,11067,0.005986,28190,0.005985,32297,0.005984,16582,0.005983,51213,0.005993,39512,0.005994,3241,0.005995,20855,0.005996,103404,0.005997,108781,0.005998,14477,0.005999,21805,0.006000,14530,0.006001,21822,0.006002,75154
gate,bybit,VANRYUSDT,0.005557,0.005991,7.81,1774105385866,0.005554,5167,0.005553,4858,0.005552,34598,0.005551,16418,0.00555,16743,0.005549,36397,0.005548,38154,0.005547,31600,0.005546,31600,0.005545,31600,0.005557,5925,0.005558,7944,0.005559,14062,0.00556,18442,0.005561,18561,0.005562,19544,0.005563,16615,0.005564,11600,0.005565,11600,0.005566,11600,0.005992,3452,0.005991,1669,0.005990,11651,0.005989,9986,0.005988,20286,0.005987,11067,0.005986,28190,0.005985,32297,0.005984,16582,0.005983,51213,0.005993,39512,0.005994,1669,0.005995,19283,0.005996,103404,0.005997,108781,0.005998,14477,0.005999,21805,0.006000,14530,0.006001,21822,0.006002,75154
gate,bybit,VANRYUSDT,0.005556,0.005991,7.8294,1774105386175,0.005554,5167,0.005553,4858,0.005552,34598,0.005551,16418,0.00555,16743,0.005549,36397,0.005548,38154,0.005547,31600,0.005546,31600,0.005545,31600,0.005557,5925,0.005558,7944,0.005559,14062,0.00556,18442,0.005561,18561,0.005562,19544,0.005563,16615,0.005564,11600,0.005565,11600,0.005566,11600,0.005992,3452,0.005991,1669,0.005990,6691,0.005989,12197,0.005988,20286,0.005987,12639,0.005986,28190,0.005985,32297,0.005984,16582,0.005983,51213,0.005993,39512,0.005994,1669,0.005995,19283,0.005996,103404,0.005997,108781,0.005998,14477,0.005999,21805,0.006000,14530,0.006001,21822,0.006002,75154
gate,bybit,VANRYUSDT,0.005557,0.005991,7.81,1774105386488,0.005554,5167,0.005553,4858,0.005552,16583,0.005551,16418,0.00555,16743,0.005549,54422,0.005548,31600,0.005547,31600,0.005546,31600,0.005545,31600,0.005556,5299,0.005557,6507,0.005558,7944,0.005559,25662,0.00556,18442,0.005561,18561,0.005562,19516,0.005563,11600,0.005564,11600,0.005565,11600,0.005992,3452,0.005991,1669,0.005990,6691,0.005989,12197,0.005988,20286,0.005987,12639,0.005986,28190,0.005985,32297,0.005984,16582,0.005983,51213,0.005993,39512,0.005994,1669,0.005995,19283,0.005996,103404,0.005997,108781,0.005998,14477,0.005999,21805,0.006000,14530,0.006001,21822,0.006002,75154
gate,bybit,VANRYUSDT,0.005556,0.005991,7.8294,1774105386802,0.005554,13828,0.005553,4858,0.005552,16583,0.005551,16418,0.00555,16743,0.005549,54422,0.005548,39516,0.005547,31600,0.005546,31600,0.005545,31600,0.005556,5299,0.005557,6507,0.005558,7944,0.005559,25662,0.00556,18442,0.005561,18561,0.005562,16722,0.005564,11600,0.005565,11600,0.005566,11600,0.005992,3452,0.005991,1669,0.005990,14403,0.005989,9986,0.005988,20286,0.005987,11067,0.005986,28190,0.005985,32297,0.005984,16582,0.005983,51213,0.005993,39512,0.005994,3241,0.005995,19283,0.005996,103404,0.005997,108781,0.005998,14477,0.005999,21805,0.006000,14530,0.006001,21822,0.006002,75154
gate,bybit,VANRYUSDT,0.005555,0.005991,7.8488,1774105387118,0.005554,5167,0.005553,4858,0.005552,16583,0.005551,16418,0.00555,16743,0.005549,54422,0.005548,39516,0.005547,31600,0.005546,31600,0.005545,31600,0.005556,5299,0.005557,5925,0.005558,7944,0.005559,25662,0.00556,18442,0.005561,18561,0.005562,16722,0.005564,11600,0.005565,11600,0.005566,11600,0.005992,3452,0.005991,1669,0.005990,6691,0.005989,12197,0.005988,20286,0.005987,11067,0.005986,28190,0.005985,32297,0.005984,16582,0.005983,51213,0.005993,39512,0.005994,3241,0.005995,19283,0.005996,103404,0.005997,108781,0.005998,14477,0.005999,21805,0.006000,14530,0.006001,21822,0.006002,75154
gate,bybit,VANRYUSDT,0.005555,0.00599,7.8308,1774105387431,0.005553,4858,0.005552,4983,0.005551,16418,0.00555,16743,0.005549,54422,0.005548,39516,0.005547,36620,0.005546,31600,0.005545,31600,0.005544,12200,0.005555,5827,0.005556,5881,0.005557,5925,0.005558,7944,0.005559,25662,0.00556,18442,0.005561,18561,0.005562,16722,0.005564,11600,0.005565,11600,0.005992,3452,0.005991,1669,0.005990,6691,0.005989,12197,0.005988,20286,0.005987,11067,0.005986,28190,0.005985,32297,0.005984,16582,0.005983,51213,0.005993,39512,0.005994,3241,0.005995,19283,0.005996,103404,0.005997,108781,0.005998,27862,0.005999,21805,0.006000,14530,0.006001,21822,0.006002,75154
gate,bybit,VANRYUSDT,0.005554,0.00599,7.8502,1774105387748,0.005553,4858,0.005552,4983,0.005551,16418,0.00555,16743,0.005549,54422,0.005548,39516,0.005547,36620,0.005546,31600,0.005545,31600,0.005544,12200,0.005555,5827,0.005556,5881,0.005557,5925,0.005558,7944,0.005559,25662,0.00556,18442,0.005561,11600,0.005562,16722,0.005564,11600,0.005565,11600,0.005992,8440,0.005991,1669,0.005990,6691,0.005989,12197,0.005988,20286,0.005987,11067,0.005986,28190,0.005985,32297,0.005984,16582,0.005983,51213,0.005993,39512,0.005994,1669,0.005995,19283,0.005996,103404,0.005997,108781,0.005998,27862,0.005999,21805,0.006000,14530,0.006001,21822,0.006002,75154
gate,bybit,VANRYUSDT,0.005554,0.00599,7.8502,1774105388064,0.005552,4983,0.005551,16418,0.00555,16743,0.005549,54422,0.005548,39516,0.005547,36620,0.005546,31600,0.005545,31600,0.005544,12200,0.005543,30516,0.005554,4833,0.005555,5827,0.005556,5299,0.005557,5925,0.005558,19544,0.005559,25662,0.00556,18442,0.005561,11600,0.005562,16722,0.005564,11600,0.005992,8440,0.005991,1669,0.005990,9440,0.005989,12197,0.005988,20286,0.005987,11067,0.005986,28190,0.005985,32297,0.005984,16582,0.005983,51213,0.005993,31316,0.005994,1669,0.005995,19283,0.005996,103404,0.005997,108781,0.005998,27862,0.005999,21805,0.006000,14530,0.006001,21822,0.006002,75154
gate,bybit,VANRYUSDT,0.005554,0.00599,7.8502,1774105388372,0.005552,13644,0.005551,16418,0.00555,16743,0.005549,54422,0.005548,39516,0.005547,36620,0.005546,31600,0.005545,31600,0.005544,12200,0.005543,30516,0.005554,5415,0.005555,5827,0.005556,5299,0.005557,5925,0.005558,19544,0.005559,25662,0.00556,18442,0.005561,11600,0.005562,16722,0.005564,11600,0.005992,8440,0.005991,1669,0.005990,14402,0.005989,12197,0.005988,20286,0.005987,12640,0.005986,28190,0.005985,32297,0.005984,16582,0.005983,51213,0.005993,31316,0.005994,1669,0.005995,19283,0.005996,103404,0.005997,128018,0.005998,27862,0.005999,21805,0.006000,14530,0.006001,21822,0.006002,75154
gate,bybit,VANRYUSDT,0.005554,0.00599,7.8502,1774105388686,0.005553,4954,0.005552,13644,0.005551,16418,0.00555,16743,0.005549,54422,0.005548,39516,0.005547,36620,0.005546,31600,0.005545,31600,0.005544,32200,0.005554,5415,0.005555,5827,0.005556,5299,0.005557,5925,0.005558,19544,0.005559,25662,0.00556,18442,0.005561,11600,0.005562,16722,0.005564,11600,0.005992,8440,0.005991,1669,0.005990,14402,0.005989,9986,0.005988,20286,0.005987,12640,0.005986,28190,0.005985,32297,0.005984,16582,0.005983,51213,0.005993,31316,0.005994,1669,0.005995,19283,0.005996,103404,0.005997,128018,0.005998,27862,0.005999,21805,0.006000,14530,0.006001,21822,0.006002,75154
gate,bybit,VANRYUSDT,0.005555,0.00599,7.8308,1774105388998,0.005553,4954,0.005552,4983,0.005551,4818,0.00555,16743,0.005549,54422,0.005548,39516,0.005547,36620,0.005546,31600,0.005545,31600,0.005544,32200,0.005555,5827,0.005556,5299,0.005557,5925,0.005558,19544,0.005559,25662,0.00556,18442,0.005561,11600,0.005562,16722,0.005565,11600,0.005566,11600,0.005992,8440,0.005991,1669,0.005990,14402,0.005989,9986,0.005988,20286,0.005987,12640,0.005986,28190,0.005985,32297,0.005984,16582,0.005983,51213,0.005993,31316,0.005994,1669,0.005995,19283,0.005996,103404,0.005997,128018,0.005998,27862,0.005999,21805,0.006000,14530,0.006001,21822,0.006002,75154
gate,bybit,VANRYUSDT,0.005555,0.00599,7.8308,1774105389303,0.005553,4954,0.005552,4983,0.005551,4818,0.00555,16743,0.005549,54422,0.005548,39516,0.005547,36620,0.005546,31600,0.005545,31600,0.005544,32200,0.005555,5827,0.005556,5299,0.005557,5925,0.005558,19544,0.005559,25662,0.00556,18442,0.005561,11600,0.005562,16722,0.005565,11600,0.005566,11600,0.005992,8440,0.005991,1669,0.005990,14402,0.005989,9986,0.005988,20286,0.005987,12640,0.005986,28190,0.005985,32297,0.005984,16582,0.005983,51213,0.005993,31316,0.005994,1669,0.005995,19283,0.005996,103404,0.005997,128018,0.005998,27862,0.005999,21805,0.006000,14530,0.006001,21822,0.006002,75154
gate,bybit,VANRYUSDT,0.005555,0.00599,7.8308,1774105389615,0.005553,4954,0.005552,4983,0.005551,4818,0.00555,16743,0.005549,54422,0.005548,39516,0.005547,36620,0.005546,31600,0.005545,31600,0.005544,32200,0.005555,5827,0.005556,5299,0.005557,5925,0.005558,19544,0.005559,25662,0.00556,18442,0.005561,11600,0.005562,16722,0.005565,11600,0.005566,11600,0.005992,5294,0.005991,1669,0.005990,2585,0.005989,14092,0.005988,22496,0.005987,11067,0.005986,28190,0.005985,32297,0.005984,16582,0.005983,51213,0.005993,32631,0.005994,3242,0.005995,20856,0.005996,103404,0.005997,128018,0.005998,27862,0.005999,21805,0.006000,14530,0.006001,21822,0.006002,75154
gate,bybit,VANRYUSDT,0.005553,0.005989,7.8516,1774105389923,0.005552,4983,0.005551,4818,0.00555,16743,0.005549,54422,0.005548,39516,0.005547,36620,0.005546,37148,0.005545,31600,0.005544,32200,0.005543,30516,0.005554,6163,0.005555,5827,0.005556,175485,0.005557,5925,0.005558,19544,0.005559,25662,0.00556,11600,0.005561,11600,0.005562,16722,0.005565,11600,0.005991,1669,0.005990,2585,0.005989,13972,0.005988,22496,0.005987,11067,0.005986,24084,0.005985,32297,0.005984,16582,0.005983,51213,0.005982,15776,0.005992,53869,0.005993,11682,0.005994,23375,0.005995,9374,0.005996,104324,0.005997,128018,0.005998,27862,0.005999,21805,0.006000,14530,0.006001,21822
gate,bybit,VANRYUSDT,0.005553,0.005989,7.8516,1774105390237,0.005551,4818,0.00555,5143,0.005549,16397,0.005548,39516,0.005547,54651,0.005546,37148,0.005545,38628,0.005544,32200,0.005543,30516,0.005525,11600,0.005553,5154,0.005554,6745,0.005555,5827,0.005556,175485,0.005557,17525,0.005558,19544,0.005559,25662,0.00556,11600,0.005561,11600,0.005562,16722,0.005991,1669,0.005990,2585,0.005989,18384,0.005988,20286,0.005987,11067,0.005986,24084,0.005985,32297,0.005984,16582,0.005983,51213,0.005982,15776,0.005992,51726,0.005993,1670,0.005994,23375,0.005995,9374,0.005996,104324,0.005997,128018,0.005998,27862,0.005999,21805,0.006000,14530,0.006001,21822
gate,bybit,VANRYUSDT,0.005553,0.005989,7.8516,1774105390552,0.005551,5873,0.00555,5143,0.005549,16397,0.005548,39516,0.005547,54651,0.005546,37148,0.005545,38628,0.005544,32200,0.005543,30516,0.005526,20000,0.005553,5154,0.005554,6745,0.005555,5827,0.005556,175485,0.005557,17525,0.005558,19544,0.005559,25662,0.00556,11600,0.005561,11600,0.005562,16722,0.005991,1669,0.005990,2585,0.005989,18384,0.005988,20286,0.005987,11067,0.005986,24084,0.005985,32297,0.005984,16582,0.005983,51213,0.005982,15776,0.005992,51726,0.005993,1670,0.005994,23375,0.005995,9374,0.005996,104324,0.005997,128018,0.005998,27862,0.005999,21805,0.006000,14530,0.006001,21822
gate,bybit,VANRYUSDT,0.005553,0.005989,7.8516,1774105390866,0.005551,5873,0.00555,5143,0.005549,16397,0.005548,39516,0.005547,54651,0.005546,37148,0.005545,38628,0.005544,32200,0.005543,30516,0.005526,20000,0.005553,5154,0.005554,6745,0.005555,5827,0.005556,175485,0.005557,17525,0.005558,19544,0.005559,25662,0.00556,11600,0.005561,11600,0.005562,16722,0.005991,1669,0.005990,2585,0.005989,18384,0.005988,20286,0.005987,11067,0.005986,24084,0.005985,32297,0.005984,16582,0.005983,51213,0.005982,15776,0.005992,51726,0.005993,1670,0.005994,23375,0.005995,9374,0.005996,104324,0.005997,128018,0.005998,27862,0.005999,21805,0.006000,14530,0.006001,21822
gate,bybit,VANRYUSDT,0.005553,0.005989,7.8516,1774105391183,0.005551,5873,0.00555,5143,0.005549,16397,0.005548,39516,0.005547,54651,0.005546,37148,0.005545,38628,0.005544,32200,0.005543,30516,0.005526,20000,0.005553,5154,0.005554,6163,0.005555,5827,0.005556,175485,0.005557,17525,0.005558,19544,0.005559,25662,0.00556,11600,0.005561,11600,0.005562,16722,0.005991,4107,0.005990,2585,0.005989,19961,0.005988,20286,0.005987,12644,0.005986,25661,0.005985,32297,0.005984,16582,0.005983,51213,0.005982,15776,0.005992,46455,0.005993,1670,0.005994,23375,0.005995,9374,0.005996,104324,0.005997,128018,0.005998,27862,0.005999,21805,0.006000,14530,0.006001,21822
gate,bybit,VANRYUSDT,0.005553,0.005989,7.8516,1774105391500,0.005551,5873,0.00555,5143,0.005549,16397,0.005548,39516,0.005547,54651,0.005546,37148,0.005545,38628,0.005544,32200,0.005543,30516,0.005526,20000,0.005553,5736,0.005554,6163,0.005555,5827,0.005556,175485,0.005557,17525,0.005558,19544,0.005559,25662,0.00556,11600,0.005561,11600,0.005562,16722,0.005991,4107,0.005990,2585,0.005989,18384,0.005988,20286,0.005987,12644,0.005986,24084,0.005985,32297,0.005984,16582,0.005983,51213,0.005982,15776,0.005992,46455,0.005993,1670,0.005994,23375,0.005995,9374,0.005996,104324,0.005997,128018,0.005998,27862,0.005999,21805,0.006000,14530,0.006001,21822
gate,bybit,VANRYUSDT,0.005553,0.005989,7.8516,1774105391814,0.005551,5873,0.00555,5143,0.005549,16397,0.005548,39516,0.005547,54651,0.005546,37148,0.005545,38628,0.005544,32200,0.005543,30516,0.005526,20000,0.005553,5736,0.005554,6163,0.005555,5827,0.005556,175485,0.005557,17525,0.005558,19544,0.005559,25662,0.005561,11600,0.005562,16722,0.005565,11600,0.005992,10238,0.005991,6737,0.005990,11322,0.005989,19961,0.005988,21863,0.005987,16750,0.005986,25661,0.005985,33874,0.005984,63088,0.005983,51213,0.005993,1670,0.005994,1669,0.005995,1669,0.005996,84523,0.005997,128018,0.005998,23756,0.005999,9487,0.006000,14530,0.006001,13610,0.006002,83366
gate,bybit,VANRYUSDT,0.005553,0.005989,7.8516,1774105392129,0.005551,5873,0.00555,5143,0.005549,16397,0.005548,39516,0.005547,54651,0.005546,37148,0.005545,38628,0.005544,32200,0.005543,30516,0.005526,20000,0.005553,5736,0.005554,6163,0.005555,5827,0.005556,175485,0.005557,17525,0.005558,19544,0.005559,25662,0.005561,11600,0.005562,16722,0.005565,11600,0.005991,4107,0.005990,4163,0.005989,19962,0.005988,21817,0.005987,16751,0.005986,25662,0.005985,32297,0.005984,61511,0.005983,51213,0.005982,15776,0.005993,34418,0.005994,5775,0.005995,19274,0.005996,84523,0.005997,128018,0.005998,23756,0.005999,13593,0.006000,14530,0.006001,21822,0.006002,83366
gate,bybit,VANRYUSDT,0.005553,0.005989,7.8516,1774105392455,0.005551,5873,0.00555,5143,0.005549,16397,0.005548,39516,0.005547,54651,0.005546,37148,0.005545,38628,0.005544,32200,0.005543,30516,0.005526,20000,0.005553,5154,0.005554,6163,0.005555,5827,0.005556,175485,0.005557,17525,0.005558,19544,0.005559,25662,0.005561,11600,0.005562,16722,0.005565,11600,0.005991,4107,0.005990,4163,0.005989,19962,0.005988,21817,0.005987,16751,0.005986,25662,0.005985,32297,0.005984,61511,0.005983,51213,0.005982,15776,0.005993,34418,0.005994,5775,0.005995,19274,0.005996,104324,0.005997,128018,0.005998,23756,0.005999,13593,0.006000,14530,0.006001,21822,0.006002,83366
gate,bybit,VANRYUSDT,0.005553,0.005989,7.8516,1774105392764,0.005551,5873,0.00555,5143,0.005549,16397,0.005548,39516,0.005547,54651,0.005546,37148,0.005545,38628,0.005544,32200,0.005543,30516,0.005526,20000,0.005553,5154,0.005554,6163,0.005555,5827,0.005556,175485,0.005557,17525,0.005558,19544,0.005559,25662,0.005561,11600,0.005562,16722,0.005565,11600,0.005991,4107,0.005990,2585,0.005989,18384,0.005988,20286,0.005987,15173,0.005986,24084,0.005985,32297,0.005984,61511,0.005983,51213,0.005982,15776,0.005992,31336,0.005993,1036,0.005994,23380,0.005995,9370,0.005996,104324,0.005997,128018,0.005998,23756,0.005999,13593,0.006000,14530,0.006001,21822
gate,bybit,VANRYUSDT,0.005553,0.005989,7.8516,1774105393072,0.005551,5873,0.00555,5143,0.005549,16397,0.005548,39516,0.005547,54651,0.005546,37148,0.005545,38628,0.005544,32200,0.005543,30516,0.005526,20000,0.005553,5154,0.005554,6163,0.005555,5827,0.005556,175485,0.005557,17525,0.005558,19544,0.005559,25662,0.005561,11600,0.005562,16722,0.005565,11600,0.005991,4107,0.005990,2585,0.005989,18384,0.005988,20286,0.005987,11067,0.005986,24084,0.005985,32297,0.005984,61511,0.005983,51213,0.005982,15776,0.005992,31336,0.005993,2614,0.005994,24958,0.005995,10948,0.005996,104324,0.005997,128018,0.005998,23756,0.005999,21805,0.006000,14530,0.006001,21822
gate,bybit,VANRYUSDT,0.005553,0.005989,7.8516,1774105393378,0.005551,5873,0.00555,5143,0.005549,16397,0.005548,39516,0.005547,54651,0.005546,37148,0.005545,38628,0.005544,32200,0.005543,30516,0.005526,20000,0.005553,5736,0.005554,6163,0.005555,5827,0.005556,175485,0.005557,17525,0.005558,19544,0.005559,25662,0.005561,11600,0.005562,16722,0.005565,11600,0.005991,2155,0.005990,2585,0.005989,18384,0.005988,20286,0.005987,11067,0.005986,24084,0.005985,32297,0.005984,16582,0.005983,51213,0.005982,15776,0.005992,31336,0.005993,47543,0.005994,23380,0.005995,9370,0.005996,104324,0.005997,128018,0.005998,23756,0.005999,21805,0.006000,14530,0.006001,21822
gate,bybit,VANRYUSDT,0.005553,0.005989,7.8516,1774105393682,0.005551,5873,0.00555,5143,0.005549,16397,0.005548,39516,0.005547,54651,0.005546,37148,0.005545,38628,0.005544,32200,0.005543,30516,0.005526,20000,0.005553,5736,0.005554,6163,0.005555,5827,0.005556,175485,0.005557,17525,0.005558,19544,0.005559,25662,0.005561,11600,0.005562,16722,0.005565,11600,0.005991,2155,0.005990,2585,0.005989,18384,0.005988,20286,0.005987,11067,0.005986,24084,0.005985,32297,0.005984,16582,0.005983,51213,0.005982,15776,0.005992,43456,0.005993,47543,0.005994,23380,0.005995,9370,0.005996,92164,0.005997,128018,0.005998,23756,0.005999,21805,0.006000,14530,0.006001,21822
gate,bybit,VANRYUSDT,0.005553,0.005989,7.8516,1774105393986,0.005551,5873,0.00555,5143,0.005549,16397,0.005548,39516,0.005547,54651,0.005546,37148,0.005545,38628,0.005544,32200,0.005543,30516,0.005526,20000,0.005553,5154,0.005554,6163,0.005555,5827,0.005556,175485,0.005557,17525,0.005558,19544,0.005559,25662,0.005561,11600,0.005562,16722,0.005565,11600,0.005990,2585,0.005989,8278,0.005988,20286,0.005987,11067,0.005986,19978,0.005985,32297,0.005984,16582,0.005983,51213,0.005982,15776,0.005981,23215,0.005991,33749,0.005992,22133,0.005993,58081,0.005994,18428,0.005995,9370,0.005996,92164,0.005997,128018,0.005998,23756,0.005999,21805,0.006000,14530
gate,bybit,VANRYUSDT,0.005553,0.005989,7.8516,1774105394304,0.005551,5873,0.00555,5143,0.005549,16397,0.005548,39516,0.005547,54651,0.005546,37148,0.005545,38628,0.005544,32200,0.005543,30516,0.005526,20000,0.005553,5154,0.005554,6163,0.005555,5827,0.005556,175485,0.005557,17525,0.005558,19544,0.005559,25662,0.005561,11600,0.005562,16722,0.005565,11600,0.005990,2585,0.005989,8278,0.005988,22497,0.005987,11067,0.005986,19978,0.005985,32297,0.005984,16582,0.005983,51213,0.005982,15776,0.005981,23215,0.005991,33749,0.005992,13790,0.005993,63581,0.005994,13476,0.005995,9370,0.005996,92164,0.005997,128018,0.005998,23756,0.005999,21805,0.006000,14530
gate,bybit,VANRYUSDT,0.005553,0.005989,7.8516,1774105394612,0.005551,5873,0.00555,5143,0.005549,16397,0.005548,39516,0.005547,54651,0.005546,37148,0.005545,38628,0.005544,32200,0.005543,30516,0.005526,20000,0.005553,5154,0.005554,6163,0.005555,5827,0.005556,175485,0.005557,17525,0.005558,19544,0.005559,25662,0.005561,11600,0.005562,16722,0.005565,11600,0.005990,2585,0.005989,8278,0.005988,14137,0.005987,11067,0.005986,19978,0.005985,32297,0.005984,16582,0.005983,51213,0.005982,15776,0.005981,23215,0.005991,33749,0.005992,13790,0.005993,63581,0.005994,13476,0.005995,9370,0.005996,92164,0.005997,128018,0.005998,23756,0.005999,21805,0.006000,14530
gate,bybit,VANRYUSDT,0.005553,0.005989,7.8516,1774105394937,0.005551,5873,0.00555,5143,0.005549,16397,0.005548,39516,0.005547,54651,0.005546,37148,0.005545,38628,0.005544,32200,0.005543,30516,0.005526,20000,0.005553,5154,0.005554,6163,0.005555,5827,0.005556,175485,0.005557,17525,0.005558,19544,0.005559,25662,0.005561,11600,0.005562,16722,0.005565,11600,0.005990,2585,0.005989,8278,0.005988,14137,0.005987,11067,0.005986,19978,0.005985,32297,0.005984,16582,0.005983,51213,0.005982,15776,0.005981,23215,0.005991,33749,0.005992,13790,0.005993,63581,0.005994,13476,0.005995,9370,0.005996,92164,0.005997,128018,0.005998,23756,0.005999,21805,0.006000,14530
gate,bybit,VANRYUSDT,0.005553,0.005989,7.8516,1774105395243,0.005551,5873,0.00555,5143,0.005549,16397,0.005548,39516,0.005547,54651,0.005546,37148,0.005545,38628,0.005544,32200,0.005543,30516,0.005526,20000,0.005553,5154,0.005554,6163,0.005555,5827,0.005556,175485,0.005557,17525,0.005558,19544,0.005559,25662,0.005561,11600,0.005562,16722,0.005565,11600,0.005990,2585,0.005989,8278,0.005988,14137,0.005987,11067,0.005986,19978,0.005985,32297,0.005984,16582,0.005983,51213,0.005982,15776,0.005981,23215,0.005991,33749,0.005992,13790,0.005993,63581,0.005994,13476,0.005995,9370,0.005996,92164,0.005997,128018,0.005998,23756,0.005999,21805,0.006000,14530
gate,bybit,VANRYUSDT,0.005553,0.005989,7.8516,1774105395547,0.005551,5873,0.00555,5143,0.005549,16397,0.005548,39516,0.005547,54651,0.005546,37148,0.005545,38628,0.005544,32200,0.005543,30516,0.005526,20000,0.005553,5154,0.005554,6163,0.005555,5827,0.005556,175485,0.005557,17525,0.005558,19544,0.005559,25662,0.005561,11600,0.005562,16722,0.005565,11600,0.005990,2585,0.005989,8278,0.005988,14137,0.005987,11067,0.005986,19978,0.005985,32297,0.005984,16582,0.005983,51213,0.005982,15776,0.005981,23215,0.005991,33749,0.005992,13790,0.005993,63581,0.005994,13476,0.005995,9370,0.005996,92164,0.005997,128018,0.005998,23756,0.005999,21805,0.006000,14530
gate,bybit,VANRYUSDT,0.005553,0.005989,7.8516,1774105395867,0.005551,5873,0.00555,5143,0.005549,16397,0.005548,39516,0.005547,54651,0.005546,37148,0.005545,38628,0.005544,32200,0.005543,30516,0.005526,20000,0.005553,5154,0.005554,6163,0.005555,5827,0.005556,175485,0.005557,17525,0.005558,19544,0.005559,25662,0.005561,11600,0.005562,16722,0.005565,11600,0.005990,2585,0.005989,8278,0.005988,14137,0.005987,12647,0.005986,21293,0.005985,32297,0.005984,16582,0.005983,51213,0.005982,15776,0.005981,23215,0.005991,32748,0.005992,13790,0.005993,63581,0.005994,13476,0.005995,9370,0.005996,130377,0.005997,128018,0.005998,23756,0.005999,21805,0.006000,14530
gate,bybit,VANRYUSDT,0.005553,0.005989,7.8516,1774105396173,0.005551,5873,0.00555,5143,0.005549,16397,0.005548,39516,0.005547,54651,0.005546,37148,0.005545,31600,0.005544,32200,0.005543,30516,0.005526,20000,0.005553,5736,0.005554,6163,0.005555,5827,0.005556,175485,0.005557,17525,0.005558,19544,0.005559,25662,0.005561,11600,0.005562,16722,0.005566,11600,0.005990,2585,0.005989,8278,0.005988,14137,0.005987,12647,0.005986,19978,0.005985,32297,0.005984,16582,0.005983,51213,0.005982,15776,0.005981,23215,0.005991,32748,0.005992,13790,0.005993,63581,0.005994,13476,0.005995,9370,0.005996,92164,0.005997,128018,0.005998,23756,0.005999,21805,0.006000,14530
gate,bybit,VANRYUSDT,0.005554,0.005989,7.8322,1774105396478,0.005552,18985,0.005551,5873,0.00555,16743,0.005549,34422,0.005548,39516,0.005547,36620,0.005546,36689,0.005545,31600,0.005544,32200,0.005543,30516,0.005554,5537,0.005555,5827,0.005556,175485,0.005557,7927,0.005558,19527,0.005559,25662,0.00556,19527,0.005561,16247,0.005562,11600,0.005566,11600,0.005989,4172,0.005988,2570,0.005987,1664,0.005986,8971,0.005985,19979,0.005984,16582,0.005983,47107,0.005982,19882,0.005981,23215,0.005980,32347,0.005990,33323,0.005992,23709,0.005993,63581,0.005994,14396,0.005995,9370,0.005996,130377,0.005997,128018,0.005998,23756,0.005999,21805,0.006000,14530
gate,bybit,VANRYUSDT,0.005554,0.005989,7.8322,1774105396784,0.005552,18985,0.005551,5873,0.00555,16743,0.005549,34422,0.005548,39516,0.005547,36620,0.005546,36689,0.005545,31600,0.005544,32200,0.005543,30516,0.005554,5537,0.005555,5827,0.005556,175485,0.005557,7927,0.005558,19527,0.005559,25662,0.00556,19527,0.005561,16247,0.005562,11600,0.005566,11600,0.005989,1734,0.005988,2570,0.005987,1664,0.005986,15289,0.005985,19979,0.005984,16582,0.005983,27306,0.005982,19882,0.005981,23215,0.005980,32347,0.005990,33323,0.005991,1670,0.005992,31419,0.005993,53671,0.005994,14396,0.005995,9370,0.005996,113237,0.005997,128018,0.005998,23756,0.005999,21805
gate,bybit,VANRYUSDT,0.005554,0.005989,7.8322,1774105397091,0.005552,10324,0.005551,5873,0.00555,16743,0.005549,34422,0.005548,39516,0.005547,36620,0.005546,36689,0.005545,31600,0.005544,32200,0.005543,30516,0.005554,5537,0.005555,5827,0.005556,175485,0.005557,7927,0.005558,19527,0.005559,25662,0.00556,19527,0.005561,16247,0.005566,11600,0.005567,11600,0.005989,4173,0.005988,2570,0.005987,1664,0.005986,17496,0.005985,19979,0.005984,16582,0.005983,27306,0.005982,19882,0.005981,23215,0.005980,32347,0.005990,50473,0.005991,1670,0.005992,31419,0.005993,53671,0.005994,14396,0.005995,13476,0.005996,113237,0.005997,128018,0.005998,23756,0.005999,21805
gate,bybit,VANRYUSDT,0.005554,0.005989,7.8322,1774105397392,0.005552,10324,0.005551,5873,0.00555,16743,0.005549,34422,0.005548,39516,0.005547,36620,0.005546,36689,0.005545,31600,0.005544,32200,0.005543,30516,0.005554,5537,0.005555,5827,0.005556,175485,0.005557,7927,0.005558,19527,0.005559,25662,0.00556,19527,0.005561,16247,0.005566,11600,0.005567,11600,0.005989,4173,0.005988,2570,0.005987,1664,0.005986,17496,0.005985,19979,0.005984,16582,0.005983,27306,0.005982,19882,0.005981,23215,0.005980,32347,0.005990,50473,0.005991,1670,0.005992,31419,0.005993,53671,0.005994,14396,0.005995,13476,0.005996,113237,0.005997,128018,0.005998,23756,0.005999,21805
gate,bybit,VANRYUSDT,0.005554,0.005989,7.8322,1774105397699,0.005552,10324,0.005551,5873,0.00555,16743,0.005549,34422,0.005548,39516,0.005547,36620,0.005546,36689,0.005545,31600,0.005544,32200,0.005543,30516,0.005554,5537,0.005555,5827,0.005556,175485,0.005557,7927,0.005558,19527,0.005559,25662,0.00556,19527,0.005561,16247,0.005566,11600,0.005567,11600,0.005989,4173,0.005988,2570,0.005987,1664,0.005986,17496,0.005985,19979,0.005984,16582,0.005983,27306,0.005982,19882,0.005981,23215,0.005980,32347,0.005990,50473,0.005991,1670,0.005992,31419,0.005993,53671,0.005994,14396,0.005995,13476,0.005996,113237,0.005997,128018,0.005998,23756,0.005999,21805
gate,bybit,VANRYUSDT,0.005554,0.005989,7.8322,1774105398007,0.005552,10324,0.005551,5873,0.00555,16743,0.005549,34422,0.005548,39516,0.005547,36620,0.005546,36689,0.005545,31600,0.005544,32200,0.005543,30516,0.005554,5537,0.005555,5827,0.005556,175485,0.005557,7927,0.005558,19527,0.005559,25662,0.00556,19527,0.005561,16247,0.005566,11600,0.005567,11600,0.005989,4173,0.005988,2570,0.005987,1664,0.005986,17496,0.005985,19979,0.005984,16582,0.005983,27306,0.005982,19882,0.005981,23215,0.005980,32347,0.005990,50473,0.005991,1670,0.005992,31419,0.005993,53671,0.005994,14396,0.005995,13476,0.005996,113237,0.005997,128018,0.005998,23756,0.005999,21805
gate,bybit,VANRYUSDT,0.005554,0.005989,7.8322,1774105398323,0.005552,10324,0.005551,5873,0.00555,16743,0.005549,34422,0.005548,39516,0.005547,36620,0.005546,36689,0.005545,31600,0.005544,32200,0.005543,30516,0.005554,5537,0.005555,5827,0.005556,175485,0.005557,7927,0.005558,19527,0.005559,25662,0.00556,19527,0.005561,16247,0.005566,11600,0.005567,11600,0.005989,4173,0.005988,2570,0.005987,1664,0.005986,17496,0.005985,19979,0.005984,16582,0.005983,27306,0.005982,19882,0.005981,23215,0.005980,32347,0.005990,149880,0.005991,1670,0.005992,31419,0.005993,53671,0.005994,14396,0.005995,13476,0.005996,75024,0.005997,28610,0.005998,23756,0.005999,21805
gate,bybit,VANRYUSDT,0.005554,0.005989,7.8322,1774105398636,0.005552,18985,0.005551,5873,0.00555,16743,0.005549,34422,0.005548,39516,0.005547,36620,0.005546,36689,0.005545,31600,0.005544,32200,0.005543,30516,0.005554,5537,0.005555,5827,0.005556,175485,0.005557,7927,0.005558,19527,0.005559,25662,0.00556,19527,0.005561,16247,0.005566,11600,0.005567,11600,0.005989,4842,0.005988,2570,0.005987,1664,0.005986,17496,0.005985,19979,0.005984,16582,0.005983,27306,0.005982,19882,0.005981,23215,0.005980,32347,0.005990,149880,0.005991,1670,0.005992,31419,0.005993,53671,0.005994,14396,0.005995,13476,0.005996,75024,0.005997,28610,0.005998,23756,0.005999,21805
gate,bybit,VANRYUSDT,0.005554,0.005989,7.8322,1774105398949,0.005552,18985,0.005551,17473,0.00555,16743,0.005549,34422,0.005548,39516,0.005547,36620,0.005546,36689,0.005545,31600,0.005544,32200,0.005543,30516,0.005554,5537,0.005555,5827,0.005556,175485,0.005557,7927,0.005558,19527,0.005559,25662,0.00556,19527,0.005561,16247,0.005566,11600,0.005567,11600,0.005989,4842,0.005988,2570,0.005987,1664,0.005986,17496,0.005985,19979,0.005984,16582,0.005983,23200,0.005982,19882,0.005981,23215,0.005980,32347,0.005990,149880,0.005991,1670,0.005992,31419,0.005993,53671,0.005994,14396,0.005995,17582,0.005996,75024,0.005997,28610,0.005998,23756,0.005999,21805
gate,bybit,VANRYUSDT,0.005554,0.005989,7.8322,1774105399258,0.005552,18985,0.005551,17473,0.00555,16743,0.005549,34422,0.005548,39516,0.005547,36620,0.005546,36689,0.005545,31600,0.005544,32200,0.005543,30516,0.005554,5537,0.005555,5827,0.005556,175485,0.005557,7927,0.005558,19527,0.005559,25662,0.00556,19527,0.005561,16247,0.005566,11600,0.005567,11600,0.005989,4842,0.005988,2570,0.005987,1664,0.005986,17496,0.005985,19979,0.005984,16582,0.005983,23200,0.005982,19882,0.005981,23215,0.005980,32347,0.005990,149880,0.005991,1670,0.005992,31419,0.005993,53671,0.005994,14396,0.005995,17582,0.005996,75024,0.005997,28610,0.005998,23756,0.005999,21805
gate,bybit,VANRYUSDT,0.005554,0.005989,7.8322,1774105399566,0.005552,5745,0.005551,17473,0.00555,16743,0.005549,34422,0.005548,39516,0.005547,36620,0.005546,36689,0.005545,31600,0.005544,32200,0.005543,30516,0.005554,5537,0.005555,5827,0.005556,175485,0.005557,7927,0.005558,19527,0.005559,25662,0.00556,11600,0.005561,16247,0.005566,11600,0.005567,11600,0.005989,4842,0.005988,2570,0.005987,1664,0.005986,17496,0.005985,19979,0.005984,16582,0.005983,23200,0.005982,19882,0.005981,23215,0.005980,32347,0.005990,149880,0.005991,1670,0.005992,31419,0.005993,53671,0.005994,14396,0.005995,17582,0.005996,75024,0.005997,28610,0.005998,23756,0.005999,21805
gate,bybit,VANRYUSDT,0.005554,0.005989,7.8322,1774105399874,0.005552,5745,0.005551,17473,0.00555,16743,0.005549,34422,0.005548,39516,0.005547,36620,0.005546,36689,0.005545,31600,0.005544,32200,0.005543,30516,0.005554,5537,0.005555,5827,0.005556,175485,0.005557,7927,0.005558,19527,0.005559,25662,0.00556,16381,0.005561,16247,0.005567,11600,0.005574,11600,0.005989,4842,0.005988,2570,0.005987,1664,0.005986,17496,0.005985,19979,0.005984,18087,0.005983,23200,0.005982,19882,0.005981,23215,0.005980,32347,0.005990,149880,0.005991,1670,0.005992,31419,0.005993,53671,0.005994,14396,0.005995,17582,0.005996,75024,0.005997,28610,0.005998,23756,0.005999,21805
gate,bybit,VANRYUSDT,0.005554,0.005989,7.8322,1774105400191,0.005552,5745,0.005551,17473,0.00555,16743,0.005549,34422,0.005548,39516,0.005547,36620,0.005546,36689,0.005545,31600,0.005544,32200,0.005543,30516,0.005554,5537,0.005555,5827,0.005556,175485,0.005557,7927,0.005558,19527,0.005559,25662,0.00556,16381,0.005561,16247,0.005567,11600,0.005574,11600,0.005989,4842,0.005988,2570,0.005987,1664,0.005986,17496,0.005985,19979,0.005984,18087,0.005983,23200,0.005982,19882,0.005981,23215,0.005980,32347,0.005990,149880,0.005991,1670,0.005992,31419,0.005993,53671,0.005994,14396,0.005995,17582,0.005996,75024,0.005997,28610,0.005998,23756,0.005999,21805
gate,bybit,VANRYUSDT,0.005555,0.005989,7.8128,1774105400498,0.005554,4661,0.005553,10324,0.005552,5745,0.005551,17473,0.00555,16743,0.005549,34422,0.005548,39516,0.005547,36620,0.005546,31600,0.005545,31600,0.005556,175485,0.005558,7899,0.005559,25662,0.00556,16381,0.005561,16247,0.005567,11600,0.005574,11600,0.005575,25378,0.005576,155894,0.005577,11600,0.005989,4842,0.005988,2570,0.005987,1664,0.005986,17496,0.005985,19979,0.005984,18087,0.005983,23200,0.005982,19882,0.005981,23215,0.005980,32347,0.005990,149880,0.005991,1670,0.005992,31419,0.005993,53671,0.005994,14396,0.005995,17582,0.005996,75024,0.005997,28610,0.005998,23756,0.005999,21805
gate,bybit,VANRYUSDT,0.005555,0.005989,7.8128,1774105400804,0.005554,4661,0.005553,10324,0.005552,5745,0.005551,17473,0.00555,16743,0.005549,34422,0.005548,39516,0.005547,36620,0.005546,31600,0.005545,31600,0.005556,175485,0.005558,7899,0.005559,25662,0.00556,16381,0.005561,16247,0.005567,11600,0.005574,11600,0.005575,25378,0.005576,155894,0.005577,11600,0.005989,4842,0.005988,2570,0.005987,1664,0.005986,17496,0.005985,19979,0.005984,18087,0.005983,23200,0.005982,19882,0.005981,23215,0.005980,32347,0.005990,149880,0.005991,1670,0.005992,31419,0.005993,53671,0.005994,14396,0.005995,17582,0.005996,75024,0.005997,28610,0.005998,23756,0.005999,21805
gate,bybit,VANRYUSDT,0.005554,0.005989,7.8322,1774105401111,0.005554,583,0.005553,5052,0.005552,5162,0.005551,17473,0.00555,16743,0.005549,16397,0.005548,39516,0.005547,36620,0.005546,31600,0.005545,31600,0.005555,6120,0.005556,175485,0.005558,7899,0.005559,25662,0.00556,16381,0.005561,16247,0.005567,11600,0.005574,11600,0.005575,25378,0.005576,155894,0.005989,2403,0.005988,4152,0.005987,15378,0.005986,16866,0.005985,21509,0.005984,18087,0.005983,44583,0.005982,64811,0.005981,23215,0.005980,32347,0.005990,149305,0.005991,1670,0.005992,31419,0.005993,53671,0.005994,14396,0.005995,9370,0.005996,75024,0.005997,28610,0.005998,23756,0.005999,21805
gate,bybit,VANRYUSDT,0.005555,0.005989,7.8128,1774105401424,0.005553,14296,0.005552,5162,0.005551,17473,0.00555,16743,0.005549,16397,0.005548,39516,0.005547,36620,0.005546,49634,0.005545,31600,0.005544,32200,0.005555,6120,0.005556,175485,0.005558,7899,0.005559,25662,0.00556,16381,0.005561,16247,0.005567,11600,0.005574,11600,0.005575,25378,0.005576,155894,0.005989,2403,0.005988,4152,0.005987,15378,0.005986,16866,0.005985,21509,0.005984,18087,0.005983,44583,0.005982,64811,0.005981,23215,0.005980,32347,0.005990,161406,0.005991,1670,0.005992,19299,0.005993,53671,0.005994,14396,0.005995,9370,0.005996,75024,0.005997,28610,0.005998,23756,0.005999,21805
gate,bybit,VANRYUSDT,0.005555,0.005989,7.8128,1774105401736,0.005553,5635,0.005552,16762,0.005551,17473,0.00555,16743,0.005549,16397,0.005548,39516,0.005547,36620,0.005546,49634,0.005545,31600,0.005544,32200,0.005555,6120,0.005556,175485,0.005557,6224,0.005558,7899,0.005559,25662,0.00556,16381,0.005561,16247,0.005567,11600,0.005574,11600,0.005575,25378,0.005989,2403,0.005988,4152,0.005987,15378,0.005986,16866,0.005985,21509,0.005984,18087,0.005983,44583,0.005982,64811,0.005981,23215,0.005980,32347,0.005990,161406,0.005991,1670,0.005992,19299,0.005993,53671,0.005994,14396,0.005995,9370,0.005996,75024,0.005997,28610,0.005998,23756,0.005999,21805
gate,bybit,VANRYUSDT,0.005555,0.005989,7.8128,1774105402048,0.005553,5635,0.005552,16762,0.005551,17473,0.00555,16743,0.005549,16397,0.005548,39516,0.005547,36620,0.005546,49634,0.005545,31600,0.005544,32200,0.005554,6613,0.005555,6120,0.005556,175485,0.005557,6224,0.005558,7899,0.005559,25662,0.00556,16381,0.005561,16247,0.005567,11600,0.005574,11600,0.005989,2403,0.005988,4152,0.005987,15378,0.005986,16866,0.005985,21509,0.005984,18087,0.005983,44583,0.005982,64811,0.005981,23215,0.005980,32347,0.005990,161406,0.005991,1670,0.005992,19299,0.005993,53671,0.005994,14396,0.005995,9370,0.005996,75024,0.005997,28610,0.005998,23756,0.005999,21805
