spot_exch,fut_exch,symbol,ask_spot,bid_futures,spread_pct,ts
binance,gate,FUNUSDT,0.00138500,0.03075,2120.2166,1774047612000
binance,gate,FUNUSDT,0.00138800,0.03075,2115.4179,1774047671000
binance,gate,FUNUSDT,0.00138500,0.03077,2121.6606,1774047928000
binance,gate,FUNUSDT,0.00138400,0.03077,2123.2659,1774047934000
binance,gate,FUNUSDT,0.00138200,0.03071,2122.1418,1774047995000
binance,gate,FUNUSDT,0.00138200,0.03071,2122.1418,1774047996000
binance,gate,FUNUSDT,0.00138200,0.03071,2122.1418,1774048006000
binance,gate,FUNUSDT,0.00138200,0.03071,2122.1418,1774048020000
binance,gate,FUNUSDT,0.00138200,0.0307,2121.4182,1774048025000
binance,gate,FUNUSDT,0.00138200,0.03071,2122.1418,1774048026000
binance,gate,FUNUSDT,0.00138300,0.03071,2120.5351,1774048124353
binance,gate,FUNUSDT,0.00138300,0.03071,2120.5351,1774048124654
binance,gate,FUNUSDT,0.00138300,0.03071,2120.5351,1774048124957
binance,gate,FUNUSDT,0.00138300,0.03071,2120.5351,1774048125268
binance,gate,FUNUSDT,0.00138300,0.03071,2120.5351,1774048125578
binance,gate,FUNUSDT,0.00138300,0.03071,2120.5351,1774048125878
binance,gate,FUNUSDT,0.00138300,0.03071,2120.5351,1774048126185
binance,gate,FUNUSDT,0.00138300,0.03071,2120.5351,1774048126485
binance,gate,FUNUSDT,0.00138300,0.03071,2120.5351,1774048126785
binance,gate,FUNUSDT,0.00138300,0.03071,2120.5351,1774048127086
binance,gate,FUNUSDT,0.00138300,0.03071,2120.5351,1774048127386
binance,gate,FUNUSDT,0.00138300,0.03071,2120.5351,1774048127686
binance,gate,FUNUSDT,0.00138300,0.03071,2120.5351,1774048127987
binance,gate,FUNUSDT,0.00138300,0.03071,2120.5351,1774048128287
binance,gate,FUNUSDT,0.00138300,0.03071,2120.5351,1774048128587
binance,gate,FUNUSDT,0.00138300,0.03071,2120.5351,1774048128887
binance,gate,FUNUSDT,0.00138300,0.03071,2120.5351,1774048129188
binance,gate,FUNUSDT,0.00138300,0.03071,2120.5351,1774048129488
binance,gate,FUNUSDT,0.00138300,0.03071,2120.5351,1774048129788
binance,gate,FUNUSDT,0.00138300,0.03071,2120.5351,1774048130088
binance,gate,FUNUSDT,0.00138300,0.03071,2120.5351,1774048130388
binance,gate,FUNUSDT,0.00138300,0.03071,2120.5351,1774048130688
binance,gate,FUNUSDT,0.00138300,0.03071,2120.5351,1774048130989
binance,gate,FUNUSDT,0.00138300,0.03071,2120.5351,1774048131289
binance,gate,FUNUSDT,0.00138300,0.03071,2120.5351,1774048131589
binance,gate,FUNUSDT,0.00138300,0.03071,2120.5351,1774048131890
binance,gate,FUNUSDT,0.00138300,0.03071,2120.5351,1774048132190
binance,gate,FUNUSDT,0.00138300,0.03071,2120.5351,1774048132490
binance,gate,FUNUSDT,0.00138300,0.03071,2120.5351,1774048132790
binance,gate,FUNUSDT,0.00138300,0.03071,2120.5351,1774048133091
binance,gate,FUNUSDT,0.00138300,0.03071,2120.5351,1774048133392
binance,gate,FUNUSDT,0.00138300,0.03071,2120.5351,1774048133692
binance,gate,FUNUSDT,0.00138300,0.03071,2120.5351,1774048133992
binance,gate,FUNUSDT,0.00138300,0.03071,2120.5351,1774048134293
binance,gate,FUNUSDT,0.00138300,0.03071,2120.5351,1774048134593
binance,gate,FUNUSDT,0.00138300,0.03071,2120.5351,1774048134893
binance,gate,FUNUSDT,0.00138300,0.03071,2120.5351,1774048135194
binance,gate,FUNUSDT,0.00138300,0.03071,2120.5351,1774048135494
binance,gate,FUNUSDT,0.00138300,0.03071,2120.5351,1774048135795
binance,gate,FUNUSDT,0.00138300,0.03071,2120.5351,1774048136105
binance,gate,FUNUSDT,0.00138300,0.03071,2120.5351,1774048136424
binance,gate,FUNUSDT,0.00138300,0.03071,2120.5351,1774048136735
binance,gate,FUNUSDT,0.00138300,0.03071,2120.5351,1774048137041
binance,gate,FUNUSDT,0.00138300,0.03071,2120.5351,1774048137345
binance,gate,FUNUSDT,0.00138300,0.03071,2120.5351,1774048137645
binance,gate,FUNUSDT,0.00138300,0.03071,2120.5351,1774048137945
binance,gate,FUNUSDT,0.00138300,0.03071,2120.5351,1774048138245
binance,gate,FUNUSDT,0.00138300,0.03071,2120.5351,1774048138545
binance,gate,FUNUSDT,0.00138300,0.03071,2120.5351,1774048138845
binance,gate,FUNUSDT,0.00138300,0.03071,2120.5351,1774048139146
binance,gate,FUNUSDT,0.00138300,0.03071,2120.5351,1774048139446
binance,gate,FUNUSDT,0.00138300,0.03071,2120.5351,1774048139746
binance,gate,FUNUSDT,0.00138300,0.03071,2120.5351,1774048140046
binance,gate,FUNUSDT,0.00138300,0.03071,2120.5351,1774048140356
binance,gate,FUNUSDT,0.00138300,0.03071,2120.5351,1774048140665
binance,gate,FUNUSDT,0.00138300,0.03071,2120.5351,1774048140979
binance,gate,FUNUSDT,0.00138300,0.03071,2120.5351,1774048141286
binance,gate,FUNUSDT,0.00138300,0.03071,2120.5351,1774048141592
binance,gate,FUNUSDT,0.00138300,0.03071,2120.5351,1774048141899
binance,gate,FUNUSDT,0.00138300,0.03071,2120.5351,1774048142209
binance,gate,FUNUSDT,0.00138300,0.03071,2120.5351,1774048142519
binance,gate,FUNUSDT,0.00138300,0.03071,2120.5351,1774048142822
binance,gate,FUNUSDT,0.00138300,0.03071,2120.5351,1774048143128
binance,gate,FUNUSDT,0.00138300,0.03071,2120.5351,1774048143436
binance,gate,FUNUSDT,0.00138300,0.03071,2120.5351,1774048143739
binance,gate,FUNUSDT,0.00138300,0.03071,2120.5351,1774048144041
binance,gate,FUNUSDT,0.00138300,0.03071,2120.5351,1774048144341
binance,gate,FUNUSDT,0.00138300,0.03071,2120.5351,1774048144642
binance,gate,FUNUSDT,0.00138300,0.03071,2120.5351,1774048144942
binance,gate,FUNUSDT,0.00138300,0.03071,2120.5351,1774048145248
binance,gate,FUNUSDT,0.00138300,0.03071,2120.5351,1774048145548
binance,gate,FUNUSDT,0.00138300,0.03071,2120.5351,1774048145855
binance,gate,FUNUSDT,0.00138300,0.03071,2120.5351,1774048146156
binance,gate,FUNUSDT,0.00138300,0.03071,2120.5351,1774048146459
binance,gate,FUNUSDT,0.00138300,0.03071,2120.5351,1774048146760
binance,gate,FUNUSDT,0.00138300,0.03071,2120.5351,1774048147060
binance,gate,FUNUSDT,0.00138300,0.03071,2120.5351,1774048147360
binance,gate,FUNUSDT,0.00138300,0.03071,2120.5351,1774048147661
binance,gate,FUNUSDT,0.00138300,0.03071,2120.5351,1774048147961
binance,gate,FUNUSDT,0.00138300,0.03071,2120.5351,1774048148262
binance,gate,FUNUSDT,0.00138300,0.03071,2120.5351,1774048148562
binance,gate,FUNUSDT,0.00138300,0.03071,2120.5351,1774048148863
binance,gate,FUNUSDT,0.00138300,0.03071,2120.5351,1774048149163
binance,gate,FUNUSDT,0.00138300,0.03071,2120.5351,1774048149465
binance,gate,FUNUSDT,0.00138300,0.03071,2120.5351,1774048149765
binance,gate,FUNUSDT,0.00138300,0.03071,2120.5351,1774048150067
binance,gate,FUNUSDT,0.00138300,0.03071,2120.5351,1774048150370
binance,gate,FUNUSDT,0.00138300,0.03071,2120.5351,1774048150670
binance,gate,FUNUSDT,0.00138300,0.03071,2120.5351,1774048150982
binance,gate,FUNUSDT,0.00138300,0.03071,2120.5351,1774048151282
binance,gate,FUNUSDT,0.00138300,0.03071,2120.5351,1774048151583
binance,gate,FUNUSDT,0.00138300,0.03071,2120.5351,1774048151883
binance,gate,FUNUSDT,0.00138300,0.03071,2120.5351,1774048152186
binance,gate,FUNUSDT,0.00138300,0.03071,2120.5351,1774048152487
binance,gate,FUNUSDT,0.00138300,0.03071,2120.5351,1774048152787
binance,gate,FUNUSDT,0.00138300,0.03071,2120.5351,1774048153088
binance,gate,FUNUSDT,0.00138300,0.03071,2120.5351,1774048153388
binance,gate,FUNUSDT,0.00138300,0.03071,2120.5351,1774048153688
binance,gate,FUNUSDT,0.00138300,0.03071,2120.5351,1774048153988
binance,gate,FUNUSDT,0.00138300,0.03071,2120.5351,1774048154289
binance,gate,FUNUSDT,0.00138300,0.03071,2120.5351,1774048154589
binance,gate,FUNUSDT,0.00138300,0.03071,2120.5351,1774048154889
binance,gate,FUNUSDT,0.00138300,0.03071,2120.5351,1774048155190
binance,gate,FUNUSDT,0.00138300,0.03071,2120.5351,1774048155490
binance,gate,FUNUSDT,0.00138300,0.03071,2120.5351,1774048155791
binance,gate,FUNUSDT,0.00138300,0.03071,2120.5351,1774048156091
binance,gate,FUNUSDT,0.00138300,0.03071,2120.5351,1774048156392
binance,gate,FUNUSDT,0.00138300,0.03071,2120.5351,1774048156692
binance,gate,FUNUSDT,0.00138300,0.03071,2120.5351,1774048156992
binance,gate,FUNUSDT,0.00138300,0.03071,2120.5351,1774048157292
binance,gate,FUNUSDT,0.00138300,0.03071,2120.5351,1774048157592
binance,gate,FUNUSDT,0.00138300,0.03071,2120.5351,1774048157903
binance,gate,FUNUSDT,0.00138300,0.03071,2120.5351,1774048158216
binance,gate,FUNUSDT,0.00138300,0.03071,2120.5351,1774048158521
binance,gate,FUNUSDT,0.00138300,0.03071,2120.5351,1774048158833
binance,gate,FUNUSDT,0.00138300,0.03071,2120.5351,1774048159142
binance,gate,FUNUSDT,0.00138300,0.03071,2120.5351,1774048159442
binance,gate,FUNUSDT,0.00138300,0.03071,2120.5351,1774048159742
binance,gate,FUNUSDT,0.00138300,0.03071,2120.5351,1774048160043
binance,gate,FUNUSDT,0.00138300,0.03071,2120.5351,1774048160343
binance,gate,FUNUSDT,0.00138300,0.03071,2120.5351,1774048160643
binance,gate,FUNUSDT,0.00138300,0.03071,2120.5351,1774048160943
binance,gate,FUNUSDT,0.00138300,0.03071,2120.5351,1774048161245
binance,gate,FUNUSDT,0.00138300,0.03071,2120.5351,1774048161545
binance,gate,FUNUSDT,0.00138300,0.03071,2120.5351,1774048161846
binance,gate,FUNUSDT,0.00138300,0.03071,2120.5351,1774048162146
binance,gate,FUNUSDT,0.00138300,0.03071,2120.5351,1774048162446
binance,gate,FUNUSDT,0.00138200,0.03071,2122.1418,1774048162746
binance,gate,FUNUSDT,0.00138200,0.03071,2122.1418,1774048163046
binance,gate,FUNUSDT,0.00138200,0.03071,2122.1418,1774048163347
binance,gate,FUNUSDT,0.00138200,0.03071,2122.1418,1774048163648
binance,gate,FUNUSDT,0.00138200,0.03071,2122.1418,1774048163948
binance,gate,FUNUSDT,0.00138200,0.03071,2122.1418,1774048164248
binance,gate,FUNUSDT,0.00138200,0.03071,2122.1418,1774048164557
binance,gate,FUNUSDT,0.00138200,0.03071,2122.1418,1774048164857
binance,gate,FUNUSDT,0.00138200,0.03071,2122.1418,1774048165158
binance,gate,FUNUSDT,0.00138200,0.03071,2122.1418,1774048165458
binance,gate,FUNUSDT,0.00138200,0.03071,2122.1418,1774048165758
binance,gate,FUNUSDT,0.00138200,0.03071,2122.1418,1774048166058
binance,gate,FUNUSDT,0.00138200,0.03071,2122.1418,1774048166358
binance,gate,FUNUSDT,0.00138200,0.03071,2122.1418,1774048166659
binance,gate,FUNUSDT,0.00138200,0.03071,2122.1418,1774048166959
binance,gate,FUNUSDT,0.00138200,0.03071,2122.1418,1774048167260
binance,gate,FUNUSDT,0.00138200,0.03071,2122.1418,1774048167560
binance,gate,FUNUSDT,0.00138200,0.03071,2122.1418,1774048167861
binance,gate,FUNUSDT,0.00138200,0.03071,2122.1418,1774048168161
binance,gate,FUNUSDT,0.00138200,0.03071,2122.1418,1774048168461
binance,gate,FUNUSDT,0.00138200,0.03071,2122.1418,1774048168761
binance,gate,FUNUSDT,0.00138200,0.03071,2122.1418,1774048169061
binance,gate,FUNUSDT,0.00138200,0.03071,2122.1418,1774048169361
binance,gate,FUNUSDT,0.00138200,0.03071,2122.1418,1774048169662
binance,gate,FUNUSDT,0.00138200,0.03071,2122.1418,1774048169962
binance,gate,FUNUSDT,0.00138200,0.03071,2122.1418,1774048170262
binance,gate,FUNUSDT,0.00138200,0.03071,2122.1418,1774048170562
binance,gate,FUNUSDT,0.00138200,0.03071,2122.1418,1774048170862
binance,gate,FUNUSDT,0.00138200,0.03071,2122.1418,1774048171162
binance,gate,FUNUSDT,0.00138200,0.03071,2122.1418,1774048171463
binance,gate,FUNUSDT,0.00138200,0.03071,2122.1418,1774048171763
binance,gate,FUNUSDT,0.00138200,0.03071,2122.1418,1774048172063
binance,gate,FUNUSDT,0.00138200,0.03071,2122.1418,1774048172363
binance,gate,FUNUSDT,0.00138200,0.03071,2122.1418,1774048172664
binance,gate,FUNUSDT,0.00138200,0.03071,2122.1418,1774048172964
binance,gate,FUNUSDT,0.00138200,0.03071,2122.1418,1774048173264
binance,gate,FUNUSDT,0.00138200,0.03071,2122.1418,1774048173564
binance,gate,FUNUSDT,0.00138200,0.03071,2122.1418,1774048173864
binance,gate,FUNUSDT,0.00138200,0.03071,2122.1418,1774048174164
binance,gate,FUNUSDT,0.00138200,0.03071,2122.1418,1774048174464
binance,gate,FUNUSDT,0.00138200,0.03071,2122.1418,1774048174764
binance,gate,FUNUSDT,0.00138200,0.03071,2122.1418,1774048175064
binance,gate,FUNUSDT,0.00138200,0.03071,2122.1418,1774048175365
binance,gate,FUNUSDT,0.00138200,0.03071,2122.1418,1774048175665
binance,gate,FUNUSDT,0.00138200,0.03071,2122.1418,1774048175965
binance,gate,FUNUSDT,0.00138200,0.03071,2122.1418,1774048176266
binance,gate,FUNUSDT,0.00138200,0.03071,2122.1418,1774048176566
binance,gate,FUNUSDT,0.00138200,0.03071,2122.1418,1774048176866
binance,gate,FUNUSDT,0.00138200,0.03071,2122.1418,1774048177167
binance,gate,FUNUSDT,0.00138200,0.03071,2122.1418,1774048177468
binance,gate,FUNUSDT,0.00138200,0.03071,2122.1418,1774048177768
binance,gate,FUNUSDT,0.00138200,0.03071,2122.1418,1774048178068
binance,gate,FUNUSDT,0.00138200,0.03071,2122.1418,1774048178368
binance,gate,FUNUSDT,0.00138200,0.03071,2122.1418,1774048178668
binance,gate,FUNUSDT,0.00138200,0.03071,2122.1418,1774048178976
binance,gate,FUNUSDT,0.00138200,0.03071,2122.1418,1774048179276
binance,gate,FUNUSDT,0.00138200,0.03071,2122.1418,1774048179577
binance,gate,FUNUSDT,0.00138200,0.03071,2122.1418,1774048179878
binance,gate,FUNUSDT,0.00138200,0.03071,2122.1418,1774048180178
binance,gate,FUNUSDT,0.00138200,0.03071,2122.1418,1774048180478
binance,gate,FUNUSDT,0.00138200,0.03071,2122.1418,1774048180778
binance,gate,FUNUSDT,0.00138200,0.03071,2122.1418,1774048181078
binance,gate,FUNUSDT,0.00138200,0.03071,2122.1418,1774048181379
binance,gate,FUNUSDT,0.00138200,0.03071,2122.1418,1774048181679
binance,gate,FUNUSDT,0.00138200,0.03071,2122.1418,1774048181980
binance,gate,FUNUSDT,0.00138200,0.03071,2122.1418,1774048182280
binance,gate,FUNUSDT,0.00138200,0.03071,2122.1418,1774048182580
binance,gate,FUNUSDT,0.00138200,0.03071,2122.1418,1774048182880
binance,gate,FUNUSDT,0.00138200,0.03071,2122.1418,1774048183181
binance,gate,FUNUSDT,0.00138200,0.03071,2122.1418,1774048183481
binance,gate,FUNUSDT,0.00138200,0.03071,2122.1418,1774048183796
binance,gate,FUNUSDT,0.00138200,0.03071,2122.1418,1774048184097
binance,gate,FUNUSDT,0.00138200,0.03071,2122.1418,1774048184400
binance,gate,FUNUSDT,0.00138200,0.03071,2122.1418,1774048184701
binance,gate,FUNUSDT,0.00138200,0.03071,2122.1418,1774048185009
binance,gate,FUNUSDT,0.00138200,0.03071,2122.1418,1774048185311
binance,gate,FUNUSDT,0.00138200,0.03071,2122.1418,1774048185611
binance,gate,FUNUSDT,0.00138200,0.03071,2122.1418,1774048185911
binance,gate,FUNUSDT,0.00138200,0.03071,2122.1418,1774048186211
binance,gate,FUNUSDT,0.00138200,0.03071,2122.1418,1774048186512
binance,gate,FUNUSDT,0.00138200,0.03071,2122.1418,1774048186820
binance,gate,FUNUSDT,0.00138200,0.03071,2122.1418,1774048187128
binance,gate,FUNUSDT,0.00138200,0.03071,2122.1418,1774048187440
binance,gate,FUNUSDT,0.00138200,0.03071,2122.1418,1774048187749
binance,gate,FUNUSDT,0.00138200,0.03071,2122.1418,1774048188049
binance,gate,FUNUSDT,0.00138200,0.03071,2122.1418,1774048188349
binance,gate,FUNUSDT,0.00138200,0.03071,2122.1418,1774048188650
binance,gate,FUNUSDT,0.00138200,0.03071,2122.1418,1774048188950
binance,gate,FUNUSDT,0.00138200,0.03071,2122.1418,1774048189259
binance,gate,FUNUSDT,0.00138200,0.03071,2122.1418,1774048189569
binance,gate,FUNUSDT,0.00138200,0.03071,2122.1418,1774048189882
binance,gate,FUNUSDT,0.00138200,0.03071,2122.1418,1774048190201
binance,gate,FUNUSDT,0.00138200,0.03071,2122.1418,1774048190508
binance,gate,FUNUSDT,0.00138200,0.03071,2122.1418,1774048190817
binance,gate,FUNUSDT,0.00138200,0.03071,2122.1418,1774048191123
binance,gate,FUNUSDT,0.00138200,0.03071,2122.1418,1774048191436
binance,gate,FUNUSDT,0.00138200,0.03071,2122.1418,1774048191747
binance,gate,FUNUSDT,0.00138200,0.03071,2122.1418,1774048192052
binance,gate,FUNUSDT,0.00138200,0.03071,2122.1418,1774048192352
binance,gate,FUNUSDT,0.00138200,0.03071,2122.1418,1774048192652
binance,gate,FUNUSDT,0.00138200,0.03071,2122.1418,1774048192953
binance,gate,FUNUSDT,0.00138200,0.03071,2122.1418,1774048193253
binance,gate,FUNUSDT,0.00138200,0.03071,2122.1418,1774048193555
binance,gate,FUNUSDT,0.00138200,0.03071,2122.1418,1774048193856
binance,gate,FUNUSDT,0.00138200,0.03071,2122.1418,1774048194158
binance,gate,FUNUSDT,0.00138200,0.03071,2122.1418,1774048194458
binance,gate,FUNUSDT,0.00138200,0.03071,2122.1418,1774048194772
binance,gate,FUNUSDT,0.00138200,0.03071,2122.1418,1774048195072
binance,gate,FUNUSDT,0.00138200,0.03071,2122.1418,1774048195372
binance,gate,FUNUSDT,0.00138200,0.03071,2122.1418,1774048195673
binance,gate,FUNUSDT,0.00138200,0.03071,2122.1418,1774048195973
binance,gate,FUNUSDT,0.00138200,0.03071,2122.1418,1774048196273
binance,gate,FUNUSDT,0.00138200,0.03071,2122.1418,1774048196573
binance,gate,FUNUSDT,0.00138200,0.03071,2122.1418,1774048196874
binance,gate,FUNUSDT,0.00138200,0.03071,2122.1418,1774048197174
binance,gate,FUNUSDT,0.00138200,0.03071,2122.1418,1774048197474
binance,gate,FUNUSDT,0.00138200,0.03071,2122.1418,1774048197775
binance,gate,FUNUSDT,0.00138200,0.03071,2122.1418,1774048198075
binance,gate,FUNUSDT,0.00138200,0.03071,2122.1418,1774048198376
binance,gate,FUNUSDT,0.00138200,0.03071,2122.1418,1774048198676
binance,gate,FUNUSDT,0.00138200,0.03071,2122.1418,1774048198976
binance,gate,FUNUSDT,0.00138200,0.03071,2122.1418,1774048199276
binance,gate,FUNUSDT,0.00138200,0.03071,2122.1418,1774048199576
binance,gate,FUNUSDT,0.00138200,0.03071,2122.1418,1774048199876
binance,gate,FUNUSDT,0.00138200,0.03071,2122.1418,1774048200184
binance,gate,FUNUSDT,0.00138200,0.03071,2122.1418,1774048200496
binance,gate,FUNUSDT,0.00138200,0.03071,2122.1418,1774048200803
binance,gate,FUNUSDT,0.00138200,0.03071,2122.1418,1774048201111
binance,gate,FUNUSDT,0.00138200,0.03071,2122.1418,1774048201424
binance,gate,FUNUSDT,0.00138200,0.03071,2122.1418,1774048201732
binance,gate,FUNUSDT,0.00138200,0.03071,2122.1418,1774048202040
binance,gate,FUNUSDT,0.00138200,0.03071,2122.1418,1774048202348
binance,gate,FUNUSDT,0.00138200,0.03071,2122.1418,1774048202657
binance,gate,FUNUSDT,0.00138200,0.03071,2122.1418,1774048202962
binance,gate,FUNUSDT,0.00138200,0.03071,2122.1418,1774048203272
binance,gate,FUNUSDT,0.00138200,0.03071,2122.1418,1774048203583
binance,gate,FUNUSDT,0.00138200,0.03071,2122.1418,1774048203901
binance,gate,FUNUSDT,0.00138200,0.03071,2122.1418,1774048204214
binance,gate,FUNUSDT,0.00138200,0.03069,2120.6946,1774048204525
binance,gate,FUNUSDT,0.00138600,0.0307,2115.0072,1774048204837
binance,gate,FUNUSDT,0.00138600,0.0307,2115.0072,1774048205152
binance,gate,FUNUSDT,0.00138600,0.0307,2115.0072,1774048205468
binance,gate,FUNUSDT,0.00138600,0.0307,2115.0072,1774048205775
binance,gate,FUNUSDT,0.00138600,0.0307,2115.0072,1774048206081
binance,gate,FUNUSDT,0.00138600,0.0307,2115.0072,1774048206383
binance,gate,FUNUSDT,0.00138600,0.0307,2115.0072,1774048206693
binance,gate,FUNUSDT,0.00138600,0.0307,2115.0072,1774048207007
binance,gate,FUNUSDT,0.00138600,0.0307,2115.0072,1774048207317
binance,gate,FUNUSDT,0.00138600,0.0307,2115.0072,1774048207635
binance,gate,FUNUSDT,0.00138600,0.0307,2115.0072,1774048207945
binance,gate,FUNUSDT,0.00138600,0.0307,2115.0072,1774048208261
binance,gate,FUNUSDT,0.00138700,0.0307,2113.4102,1774048208572
binance,gate,FUNUSDT,0.00138700,0.0307,2113.4102,1774048208889
binance,gate,FUNUSDT,0.00138700,0.0307,2113.4102,1774048209195
binance,gate,FUNUSDT,0.00138700,0.0307,2113.4102,1774048209499
binance,gate,FUNUSDT,0.00138700,0.0307,2113.4102,1774048209810
binance,gate,FUNUSDT,0.00138700,0.0307,2113.4102,1774048210125
binance,gate,FUNUSDT,0.00138700,0.0307,2113.4102,1774048210435
binance,gate,FUNUSDT,0.00138700,0.0307,2113.4102,1774048210770
binance,gate,FUNUSDT,0.00138700,0.0307,2113.4102,1774048211081
binance,gate,FUNUSDT,0.00138700,0.0307,2113.4102,1774048211389
binance,gate,FUNUSDT,0.00138700,0.0307,2113.4102,1774048211702
binance,gate,FUNUSDT,0.00138700,0.0307,2113.4102,1774048212016
binance,gate,FUNUSDT,0.00138700,0.0307,2113.4102,1774048212327
binance,gate,FUNUSDT,0.00138700,0.0307,2113.4102,1774048212635
binance,gate,FUNUSDT,0.00138700,0.0307,2113.4102,1774048212946
binance,gate,FUNUSDT,0.00138700,0.0307,2113.4102,1774048213252
binance,gate,FUNUSDT,0.00138700,0.0307,2113.4102,1774048213561
binance,gate,FUNUSDT,0.00138700,0.0307,2113.4102,1774048213865
binance,gate,FUNUSDT,0.00138700,0.0307,2113.4102,1774048214175
binance,gate,FUNUSDT,0.00138700,0.0307,2113.4102,1774048214480
binance,gate,FUNUSDT,0.00138700,0.0307,2113.4102,1774048214804
binance,gate,FUNUSDT,0.00138700,0.0307,2113.4102,1774048215115
binance,gate,FUNUSDT,0.00138700,0.0307,2113.4102,1774048215433
binance,gate,FUNUSDT,0.00138700,0.0307,2113.4102,1774048215743
binance,gate,FUNUSDT,0.00138700,0.0307,2113.4102,1774048216050
binance,gate,FUNUSDT,0.00138700,0.0307,2113.4102,1774048216360
binance,gate,FUNUSDT,0.00138700,0.0307,2113.4102,1774048216664
binance,gate,FUNUSDT,0.00138700,0.0307,2113.4102,1774048216970
binance,gate,FUNUSDT,0.00138700,0.0307,2113.4102,1774048217281
binance,gate,FUNUSDT,0.00138700,0.0307,2113.4102,1774048217587
binance,gate,FUNUSDT,0.00138700,0.0307,2113.4102,1774048217917
binance,gate,FUNUSDT,0.00138700,0.0307,2113.4102,1774048218224
binance,gate,FUNUSDT,0.00138700,0.0307,2113.4102,1774048218535
binance,gate,FUNUSDT,0.00138700,0.0307,2113.4102,1774048218846
binance,gate,FUNUSDT,0.00138700,0.0307,2113.4102,1774048219154
binance,gate,FUNUSDT,0.00138700,0.0307,2113.4102,1774048219464
binance,gate,FUNUSDT,0.00138700,0.0307,2113.4102,1774048219774
binance,gate,FUNUSDT,0.00138700,0.0307,2113.4102,1774048220091
binance,gate,FUNUSDT,0.00138700,0.0307,2113.4102,1774048220391
binance,gate,FUNUSDT,0.00138700,0.0307,2113.4102,1774048220691
binance,gate,FUNUSDT,0.00138700,0.0307,2113.4102,1774048220991
binance,gate,FUNUSDT,0.00138700,0.0307,2113.4102,1774048221292
binance,gate,FUNUSDT,0.00138700,0.0307,2113.4102,1774048221592
binance,gate,FUNUSDT,0.00138700,0.0307,2113.4102,1774048221892
binance,gate,FUNUSDT,0.00138700,0.0307,2113.4102,1774048222192
binance,gate,FUNUSDT,0.00138700,0.0307,2113.4102,1774048222492
binance,gate,FUNUSDT,0.00138700,0.0307,2113.4102,1774048222792
binance,gate,FUNUSDT,0.00138700,0.0307,2113.4102,1774048223092
binance,gate,FUNUSDT,0.00138700,0.0307,2113.4102,1774048223402
binance,gate,FUNUSDT,0.00138700,0.0307,2113.4102,1774048223714
binance,gate,FUNUSDT,0.00138700,0.0307,2113.4102,1774048224031
binance,gate,FUNUSDT,0.00138700,0.0307,2113.4102,1774048224346
binance,gate,FUNUSDT,0.00138700,0.0307,2113.4102,1774048224658
binance,gate,FUNUSDT,0.00138700,0.0307,2113.4102,1774048224967
binance,gate,FUNUSDT,0.00138700,0.0307,2113.4102,1774048225281
binance,gate,FUNUSDT,0.00138700,0.0307,2113.4102,1774048225597
binance,gate,FUNUSDT,0.00138700,0.0307,2113.4102,1774048225913
binance,gate,FUNUSDT,0.00138700,0.0307,2113.4102,1774048226223
binance,gate,FUNUSDT,0.00138700,0.0307,2113.4102,1774048226532
binance,gate,FUNUSDT,0.00138600,0.0307,2115.0072,1774048226853
binance,gate,FUNUSDT,0.00138600,0.0307,2115.0072,1774048227166
binance,gate,FUNUSDT,0.00138600,0.0307,2115.0072,1774048227470
binance,gate,FUNUSDT,0.00138600,0.0307,2115.0072,1774048227777
binance,gate,FUNUSDT,0.00138600,0.0307,2115.0072,1774048228084
binance,gate,FUNUSDT,0.00138600,0.0307,2115.0072,1774048228390
binance,gate,FUNUSDT,0.00138600,0.0307,2115.0072,1774048228691
binance,gate,FUNUSDT,0.00138600,0.0307,2115.0072,1774048228993
binance,gate,FUNUSDT,0.00138600,0.0307,2115.0072,1774048229295
binance,gate,FUNUSDT,0.00138600,0.0307,2115.0072,1774048229597
binance,gate,FUNUSDT,0.00138600,0.0307,2115.0072,1774048229901
binance,gate,FUNUSDT,0.00138600,0.0307,2115.0072,1774048230207
binance,gate,FUNUSDT,0.00138600,0.0307,2115.0072,1774048230509
binance,gate,FUNUSDT,0.00138600,0.0307,2115.0072,1774048230809
binance,gate,FUNUSDT,0.00138600,0.0307,2115.0072,1774048231109
binance,gate,FUNUSDT,0.00138600,0.0307,2115.0072,1774048231418
binance,gate,FUNUSDT,0.00138600,0.0307,2115.0072,1774048231727
binance,gate,FUNUSDT,0.00138600,0.0307,2115.0072,1774048232043
binance,gate,FUNUSDT,0.00138600,0.0307,2115.0072,1774048232356
binance,gate,FUNUSDT,0.00138600,0.0307,2115.0072,1774048232670
binance,gate,FUNUSDT,0.00138600,0.0307,2115.0072,1774048232975
binance,gate,FUNUSDT,0.00138600,0.0307,2115.0072,1774048233284
binance,gate,FUNUSDT,0.00138600,0.0307,2115.0072,1774048233590
binance,gate,FUNUSDT,0.00138600,0.0307,2115.0072,1774048233899
binance,gate,FUNUSDT,0.00138600,0.0307,2115.0072,1774048234217
binance,gate,FUNUSDT,0.00138600,0.0307,2115.0072,1774048234522
binance,gate,FUNUSDT,0.00138600,0.0307,2115.0072,1774048234832
binance,gate,FUNUSDT,0.00138600,0.0307,2115.0072,1774048235138
binance,gate,FUNUSDT,0.00138600,0.0307,2115.0072,1774048235441
binance,gate,FUNUSDT,0.00138600,0.0307,2115.0072,1774048235742
binance,gate,FUNUSDT,0.00138600,0.0307,2115.0072,1774048236043
binance,gate,FUNUSDT,0.00138600,0.0307,2115.0072,1774048236344
binance,gate,FUNUSDT,0.00138600,0.0307,2115.0072,1774048236644
binance,gate,FUNUSDT,0.00138600,0.0307,2115.0072,1774048236945
binance,gate,FUNUSDT,0.00138600,0.0307,2115.0072,1774048237246
binance,gate,FUNUSDT,0.00138600,0.0307,2115.0072,1774048237548
binance,gate,FUNUSDT,0.00138600,0.0307,2115.0072,1774048237852
binance,gate,FUNUSDT,0.00138600,0.0307,2115.0072,1774048238170
binance,gate,FUNUSDT,0.00138600,0.0307,2115.0072,1774048238472
binance,gate,FUNUSDT,0.00138600,0.0307,2115.0072,1774048238772
binance,gate,FUNUSDT,0.00138600,0.0307,2115.0072,1774048239072
binance,gate,FUNUSDT,0.00138600,0.0307,2115.0072,1774048239373
binance,gate,FUNUSDT,0.00138600,0.0307,2115.0072,1774048239688
binance,gate,FUNUSDT,0.00138600,0.0307,2115.0072,1774048239992
binance,gate,FUNUSDT,0.00138600,0.0307,2115.0072,1774048240304
binance,gate,FUNUSDT,0.00138600,0.0307,2115.0072,1774048240611
binance,gate,FUNUSDT,0.00138600,0.0307,2115.0072,1774048240912
binance,gate,FUNUSDT,0.00138600,0.0307,2115.0072,1774048241212
binance,gate,FUNUSDT,0.00138600,0.0307,2115.0072,1774048241512
binance,gate,FUNUSDT,0.00138600,0.0307,2115.0072,1774048241814
binance,gate,FUNUSDT,0.00138600,0.0307,2115.0072,1774048242116
binance,gate,FUNUSDT,0.00138600,0.0307,2115.0072,1774048242416
binance,gate,FUNUSDT,0.00138600,0.0307,2115.0072,1774048242728
binance,gate,FUNUSDT,0.00138600,0.0307,2115.0072,1774048243039
binance,gate,FUNUSDT,0.00138600,0.0307,2115.0072,1774048243340
binance,gate,FUNUSDT,0.00138600,0.0307,2115.0072,1774048243650
binance,gate,FUNUSDT,0.00138600,0.0307,2115.0072,1774048243962
binance,gate,FUNUSDT,0.00138600,0.0307,2115.0072,1774048244262
binance,gate,FUNUSDT,0.00138600,0.0307,2115.0072,1774048244572
binance,gate,FUNUSDT,0.00138600,0.0307,2115.0072,1774048244883
binance,gate,FUNUSDT,0.00138600,0.0307,2115.0072,1774048245195
binance,gate,FUNUSDT,0.00138600,0.0307,2115.0072,1774048245507
binance,gate,FUNUSDT,0.00138600,0.0307,2115.0072,1774048245819
binance,gate,FUNUSDT,0.00138600,0.0307,2115.0072,1774048246120
binance,gate,FUNUSDT,0.00138600,0.0307,2115.0072,1774048246427
binance,gate,FUNUSDT,0.00138600,0.0307,2115.0072,1774048246733
binance,gate,FUNUSDT,0.00138600,0.0307,2115.0072,1774048247036
binance,gate,FUNUSDT,0.00138600,0.0307,2115.0072,1774048247337
binance,gate,FUNUSDT,0.00138600,0.0307,2115.0072,1774048247639
binance,gate,FUNUSDT,0.00138600,0.0307,2115.0072,1774048247940
binance,gate,FUNUSDT,0.00138600,0.0307,2115.0072,1774048248254
binance,gate,FUNUSDT,0.00138600,0.0307,2115.0072,1774048248567
binance,gate,FUNUSDT,0.00138600,0.0307,2115.0072,1774048248873
binance,gate,FUNUSDT,0.00138600,0.0307,2115.0072,1774048249174
binance,gate,FUNUSDT,0.00138600,0.0307,2115.0072,1774048249485
binance,gate,FUNUSDT,0.00138600,0.0307,2115.0072,1774048249786
binance,gate,FUNUSDT,0.00138600,0.0307,2115.0072,1774048250086
binance,gate,FUNUSDT,0.00138600,0.0307,2115.0072,1774048250386
binance,gate,FUNUSDT,0.00138600,0.0307,2115.0072,1774048250687
binance,gate,FUNUSDT,0.00138600,0.0307,2115.0072,1774048250987
binance,gate,FUNUSDT,0.00138600,0.0307,2115.0072,1774048251287
binance,gate,FUNUSDT,0.00138600,0.0307,2115.0072,1774048251587
binance,gate,FUNUSDT,0.00138600,0.0307,2115.0072,1774048251888
binance,gate,FUNUSDT,0.00138600,0.0307,2115.0072,1774048252188
binance,gate,FUNUSDT,0.00138600,0.0307,2115.0072,1774048252488
binance,gate,FUNUSDT,0.00138600,0.0307,2115.0072,1774048252788
binance,gate,FUNUSDT,0.00138300,0.0307,2119.812,1774048253088
binance,gate,FUNUSDT,0.00138300,0.0307,2119.812,1774048253389
binance,gate,FUNUSDT,0.00138300,0.0307,2119.812,1774048253689
binance,gate,FUNUSDT,0.00138300,0.0307,2119.812,1774048253990
binance,gate,FUNUSDT,0.00138300,0.0307,2119.812,1774048254290
binance,gate,FUNUSDT,0.00138300,0.0307,2119.812,1774048254590
binance,gate,FUNUSDT,0.00138300,0.0307,2119.812,1774048254890
binance,gate,FUNUSDT,0.00138300,0.0307,2119.812,1774048255190
binance,gate,FUNUSDT,0.00138300,0.0307,2119.812,1774048255491
binance,gate,FUNUSDT,0.00138300,0.0307,2119.812,1774048255791
binance,gate,FUNUSDT,0.00138300,0.0307,2119.812,1774048256091
binance,gate,FUNUSDT,0.00138300,0.0307,2119.812,1774048256391
binance,gate,FUNUSDT,0.00138300,0.0307,2119.812,1774048256691
binance,gate,FUNUSDT,0.00138300,0.0307,2119.812,1774048256991
binance,gate,FUNUSDT,0.00138300,0.0307,2119.812,1774048257304
binance,gate,FUNUSDT,0.00138300,0.0307,2119.812,1774048257618
binance,gate,FUNUSDT,0.00138300,0.0307,2119.812,1774048257919
binance,gate,FUNUSDT,0.00138300,0.0307,2119.812,1774048258222
binance,gate,FUNUSDT,0.00138300,0.0307,2119.812,1774048258528
binance,gate,FUNUSDT,0.00138300,0.0307,2119.812,1774048258836
binance,gate,FUNUSDT,0.00138300,0.0307,2119.812,1774048259137
binance,gate,FUNUSDT,0.00138300,0.0307,2119.812,1774048259441
binance,gate,FUNUSDT,0.00138300,0.0307,2119.812,1774048259741
binance,gate,FUNUSDT,0.00138300,0.0307,2119.812,1774048260041
binance,gate,FUNUSDT,0.00138300,0.0307,2119.812,1774048260349
binance,gate,FUNUSDT,0.00138300,0.0307,2119.812,1774048260658
binance,gate,FUNUSDT,0.00138300,0.0307,2119.812,1774048260971
binance,gate,FUNUSDT,0.00138300,0.0307,2119.812,1774048261284
binance,gate,FUNUSDT,0.00138300,0.0307,2119.812,1774048261595
binance,gate,FUNUSDT,0.00138300,0.0307,2119.812,1774048261905
binance,gate,FUNUSDT,0.00138300,0.0307,2119.812,1774048262221
binance,gate,FUNUSDT,0.00138300,0.0307,2119.812,1774048262536
binance,gate,FUNUSDT,0.00138300,0.0307,2119.812,1774048262849
binance,gate,FUNUSDT,0.00138300,0.0307,2119.812,1774048263156
binance,gate,FUNUSDT,0.00138300,0.0307,2119.812,1774048263470
binance,gate,FUNUSDT,0.00138300,0.0307,2119.812,1774048263788
binance,gate,FUNUSDT,0.00138300,0.0307,2119.812,1774048264105
binance,gate,FUNUSDT,0.00138300,0.0307,2119.812,1774048264419
binance,gate,FUNUSDT,0.00138300,0.0307,2119.812,1774048264731
binance,gate,FUNUSDT,0.00138300,0.0307,2119.812,1774048265045
binance,gate,FUNUSDT,0.00138300,0.0307,2119.812,1774048265360
binance,gate,FUNUSDT,0.00138300,0.0307,2119.812,1774048265666
binance,gate,FUNUSDT,0.00138300,0.0307,2119.812,1774048265974
binance,gate,FUNUSDT,0.00138300,0.0307,2119.812,1774048266281
binance,gate,FUNUSDT,0.00138300,0.0307,2119.812,1774048266601
binance,gate,FUNUSDT,0.00138300,0.0307,2119.812,1774048266910
binance,gate,FUNUSDT,0.00138300,0.0307,2119.812,1774048267224
binance,gate,FUNUSDT,0.00138300,0.0307,2119.812,1774048267534
binance,gate,FUNUSDT,0.00138300,0.0307,2119.812,1774048267844
binance,gate,FUNUSDT,0.00138300,0.0307,2119.812,1774048268151
binance,gate,FUNUSDT,0.00138300,0.0307,2119.812,1774048268462
binance,gate,FUNUSDT,0.00138300,0.0307,2119.812,1774048268773
binance,gate,FUNUSDT,0.00138300,0.0307,2119.812,1774048269079
binance,gate,FUNUSDT,0.00138300,0.0307,2119.812,1774048269399
binance,gate,FUNUSDT,0.00138300,0.0307,2119.812,1774048269707
binance,gate,FUNUSDT,0.00138300,0.0307,2119.812,1774048270019
binance,gate,FUNUSDT,0.00138300,0.0307,2119.812,1774048270325
binance,gate,FUNUSDT,0.00138300,0.0307,2119.812,1774048270632
binance,gate,FUNUSDT,0.00138300,0.0307,2119.812,1774048270935
binance,gate,FUNUSDT,0.00138300,0.0307,2119.812,1774048271252
binance,gate,FUNUSDT,0.00138300,0.0307,2119.812,1774048271561
binance,gate,FUNUSDT,0.00138300,0.0307,2119.812,1774048271867
binance,gate,FUNUSDT,0.00138300,0.0307,2119.812,1774048272175
binance,gate,FUNUSDT,0.00138300,0.0307,2119.812,1774048272476
binance,gate,FUNUSDT,0.00138300,0.0307,2119.812,1774048272783
binance,gate,FUNUSDT,0.00138300,0.0307,2119.812,1774048273083
binance,gate,FUNUSDT,0.00138300,0.0307,2119.812,1774048273383
binance,gate,FUNUSDT,0.00138300,0.0307,2119.812,1774048273684
binance,gate,FUNUSDT,0.00138300,0.0307,2119.812,1774048273984
binance,gate,FUNUSDT,0.00138300,0.0307,2119.812,1774048274284
binance,gate,FUNUSDT,0.00138300,0.0307,2119.812,1774048274584
binance,gate,FUNUSDT,0.00138300,0.0307,2119.812,1774048274885
binance,gate,FUNUSDT,0.00138300,0.0307,2119.812,1774048275185
binance,gate,FUNUSDT,0.00138300,0.0307,2119.812,1774048275485
binance,gate,FUNUSDT,0.00138300,0.0307,2119.812,1774048275786
binance,gate,FUNUSDT,0.00138300,0.0307,2119.812,1774048276086
binance,gate,FUNUSDT,0.00138300,0.0307,2119.812,1774048276395
binance,gate,FUNUSDT,0.00138300,0.0307,2119.812,1774048276696
binance,gate,FUNUSDT,0.00138300,0.0307,2119.812,1774048276996
binance,gate,FUNUSDT,0.00138300,0.0307,2119.812,1774048277297
binance,gate,FUNUSDT,0.00138300,0.0307,2119.812,1774048277602
binance,gate,FUNUSDT,0.00138300,0.0307,2119.812,1774048277906
binance,gate,FUNUSDT,0.00138300,0.0307,2119.812,1774048278206
binance,gate,FUNUSDT,0.00138300,0.0307,2119.812,1774048278508
binance,gate,FUNUSDT,0.00138300,0.0307,2119.812,1774048278809
binance,gate,FUNUSDT,0.00138300,0.0307,2119.812,1774048279109
binance,gate,FUNUSDT,0.00138300,0.0307,2119.812,1774048279411
binance,gate,FUNUSDT,0.00138300,0.0307,2119.812,1774048279711
binance,gate,FUNUSDT,0.00138300,0.0307,2119.812,1774048280011
binance,gate,FUNUSDT,0.00138300,0.0307,2119.812,1774048280311
binance,gate,FUNUSDT,0.00138300,0.0307,2119.812,1774048280613
binance,gate,FUNUSDT,0.00138300,0.0307,2119.812,1774048280914
binance,gate,FUNUSDT,0.00138300,0.0307,2119.812,1774048281214
binance,gate,FUNUSDT,0.00138300,0.0307,2119.812,1774048281515
binance,gate,FUNUSDT,0.00138300,0.0307,2119.812,1774048281815
binance,gate,FUNUSDT,0.00138300,0.0307,2119.812,1774048282118
binance,gate,FUNUSDT,0.00138300,0.0307,2119.812,1774048282426
binance,gate,FUNUSDT,0.00138300,0.0307,2119.812,1774048282737
binance,gate,FUNUSDT,0.00138300,0.0307,2119.812,1774048283048
binance,gate,FUNUSDT,0.00138300,0.0307,2119.812,1774048283358
binance,gate,FUNUSDT,0.00138300,0.0307,2119.812,1774048283674
binance,gate,FUNUSDT,0.00138300,0.0307,2119.812,1774048283978
binance,gate,FUNUSDT,0.00138300,0.0307,2119.812,1774048284278
binance,gate,FUNUSDT,0.00138300,0.0307,2119.812,1774048284578
binance,gate,FUNUSDT,0.00138300,0.0307,2119.812,1774048284879
binance,gate,FUNUSDT,0.00138300,0.0307,2119.812,1774048285179
binance,gate,FUNUSDT,0.00138300,0.0307,2119.812,1774048285482
binance,gate,FUNUSDT,0.00138300,0.0307,2119.812,1774048285782
binance,gate,FUNUSDT,0.00138300,0.0307,2119.812,1774048286087
binance,gate,FUNUSDT,0.00138300,0.0307,2119.812,1774048286387
binance,gate,FUNUSDT,0.00138300,0.0307,2119.812,1774048286687
binance,gate,FUNUSDT,0.00138300,0.0307,2119.812,1774048286987
binance,gate,FUNUSDT,0.00138300,0.0307,2119.812,1774048287287
binance,gate,FUNUSDT,0.00138300,0.0307,2119.812,1774048287588
binance,gate,FUNUSDT,0.00138300,0.0307,2119.812,1774048287888
binance,gate,FUNUSDT,0.00138300,0.0307,2119.812,1774048288188
binance,gate,FUNUSDT,0.00138300,0.0307,2119.812,1774048288488
binance,gate,FUNUSDT,0.00138300,0.0307,2119.812,1774048288789
binance,gate,FUNUSDT,0.00138300,0.0307,2119.812,1774048289089
binance,gate,FUNUSDT,0.00138300,0.0307,2119.812,1774048289389
binance,gate,FUNUSDT,0.00138300,0.0307,2119.812,1774048289689
binance,gate,FUNUSDT,0.00138300,0.0307,2119.812,1774048289990
binance,gate,FUNUSDT,0.00138300,0.0307,2119.812,1774048290290
binance,gate,FUNUSDT,0.00138300,0.0307,2119.812,1774048290590
binance,gate,FUNUSDT,0.00138300,0.0307,2119.812,1774048290894
binance,gate,FUNUSDT,0.00138300,0.0307,2119.812,1774048291212
binance,gate,FUNUSDT,0.00138300,0.0307,2119.812,1774048291524
binance,gate,FUNUSDT,0.00138300,0.0307,2119.812,1774048291837
binance,gate,FUNUSDT,0.00138300,0.0307,2119.812,1774048292150
binance,gate,FUNUSDT,0.00138300,0.0307,2119.812,1774048292457
binance,gate,FUNUSDT,0.00138300,0.0307,2119.812,1774048292760
binance,gate,FUNUSDT,0.00138300,0.0307,2119.812,1774048293091
binance,gate,FUNUSDT,0.00138300,0.0307,2119.812,1774048293403
binance,gate,FUNUSDT,0.00138300,0.0307,2119.812,1774048293714
binance,gate,FUNUSDT,0.00138300,0.0307,2119.812,1774048294025
binance,gate,FUNUSDT,0.00138300,0.0307,2119.812,1774048294338
binance,gate,FUNUSDT,0.00138300,0.0307,2119.812,1774048294650
binance,gate,FUNUSDT,0.00138300,0.0307,2119.812,1774048294951
binance,gate,FUNUSDT,0.00138300,0.0307,2119.812,1774048295251
binance,gate,FUNUSDT,0.00138300,0.0307,2119.812,1774048295552
binance,gate,FUNUSDT,0.00138300,0.0307,2119.812,1774048295852
binance,gate,FUNUSDT,0.00138300,0.0307,2119.812,1774048296153
binance,gate,FUNUSDT,0.00138300,0.0307,2119.812,1774048296453
binance,gate,FUNUSDT,0.00138300,0.0307,2119.812,1774048296755
binance,gate,FUNUSDT,0.00138300,0.0307,2119.812,1774048297055
binance,gate,FUNUSDT,0.00138300,0.0307,2119.812,1774048297355
binance,gate,FUNUSDT,0.00138300,0.0307,2119.812,1774048297657
binance,gate,FUNUSDT,0.00138300,0.0307,2119.812,1774048297957
binance,gate,FUNUSDT,0.00138300,0.0307,2119.812,1774048298258
binance,gate,FUNUSDT,0.00138300,0.0307,2119.812,1774048298561
binance,gate,FUNUSDT,0.00138300,0.0307,2119.812,1774048298861
binance,gate,FUNUSDT,0.00138300,0.0307,2119.812,1774048299161
binance,gate,FUNUSDT,0.00138300,0.0307,2119.812,1774048299462
binance,gate,FUNUSDT,0.00138300,0.0307,2119.812,1774048299762
binance,gate,FUNUSDT,0.00138300,0.0307,2119.812,1774048300062
binance,gate,FUNUSDT,0.00138300,0.0307,2119.812,1774048300363
binance,gate,FUNUSDT,0.00138300,0.0307,2119.812,1774048300663
binance,gate,FUNUSDT,0.00138300,0.0307,2119.812,1774048300963
binance,gate,FUNUSDT,0.00138300,0.0307,2119.812,1774048301263
binance,gate,FUNUSDT,0.00138300,0.0307,2119.812,1774048301563
binance,gate,FUNUSDT,0.00138300,0.0307,2119.812,1774048301863
binance,gate,FUNUSDT,0.00138300,0.0307,2119.812,1774048302163
binance,gate,FUNUSDT,0.00138300,0.0307,2119.812,1774048302464
binance,gate,FUNUSDT,0.00138300,0.0307,2119.812,1774048302764
binance,gate,FUNUSDT,0.00138300,0.0307,2119.812,1774048303064
binance,gate,FUNUSDT,0.00138300,0.0307,2119.812,1774048303364
binance,gate,FUNUSDT,0.00138300,0.0307,2119.812,1774048303664
binance,gate,FUNUSDT,0.00138300,0.0307,2119.812,1774048303970
binance,gate,FUNUSDT,0.00138300,0.0307,2119.812,1774048304271
binance,gate,FUNUSDT,0.00138300,0.0307,2119.812,1774048304571
binance,gate,FUNUSDT,0.00138300,0.0307,2119.812,1774048304871
binance,gate,FUNUSDT,0.00138300,0.0307,2119.812,1774048305181
binance,gate,FUNUSDT,0.00138300,0.0307,2119.812,1774048305487
binance,gate,FUNUSDT,0.00138300,0.0307,2119.812,1774048305787
binance,gate,FUNUSDT,0.00138300,0.0307,2119.812,1774048306087
binance,gate,FUNUSDT,0.00138300,0.0307,2119.812,1774048306387
binance,gate,FUNUSDT,0.00138300,0.0307,2119.812,1774048306688
binance,gate,FUNUSDT,0.00138300,0.0307,2119.812,1774048306989
binance,gate,FUNUSDT,0.00138300,0.0307,2119.812,1774048307289
binance,gate,FUNUSDT,0.00138300,0.0307,2119.812,1774048307589
binance,gate,FUNUSDT,0.00138300,0.0307,2119.812,1774048307889
binance,gate,FUNUSDT,0.00138300,0.0307,2119.812,1774048308190
binance,gate,FUNUSDT,0.00138300,0.0307,2119.812,1774048308490
binance,gate,FUNUSDT,0.00138300,0.0307,2119.812,1774048308790
binance,gate,FUNUSDT,0.00138300,0.0307,2119.812,1774048309090
binance,gate,FUNUSDT,0.00138300,0.0307,2119.812,1774048309390
binance,gate,FUNUSDT,0.00138300,0.0307,2119.812,1774048309690
binance,gate,FUNUSDT,0.00138300,0.0307,2119.812,1774048309990
binance,gate,FUNUSDT,0.00138300,0.03073,2121.9812,1774048310290
binance,gate,FUNUSDT,0.00138300,0.03073,2121.9812,1774048310591
binance,gate,FUNUSDT,0.00138300,0.03073,2121.9812,1774048310891
binance,gate,FUNUSDT,0.00138400,0.03073,2120.3757,1774048311191
binance,gate,FUNUSDT,0.00138300,0.03073,2121.9812,1774048311491
binance,gate,FUNUSDT,0.00138300,0.03073,2121.9812,1774048311792
binance,gate,FUNUSDT,0.00138300,0.03073,2121.9812,1774048312092
binance,gate,FUNUSDT,0.00138300,0.03073,2121.9812,1774048312392
binance,gate,FUNUSDT,0.00138300,0.03073,2121.9812,1774048312693
binance,gate,FUNUSDT,0.00138300,0.03073,2121.9812,1774048312993
binance,gate,FUNUSDT,0.00138300,0.03073,2121.9812,1774048313294
binance,gate,FUNUSDT,0.00138300,0.03073,2121.9812,1774048313596
binance,gate,FUNUSDT,0.00138300,0.03073,2121.9812,1774048313897
binance,gate,FUNUSDT,0.00138300,0.03073,2121.9812,1774048314197
binance,gate,FUNUSDT,0.00138300,0.03073,2121.9812,1774048314499
binance,gate,FUNUSDT,0.00138300,0.03073,2121.9812,1774048314802
binance,gate,FUNUSDT,0.00138300,0.03073,2121.9812,1774048315104
binance,gate,FUNUSDT,0.00138300,0.03073,2121.9812,1774048315411
binance,gate,FUNUSDT,0.00138300,0.03073,2121.9812,1774048315711
binance,gate,FUNUSDT,0.00138300,0.03073,2121.9812,1774048316011
binance,gate,FUNUSDT,0.00138300,0.03073,2121.9812,1774048316311
binance,gate,FUNUSDT,0.00138300,0.03073,2121.9812,1774048316613
binance,gate,FUNUSDT,0.00138300,0.03073,2121.9812,1774048316913
binance,gate,FUNUSDT,0.00138300,0.03073,2121.9812,1774048317214
binance,gate,FUNUSDT,0.00138300,0.03073,2121.9812,1774048317515
binance,gate,FUNUSDT,0.00138300,0.03073,2121.9812,1774048317815
binance,gate,FUNUSDT,0.00138300,0.03073,2121.9812,1774048318115
binance,gate,FUNUSDT,0.00138300,0.03073,2121.9812,1774048318416
binance,gate,FUNUSDT,0.00138300,0.03073,2121.9812,1774048318727
binance,gate,FUNUSDT,0.00138300,0.03073,2121.9812,1774048319038
binance,gate,FUNUSDT,0.00138300,0.03073,2121.9812,1774048319348
binance,gate,FUNUSDT,0.00138300,0.03073,2121.9812,1774048319660
binance,gate,FUNUSDT,0.00138300,0.03073,2121.9812,1774048319970
binance,gate,FUNUSDT,0.00138400,0.03073,2120.3757,1774048320281
binance,gate,FUNUSDT,0.00138400,0.03073,2120.3757,1774048320596
binance,gate,FUNUSDT,0.00138400,0.03073,2120.3757,1774048320911
binance,gate,FUNUSDT,0.00138400,0.03073,2120.3757,1774048321224
binance,gate,FUNUSDT,0.00138400,0.03073,2120.3757,1774048321532
binance,gate,FUNUSDT,0.00138400,0.03073,2120.3757,1774048321846
binance,gate,FUNUSDT,0.00138400,0.03073,2120.3757,1774048322157
binance,gate,FUNUSDT,0.00138400,0.03073,2120.3757,1774048322463
binance,gate,FUNUSDT,0.00138400,0.03073,2120.3757,1774048322779
binance,gate,FUNUSDT,0.00138400,0.03073,2120.3757,1774048323089
binance,gate,FUNUSDT,0.00138400,0.03073,2120.3757,1774048323429
binance,gate,FUNUSDT,0.00138400,0.03073,2120.3757,1774048323737
binance,gate,FUNUSDT,0.00138400,0.03073,2120.3757,1774048324052
binance,gate,FUNUSDT,0.00138400,0.03073,2120.3757,1774048324362
binance,gate,FUNUSDT,0.00138400,0.03073,2120.3757,1774048324670
binance,gate,FUNUSDT,0.00138400,0.03073,2120.3757,1774048324980
binance,gate,FUNUSDT,0.00138400,0.03073,2120.3757,1774048325285
binance,gate,FUNUSDT,0.00138400,0.03073,2120.3757,1774048325590
binance,gate,FUNUSDT,0.00138400,0.03073,2120.3757,1774048325894
binance,gate,FUNUSDT,0.00138400,0.03073,2120.3757,1774048326203
binance,gate,FUNUSDT,0.00138400,0.03073,2120.3757,1774048326516
binance,gate,FUNUSDT,0.00138400,0.03073,2120.3757,1774048326829
binance,gate,FUNUSDT,0.00138400,0.03073,2120.3757,1774048327144
binance,gate,FUNUSDT,0.00138400,0.03073,2120.3757,1774048327459
binance,gate,FUNUSDT,0.00138400,0.03073,2120.3757,1774048327776
binance,gate,FUNUSDT,0.00138400,0.03073,2120.3757,1774048328090
binance,gate,FUNUSDT,0.00138400,0.03073,2120.3757,1774048328407
binance,gate,FUNUSDT,0.00138400,0.03073,2120.3757,1774048328715
binance,gate,FUNUSDT,0.00138400,0.03073,2120.3757,1774048329026
binance,gate,FUNUSDT,0.00138400,0.03073,2120.3757,1774048329334
binance,gate,FUNUSDT,0.00138400,0.03073,2120.3757,1774048329640
binance,gate,FUNUSDT,0.00138400,0.03073,2120.3757,1774048329951
binance,gate,FUNUSDT,0.00138400,0.03073,2120.3757,1774048330263
binance,gate,FUNUSDT,0.00138400,0.03072,2119.6532,1774048330574
binance,gate,FUNUSDT,0.00138400,0.03072,2119.6532,1774048330885
binance,gate,FUNUSDT,0.00138400,0.03072,2119.6532,1774048331198
binance,gate,FUNUSDT,0.00138400,0.03073,2120.3757,1774048331506
binance,gate,FUNUSDT,0.00138400,0.03073,2120.3757,1774048331821
binance,gate,FUNUSDT,0.00138400,0.03073,2120.3757,1774048332133
binance,gate,FUNUSDT,0.00138400,0.03073,2120.3757,1774048332450
binance,gate,FUNUSDT,0.00138400,0.03073,2120.3757,1774048332754
binance,gate,FUNUSDT,0.00138400,0.03073,2120.3757,1774048333068
binance,gate,FUNUSDT,0.00138400,0.03073,2120.3757,1774048333380
binance,gate,FUNUSDT,0.00138400,0.03073,2120.3757,1774048333695
binance,gate,FUNUSDT,0.00138400,0.03073,2120.3757,1774048334004
binance,gate,FUNUSDT,0.00138400,0.03073,2120.3757,1774048334317
binance,gate,FUNUSDT,0.00138400,0.03073,2120.3757,1774048334625
binance,gate,FUNUSDT,0.00138400,0.03073,2120.3757,1774048334935
binance,gate,FUNUSDT,0.00138400,0.03073,2120.3757,1774048335250
binance,gate,FUNUSDT,0.00138400,0.03073,2120.3757,1774048335560
binance,gate,FUNUSDT,0.00138400,0.03073,2120.3757,1774048335874
binance,gate,FUNUSDT,0.00138400,0.03073,2120.3757,1774048336181
binance,gate,FUNUSDT,0.00138400,0.03073,2120.3757,1774048336488
binance,gate,FUNUSDT,0.00138400,0.03073,2120.3757,1774048336795
binance,gate,FUNUSDT,0.00138400,0.03073,2120.3757,1774048337103
binance,gate,FUNUSDT,0.00138400,0.03073,2120.3757,1774048337417
binance,gate,FUNUSDT,0.00138400,0.03073,2120.3757,1774048337724
binance,gate,FUNUSDT,0.00138400,0.03073,2120.3757,1774048338033
binance,gate,FUNUSDT,0.00138400,0.03073,2120.3757,1774048338340
binance,gate,FUNUSDT,0.00138400,0.03073,2120.3757,1774048338643
binance,gate,FUNUSDT,0.00138400,0.03073,2120.3757,1774048338943
binance,gate,FUNUSDT,0.00138400,0.03073,2120.3757,1774048339243
binance,gate,FUNUSDT,0.00138400,0.03073,2120.3757,1774048339543
binance,gate,FUNUSDT,0.00138400,0.03073,2120.3757,1774048339844
binance,gate,FUNUSDT,0.00138400,0.03073,2120.3757,1774048340144
binance,gate,FUNUSDT,0.00138400,0.03073,2120.3757,1774048340444
binance,gate,FUNUSDT,0.00138400,0.03073,2120.3757,1774048340744
binance,gate,FUNUSDT,0.00138400,0.03076,2122.5434,1774048341044
binance,gate,FUNUSDT,0.00138400,0.03076,2122.5434,1774048341345
binance,gate,FUNUSDT,0.00138400,0.03076,2122.5434,1774048341645
binance,gate,FUNUSDT,0.00138400,0.03076,2122.5434,1774048341946
binance,gate,FUNUSDT,0.00138400,0.03076,2122.5434,1774048342246
binance,gate,FUNUSDT,0.00138400,0.03076,2122.5434,1774048342546
binance,gate,FUNUSDT,0.00138400,0.03076,2122.5434,1774048342846
binance,gate,FUNUSDT,0.00138400,0.03076,2122.5434,1774048343147
binance,gate,FUNUSDT,0.00138400,0.03076,2122.5434,1774048343449
binance,gate,FUNUSDT,0.00138400,0.03076,2122.5434,1774048343749
binance,gate,FUNUSDT,0.00138400,0.03076,2122.5434,1774048344049
binance,gate,FUNUSDT,0.00138400,0.03076,2122.5434,1774048344349
binance,gate,FUNUSDT,0.00138400,0.03076,2122.5434,1774048344649
binance,gate,FUNUSDT,0.00138400,0.03076,2122.5434,1774048344950
binance,gate,FUNUSDT,0.00138400,0.03076,2122.5434,1774048345250
binance,gate,FUNUSDT,0.00138400,0.03075,2121.8208,1774048345551
binance,gate,FUNUSDT,0.00138400,0.03075,2121.8208,1774048345851
binance,gate,FUNUSDT,0.00138400,0.03076,2122.5434,1774048346151
binance,gate,FUNUSDT,0.00138400,0.03076,2122.5434,1774048346451
binance,gate,FUNUSDT,0.00138400,0.03076,2122.5434,1774048346751
binance,gate,FUNUSDT,0.00138400,0.03076,2122.5434,1774048347052
binance,gate,FUNUSDT,0.00138400,0.03076,2122.5434,1774048347352
binance,gate,FUNUSDT,0.00138400,0.03076,2122.5434,1774048347652
binance,gate,FUNUSDT,0.00138400,0.03076,2122.5434,1774048347985
binance,gate,FUNUSDT,0.00138400,0.03076,2122.5434,1774048348295
binance,gate,FUNUSDT,0.00138400,0.03076,2122.5434,1774048348605
binance,gate,FUNUSDT,0.00138400,0.03076,2122.5434,1774048348919
binance,gate,FUNUSDT,0.00138400,0.03076,2122.5434,1774048349241
binance,gate,FUNUSDT,0.00138400,0.03076,2122.5434,1774048349554
binance,gate,FUNUSDT,0.00138400,0.03075,2121.8208,1774048349870
binance,gate,FUNUSDT,0.00138400,0.03075,2121.8208,1774048350181
binance,gate,FUNUSDT,0.00138400,0.03075,2121.8208,1774048350496
binance,gate,FUNUSDT,0.00138400,0.03076,2122.5434,1774048350812
binance,gate,FUNUSDT,0.00138400,0.03076,2122.5434,1774048351123
binance,gate,FUNUSDT,0.00138400,0.03076,2122.5434,1774048351434
binance,gate,FUNUSDT,0.00138400,0.03076,2122.5434,1774048351742
binance,gate,FUNUSDT,0.00138400,0.03076,2122.5434,1774048352053
binance,gate,FUNUSDT,0.00138400,0.03076,2122.5434,1774048352363
binance,gate,FUNUSDT,0.00138400,0.03076,2122.5434,1774048352689
binance,gate,FUNUSDT,0.00138400,0.03076,2122.5434,1774048353004
binance,gate,FUNUSDT,0.00138400,0.03076,2122.5434,1774048353313
binance,gate,FUNUSDT,0.00138400,0.03076,2122.5434,1774048353623
binance,gate,FUNUSDT,0.00138400,0.03076,2122.5434,1774048353932
binance,gate,FUNUSDT,0.00138400,0.03076,2122.5434,1774048354243
binance,gate,FUNUSDT,0.00138400,0.03076,2122.5434,1774048354557
binance,gate,FUNUSDT,0.00138400,0.03076,2122.5434,1774048354871
binance,gate,FUNUSDT,0.00138400,0.03076,2122.5434,1774048355184
binance,gate,FUNUSDT,0.00138400,0.03076,2122.5434,1774048355499
binance,gate,FUNUSDT,0.00138400,0.03076,2122.5434,1774048355807
binance,gate,FUNUSDT,0.00138400,0.03076,2122.5434,1774048356133
binance,gate,FUNUSDT,0.00138400,0.03076,2122.5434,1774048356447
binance,gate,FUNUSDT,0.00138400,0.03076,2122.5434,1774048356759
binance,gate,FUNUSDT,0.00138400,0.03076,2122.5434,1774048357066
binance,gate,FUNUSDT,0.00138400,0.03076,2122.5434,1774048357383
binance,gate,FUNUSDT,0.00138400,0.03076,2122.5434,1774048357691
binance,gate,FUNUSDT,0.00138400,0.03076,2122.5434,1774048357996
binance,gate,FUNUSDT,0.00138400,0.03076,2122.5434,1774048358307
binance,gate,FUNUSDT,0.00138400,0.03076,2122.5434,1774048358616
binance,gate,FUNUSDT,0.00138400,0.03076,2122.5434,1774048358924
binance,gate,FUNUSDT,0.00138400,0.03076,2122.5434,1774048359238
binance,gate,FUNUSDT,0.00138400,0.03076,2122.5434,1774048359550
binance,gate,FUNUSDT,0.00138400,0.03076,2122.5434,1774048359864
binance,gate,FUNUSDT,0.00138400,0.03076,2122.5434,1774048360168
binance,gate,FUNUSDT,0.00138400,0.03076,2122.5434,1774048360474
binance,gate,FUNUSDT,0.00138400,0.03076,2122.5434,1774048360775
binance,gate,FUNUSDT,0.00138400,0.03076,2122.5434,1774048361075
binance,gate,FUNUSDT,0.00138400,0.03076,2122.5434,1774048361375
binance,gate,FUNUSDT,0.00138400,0.03076,2122.5434,1774048361676
binance,gate,FUNUSDT,0.00138400,0.03076,2122.5434,1774048361986
binance,gate,FUNUSDT,0.00138400,0.03076,2122.5434,1774048362295
binance,gate,FUNUSDT,0.00138400,0.03076,2122.5434,1774048362610
binance,gate,FUNUSDT,0.00138400,0.03076,2122.5434,1774048362922
binance,gate,FUNUSDT,0.00138400,0.03076,2122.5434,1774048363233
binance,gate,FUNUSDT,0.00138400,0.03076,2122.5434,1774048363536
binance,gate,FUNUSDT,0.00138400,0.03076,2122.5434,1774048363847
binance,gate,FUNUSDT,0.00138400,0.03076,2122.5434,1774048364161
binance,gate,FUNUSDT,0.00138400,0.03076,2122.5434,1774048364466
binance,gate,FUNUSDT,0.00138400,0.03076,2122.5434,1774048364766
binance,gate,FUNUSDT,0.00138400,0.03076,2122.5434,1774048365066
binance,gate,FUNUSDT,0.00138400,0.03076,2122.5434,1774048365366
binance,gate,FUNUSDT,0.00138400,0.03076,2122.5434,1774048365666
binance,gate,FUNUSDT,0.00138400,0.03076,2122.5434,1774048365966
binance,gate,FUNUSDT,0.00138400,0.03076,2122.5434,1774048366267
binance,gate,FUNUSDT,0.00138400,0.03076,2122.5434,1774048366576
binance,gate,FUNUSDT,0.00138400,0.03076,2122.5434,1774048366878
binance,gate,FUNUSDT,0.00138400,0.03076,2122.5434,1774048367179
binance,gate,FUNUSDT,0.00138400,0.03076,2122.5434,1774048367479
binance,gate,FUNUSDT,0.00138400,0.03076,2122.5434,1774048367779
binance,gate,FUNUSDT,0.00138400,0.03076,2122.5434,1774048368079
binance,gate,FUNUSDT,0.00138400,0.03076,2122.5434,1774048368379
binance,gate,FUNUSDT,0.00138400,0.03076,2122.5434,1774048368679
binance,gate,FUNUSDT,0.00138400,0.03076,2122.5434,1774048368980
binance,gate,FUNUSDT,0.00138400,0.03076,2122.5434,1774048369283
binance,gate,FUNUSDT,0.00138400,0.03076,2122.5434,1774048369583
binance,gate,FUNUSDT,0.00138400,0.03076,2122.5434,1774048369884
binance,gate,FUNUSDT,0.00138400,0.03076,2122.5434,1774048370184
binance,gate,FUNUSDT,0.00138400,0.03076,2122.5434,1774048370484
binance,gate,FUNUSDT,0.00138400,0.03076,2122.5434,1774048370784
binance,gate,FUNUSDT,0.00138400,0.03076,2122.5434,1774048371084
binance,gate,FUNUSDT,0.00138400,0.03076,2122.5434,1774048371384
binance,gate,FUNUSDT,0.00138400,0.03076,2122.5434,1774048371684
binance,gate,FUNUSDT,0.00138400,0.03076,2122.5434,1774048371984
binance,gate,FUNUSDT,0.00138400,0.03076,2122.5434,1774048372285
binance,gate,FUNUSDT,0.00138400,0.03076,2122.5434,1774048372585
binance,gate,FUNUSDT,0.00138400,0.03076,2122.5434,1774048372885
binance,gate,FUNUSDT,0.00138400,0.03076,2122.5434,1774048373186
binance,gate,FUNUSDT,0.00138400,0.03076,2122.5434,1774048373486
binance,gate,FUNUSDT,0.00138400,0.03076,2122.5434,1774048373786
binance,gate,FUNUSDT,0.00138400,0.03076,2122.5434,1774048374094
binance,gate,FUNUSDT,0.00138400,0.03076,2122.5434,1774048374394
binance,gate,FUNUSDT,0.00138400,0.03076,2122.5434,1774048374694
binance,gate,FUNUSDT,0.00138400,0.03076,2122.5434,1774048374995
binance,gate,FUNUSDT,0.00138400,0.03076,2122.5434,1774048375297
binance,gate,FUNUSDT,0.00138400,0.03076,2122.5434,1774048375598
binance,gate,FUNUSDT,0.00138400,0.03076,2122.5434,1774048375901
binance,gate,FUNUSDT,0.00138400,0.03076,2122.5434,1774048376204
binance,gate,FUNUSDT,0.00138400,0.03076,2122.5434,1774048376505
binance,gate,FUNUSDT,0.00138400,0.03076,2122.5434,1774048376808
binance,gate,FUNUSDT,0.00138400,0.03076,2122.5434,1774048377109
binance,gate,FUNUSDT,0.00138400,0.03076,2122.5434,1774048377409
binance,gate,FUNUSDT,0.00138400,0.03076,2122.5434,1774048377709
binance,gate,FUNUSDT,0.00138400,0.03076,2122.5434,1774048378010
binance,gate,FUNUSDT,0.00138400,0.03076,2122.5434,1774048378310
binance,gate,FUNUSDT,0.00138400,0.03076,2122.5434,1774048378611
binance,gate,FUNUSDT,0.00138400,0.03076,2122.5434,1774048378912
binance,gate,FUNUSDT,0.00138400,0.03076,2122.5434,1774048379212
binance,gate,FUNUSDT,0.00138400,0.03076,2122.5434,1774048379513
binance,gate,FUNUSDT,0.00138400,0.03076,2122.5434,1774048379813
binance,gate,FUNUSDT,0.00138400,0.03076,2122.5434,1774048380123
binance,gate,FUNUSDT,0.00138400,0.03076,2122.5434,1774048380437
binance,gate,FUNUSDT,0.00138400,0.03076,2122.5434,1774048380748
binance,gate,FUNUSDT,0.00138300,0.03076,2124.1504,1774048381056
binance,gate,FUNUSDT,0.00138200,0.03076,2125.7598,1774048381370
binance,gate,FUNUSDT,0.00138200,0.03076,2125.7598,1774048381679
binance,gate,FUNUSDT,0.00138200,0.03076,2125.7598,1774048381986
binance,gate,FUNUSDT,0.00138200,0.03076,2125.7598,1774048382296
binance,gate,FUNUSDT,0.00138200,0.03076,2125.7598,1774048382602
binance,gate,FUNUSDT,0.00138200,0.03076,2125.7598,1774048382907
binance,gate,FUNUSDT,0.00138200,0.03076,2125.7598,1774048383223
binance,gate,FUNUSDT,0.00138200,0.03076,2125.7598,1774048383532
binance,gate,FUNUSDT,0.00138200,0.03076,2125.7598,1774048383843
binance,gate,FUNUSDT,0.00138200,0.03076,2125.7598,1774048384147
binance,gate,FUNUSDT,0.00138200,0.03076,2125.7598,1774048384447
binance,gate,FUNUSDT,0.00138200,0.03076,2125.7598,1774048384748
binance,gate,FUNUSDT,0.00138200,0.03076,2125.7598,1774048385048
binance,gate,FUNUSDT,0.00138200,0.03076,2125.7598,1774048385349
binance,gate,FUNUSDT,0.00138200,0.03076,2125.7598,1774048385649
binance,gate,FUNUSDT,0.00138200,0.03076,2125.7598,1774048385949
binance,gate,FUNUSDT,0.00138200,0.03076,2125.7598,1774048386249
binance,gate,FUNUSDT,0.00138200,0.03076,2125.7598,1774048386551
binance,gate,FUNUSDT,0.00138200,0.03076,2125.7598,1774048386851
binance,gate,FUNUSDT,0.00138200,0.03076,2125.7598,1774048387151
binance,gate,FUNUSDT,0.00138200,0.03076,2125.7598,1774048387463
binance,gate,FUNUSDT,0.00138200,0.03076,2125.7598,1774048387777
binance,gate,FUNUSDT,0.00138200,0.03076,2125.7598,1774048388085
binance,gate,FUNUSDT,0.00138200,0.03076,2125.7598,1774048388393
binance,gate,FUNUSDT,0.00138200,0.03076,2125.7598,1774048388711
binance,gate,FUNUSDT,0.00138200,0.03076,2125.7598,1774048389028
binance,gate,FUNUSDT,0.00138200,0.03076,2125.7598,1774048389341
binance,gate,FUNUSDT,0.00138200,0.03076,2125.7598,1774048389645
binance,gate,FUNUSDT,0.00138200,0.03076,2125.7598,1774048389950
binance,gate,FUNUSDT,0.00138200,0.03076,2125.7598,1774048390258
binance,gate,FUNUSDT,0.00138200,0.03076,2125.7598,1774048390562
binance,gate,FUNUSDT,0.00138200,0.03076,2125.7598,1774048390862
binance,gate,FUNUSDT,0.00138200,0.03076,2125.7598,1774048391164
binance,gate,FUNUSDT,0.00138200,0.03076,2125.7598,1774048391464
binance,gate,FUNUSDT,0.00138200,0.03076,2125.7598,1774048391764
binance,gate,FUNUSDT,0.00138200,0.03076,2125.7598,1774048392064
binance,gate,FUNUSDT,0.00138200,0.03076,2125.7598,1774048392364
binance,gate,FUNUSDT,0.00138200,0.03076,2125.7598,1774048392665
binance,gate,FUNUSDT,0.00138200,0.03076,2125.7598,1774048392966
binance,gate,FUNUSDT,0.00138200,0.03076,2125.7598,1774048393266
binance,gate,FUNUSDT,0.00138200,0.03076,2125.7598,1774048393566
binance,gate,FUNUSDT,0.00138200,0.03076,2125.7598,1774048393870
binance,gate,FUNUSDT,0.00138200,0.03076,2125.7598,1774048394170
binance,gate,FUNUSDT,0.00138200,0.03076,2125.7598,1774048394471
binance,gate,FUNUSDT,0.00138200,0.03076,2125.7598,1774048394771
binance,gate,FUNUSDT,0.00138200,0.03076,2125.7598,1774048395071
binance,gate,FUNUSDT,0.00138200,0.03076,2125.7598,1774048395371
binance,gate,FUNUSDT,0.00138200,0.03076,2125.7598,1774048395683
binance,gate,FUNUSDT,0.00138200,0.03076,2125.7598,1774048395992
binance,gate,FUNUSDT,0.00138200,0.03076,2125.7598,1774048396305
binance,gate,FUNUSDT,0.00138200,0.03076,2125.7598,1774048396613
binance,gate,FUNUSDT,0.00138200,0.03076,2125.7598,1774048396915
binance,gate,FUNUSDT,0.00138200,0.03076,2125.7598,1774048397215
binance,gate,FUNUSDT,0.00138200,0.03076,2125.7598,1774048397516
binance,gate,FUNUSDT,0.00138200,0.03076,2125.7598,1774048397817
binance,gate,FUNUSDT,0.00138200,0.03076,2125.7598,1774048398118
binance,gate,FUNUSDT,0.00138200,0.03076,2125.7598,1774048398420
binance,gate,FUNUSDT,0.00138200,0.03076,2125.7598,1774048398722
binance,gate,FUNUSDT,0.00138200,0.03076,2125.7598,1774048399027
binance,gate,FUNUSDT,0.00138200,0.03076,2125.7598,1774048399335
binance,gate,FUNUSDT,0.00138200,0.03076,2125.7598,1774048399636
binance,gate,FUNUSDT,0.00138200,0.03076,2125.7598,1774048399936
binance,gate,FUNUSDT,0.00138200,0.03076,2125.7598,1774048400239
binance,gate,FUNUSDT,0.00138200,0.03076,2125.7598,1774048400542
binance,gate,FUNUSDT,0.00138200,0.03076,2125.7598,1774048400842
binance,gate,FUNUSDT,0.00138200,0.03076,2125.7598,1774048401143
binance,gate,FUNUSDT,0.00138200,0.03076,2125.7598,1774048401443
binance,gate,FUNUSDT,0.00138200,0.03076,2125.7598,1774048401743
binance,gate,FUNUSDT,0.00138200,0.03076,2125.7598,1774048402044
binance,gate,FUNUSDT,0.00138200,0.03076,2125.7598,1774048402350
binance,gate,FUNUSDT,0.00138200,0.03076,2125.7598,1774048402660
binance,gate,FUNUSDT,0.00138200,0.03076,2125.7598,1774048402960
binance,gate,FUNUSDT,0.00138200,0.03076,2125.7598,1774048403260
binance,gate,FUNUSDT,0.00138200,0.03076,2125.7598,1774048403565
binance,gate,FUNUSDT,0.00138200,0.03076,2125.7598,1774048403865
binance,gate,FUNUSDT,0.00138200,0.03076,2125.7598,1774048404165
binance,gate,FUNUSDT,0.00138200,0.03076,2125.7598,1774048404474
binance,gate,FUNUSDT,0.00138200,0.03076,2125.7598,1774048404781
binance,gate,FUNUSDT,0.00138200,0.03076,2125.7598,1774048405082
binance,gate,FUNUSDT,0.00138200,0.03076,2125.7598,1774048405382
binance,gate,FUNUSDT,0.00138200,0.03076,2125.7598,1774048405682
binance,gate,FUNUSDT,0.00138200,0.03076,2125.7598,1774048405989
binance,gate,FUNUSDT,0.00138200,0.03076,2125.7598,1774048406289
binance,gate,FUNUSDT,0.00138200,0.03076,2125.7598,1774048406589
binance,gate,FUNUSDT,0.00138300,0.03076,2124.1504,1774048406890
binance,gate,FUNUSDT,0.00138300,0.03076,2124.1504,1774048407190
binance,gate,FUNUSDT,0.00138300,0.03076,2124.1504,1774048407491
binance,gate,FUNUSDT,0.00138300,0.03076,2124.1504,1774048407791
binance,gate,FUNUSDT,0.00138300,0.03076,2124.1504,1774048408091
binance,gate,FUNUSDT,0.00138300,0.03076,2124.1504,1774048408391
binance,gate,FUNUSDT,0.00138300,0.03076,2124.1504,1774048408692
binance,gate,FUNUSDT,0.00138300,0.03076,2124.1504,1774048408992
binance,gate,FUNUSDT,0.00138300,0.03076,2124.1504,1774048409292
binance,gate,FUNUSDT,0.00138300,0.03076,2124.1504,1774048409592
binance,gate,FUNUSDT,0.00138300,0.03076,2124.1504,1774048409892
binance,gate,FUNUSDT,0.00138300,0.03076,2124.1504,1774048410193
binance,gate,FUNUSDT,0.00138300,0.03076,2124.1504,1774048410493
binance,gate,FUNUSDT,0.00138300,0.03076,2124.1504,1774048410795
binance,gate,FUNUSDT,0.00138300,0.03076,2124.1504,1774048411096
binance,gate,FUNUSDT,0.00138300,0.03076,2124.1504,1774048411397
binance,gate,FUNUSDT,0.00138300,0.03076,2124.1504,1774048411697
binance,gate,FUNUSDT,0.00138300,0.03076,2124.1504,1774048411999
binance,gate,FUNUSDT,0.00138300,0.03076,2124.1504,1774048412303
binance,gate,FUNUSDT,0.00138300,0.03076,2124.1504,1774048412607
binance,gate,FUNUSDT,0.00138300,0.03076,2124.1504,1774048412907
binance,gate,FUNUSDT,0.00138300,0.03076,2124.1504,1774048413207
binance,gate,FUNUSDT,0.00138300,0.03076,2124.1504,1774048413508
binance,gate,FUNUSDT,0.00138300,0.03076,2124.1504,1774048413808
binance,gate,FUNUSDT,0.00138300,0.03076,2124.1504,1774048414111
binance,gate,FUNUSDT,0.00138300,0.03076,2124.1504,1774048414412
binance,gate,FUNUSDT,0.00138300,0.03076,2124.1504,1774048414712
binance,gate,FUNUSDT,0.00138300,0.03076,2124.1504,1774048415012
binance,gate,FUNUSDT,0.00138300,0.03076,2124.1504,1774048415313
binance,gate,FUNUSDT,0.00138300,0.03076,2124.1504,1774048415614
binance,gate,FUNUSDT,0.00138300,0.03076,2124.1504,1774048415914
binance,gate,FUNUSDT,0.00138300,0.03076,2124.1504,1774048416215
binance,gate,FUNUSDT,0.00138300,0.03076,2124.1504,1774048416515
binance,gate,FUNUSDT,0.00138300,0.03076,2124.1504,1774048416816
binance,gate,FUNUSDT,0.00138300,0.03076,2124.1504,1774048417117
binance,gate,FUNUSDT,0.00138300,0.03076,2124.1504,1774048417417
binance,gate,FUNUSDT,0.00138300,0.03076,2124.1504,1774048417718
binance,gate,FUNUSDT,0.00138300,0.03076,2124.1504,1774048418023
binance,gate,FUNUSDT,0.00138300,0.03076,2124.1504,1774048418327
binance,gate,FUNUSDT,0.00138300,0.03076,2124.1504,1774048418632
binance,gate,FUNUSDT,0.00138300,0.03076,2124.1504,1774048418934
binance,gate,FUNUSDT,0.00138300,0.03076,2124.1504,1774048419237
binance,gate,FUNUSDT,0.00138300,0.03076,2124.1504,1774048419537
binance,gate,FUNUSDT,0.00138300,0.03076,2124.1504,1774048419838
binance,gate,FUNUSDT,0.00138300,0.03076,2124.1504,1774048420139
binance,gate,FUNUSDT,0.00138300,0.03076,2124.1504,1774048420440
binance,gate,FUNUSDT,0.00138300,0.03076,2124.1504,1774048420740
binance,gate,FUNUSDT,0.00138300,0.03076,2124.1504,1774048421040
binance,gate,FUNUSDT,0.00138300,0.03076,2124.1504,1774048421340
binance,gate,FUNUSDT,0.00138300,0.03076,2124.1504,1774048421640
binance,gate,FUNUSDT,0.00138300,0.03076,2124.1504,1774048421941
binance,gate,FUNUSDT,0.00138300,0.03076,2124.1504,1774048422241
binance,gate,FUNUSDT,0.00138300,0.03076,2124.1504,1774048422541
binance,gate,FUNUSDT,0.00138300,0.03076,2124.1504,1774048422842
binance,gate,FUNUSDT,0.00138300,0.03076,2124.1504,1774048423142
binance,gate,FUNUSDT,0.00138300,0.03076,2124.1504,1774048423442
binance,gate,FUNUSDT,0.00138300,0.03076,2124.1504,1774048423742
binance,gate,FUNUSDT,0.00138300,0.03076,2124.1504,1774048424050
binance,gate,FUNUSDT,0.00138300,0.03076,2124.1504,1774048424350
binance,gate,FUNUSDT,0.00138300,0.03076,2124.1504,1774048424651
binance,gate,FUNUSDT,0.00138300,0.03076,2124.1504,1774048424951
binance,gate,FUNUSDT,0.00138300,0.03076,2124.1504,1774048425251
binance,gate,FUNUSDT,0.00138300,0.03076,2124.1504,1774048425559
binance,gate,FUNUSDT,0.00138300,0.03076,2124.1504,1774048425871
binance,gate,FUNUSDT,0.00138300,0.03076,2124.1504,1774048426182
binance,gate,FUNUSDT,0.00138300,0.03076,2124.1504,1774048426488
binance,gate,FUNUSDT,0.00138300,0.03076,2124.1504,1774048426788
binance,gate,FUNUSDT,0.00138300,0.03076,2124.1504,1774048427089
binance,gate,FUNUSDT,0.00138300,0.03076,2124.1504,1774048427389
binance,gate,FUNUSDT,0.00138300,0.03076,2124.1504,1774048427689
binance,gate,FUNUSDT,0.00138300,0.03076,2124.1504,1774048427989
binance,gate,FUNUSDT,0.00138300,0.03076,2124.1504,1774048428289
binance,gate,FUNUSDT,0.00138300,0.03076,2124.1504,1774048428589
binance,gate,FUNUSDT,0.00138300,0.03076,2124.1504,1774048428889
binance,gate,FUNUSDT,0.00138300,0.03076,2124.1504,1774048429189
binance,gate,FUNUSDT,0.00138300,0.03076,2124.1504,1774048429490
binance,gate,FUNUSDT,0.00138300,0.03076,2124.1504,1774048429790
binance,gate,FUNUSDT,0.00138300,0.03076,2124.1504,1774048430090
binance,gate,FUNUSDT,0.00138300,0.03076,2124.1504,1774048430390
binance,gate,FUNUSDT,0.00138300,0.03076,2124.1504,1774048430690
binance,gate,FUNUSDT,0.00138300,0.03076,2124.1504,1774048430990
binance,gate,FUNUSDT,0.00138300,0.03076,2124.1504,1774048431290
binance,gate,FUNUSDT,0.00138300,0.03076,2124.1504,1774048431600
binance,gate,FUNUSDT,0.00138300,0.03076,2124.1504,1774048431910
binance,gate,FUNUSDT,0.00138300,0.03076,2124.1504,1774048432221
binance,gate,FUNUSDT,0.00138300,0.03076,2124.1504,1774048432534
binance,gate,FUNUSDT,0.00138300,0.03076,2124.1504,1774048432837
binance,gate,FUNUSDT,0.00138300,0.03076,2124.1504,1774048433138
binance,gate,FUNUSDT,0.00138300,0.03076,2124.1504,1774048433438
binance,gate,FUNUSDT,0.00138300,0.03076,2124.1504,1774048433739
binance,gate,FUNUSDT,0.00138300,0.03076,2124.1504,1774048434039
binance,gate,FUNUSDT,0.00138300,0.03078,2125.5965,1774048434339
binance,gate,FUNUSDT,0.00138300,0.03078,2125.5965,1774048434639
binance,gate,FUNUSDT,0.00138300,0.03078,2125.5965,1774048434939
binance,gate,FUNUSDT,0.00138300,0.03078,2125.5965,1774048435241
binance,gate,FUNUSDT,0.00138300,0.03078,2125.5965,1774048435541
binance,gate,FUNUSDT,0.00138300,0.03078,2125.5965,1774048435841
binance,gate,FUNUSDT,0.00138300,0.03078,2125.5965,1774048436156
binance,gate,FUNUSDT,0.00138300,0.03078,2125.5965,1774048436471
binance,gate,FUNUSDT,0.00138300,0.03078,2125.5965,1774048436771
binance,gate,FUNUSDT,0.00138300,0.03078,2125.5965,1774048437078
binance,gate,FUNUSDT,0.00138300,0.03078,2125.5965,1774048437378
binance,gate,FUNUSDT,0.00138300,0.03078,2125.5965,1774048437678
binance,gate,FUNUSDT,0.00138300,0.03078,2125.5965,1774048437978
binance,gate,FUNUSDT,0.00138300,0.03078,2125.5965,1774048438278
binance,gate,FUNUSDT,0.00138300,0.03078,2125.5965,1774048438578
binance,gate,FUNUSDT,0.00138300,0.03078,2125.5965,1774048438879
binance,gate,FUNUSDT,0.00138300,0.03078,2125.5965,1774048439179
binance,gate,FUNUSDT,0.00138300,0.03078,2125.5965,1774048439479
binance,gate,FUNUSDT,0.00138300,0.03078,2125.5965,1774048439779
binance,gate,FUNUSDT,0.00138300,0.03078,2125.5965,1774048440080
binance,gate,FUNUSDT,0.00138300,0.03078,2125.5965,1774048440380
binance,gate,FUNUSDT,0.00138300,0.03078,2125.5965,1774048440687
binance,gate,FUNUSDT,0.00138300,0.03078,2125.5965,1774048440992
binance,gate,FUNUSDT,0.00138300,0.03078,2125.5965,1774048441293
binance,gate,FUNUSDT,0.00138300,0.03078,2125.5965,1774048441593
binance,gate,FUNUSDT,0.00138300,0.03078,2125.5965,1774048441894
binance,gate,FUNUSDT,0.00138300,0.03078,2125.5965,1774048442194
binance,gate,FUNUSDT,0.00138300,0.03078,2125.5965,1774048442494
binance,gate,FUNUSDT,0.00138300,0.03078,2125.5965,1774048442794
binance,gate,FUNUSDT,0.00138300,0.03078,2125.5965,1774048443095
binance,gate,FUNUSDT,0.00138300,0.03078,2125.5965,1774048443396
binance,gate,FUNUSDT,0.00138300,0.03078,2125.5965,1774048443698
binance,gate,FUNUSDT,0.00138300,0.03078,2125.5965,1774048444001
binance,gate,FUNUSDT,0.00138300,0.03078,2125.5965,1774048444307
binance,gate,FUNUSDT,0.00138300,0.03078,2125.5965,1774048444609
binance,gate,FUNUSDT,0.00138300,0.03078,2125.5965,1774048444919
binance,gate,FUNUSDT,0.00138300,0.03078,2125.5965,1774048445221
binance,gate,FUNUSDT,0.00138300,0.03078,2125.5965,1774048445524
binance,gate,FUNUSDT,0.00138300,0.03078,2125.5965,1774048445828
binance,gate,FUNUSDT,0.00138300,0.03078,2125.5965,1774048446134
binance,gate,FUNUSDT,0.00138300,0.03078,2125.5965,1774048446437
binance,gate,FUNUSDT,0.00138400,0.03078,2123.9884,1774048446738
binance,gate,FUNUSDT,0.00138400,0.03078,2123.9884,1774048447038
binance,gate,FUNUSDT,0.00138400,0.03078,2123.9884,1774048447348
binance,gate,FUNUSDT,0.00138400,0.03078,2123.9884,1774048447648
binance,gate,FUNUSDT,0.00138400,0.03078,2123.9884,1774048447948
binance,gate,FUNUSDT,0.00138400,0.03078,2123.9884,1774048448249
binance,gate,FUNUSDT,0.00138400,0.03078,2123.9884,1774048448549
binance,gate,FUNUSDT,0.00138400,0.03078,2123.9884,1774048448849
binance,gate,FUNUSDT,0.00138400,0.03078,2123.9884,1774048449149
binance,gate,FUNUSDT,0.00138400,0.03078,2123.9884,1774048449449
binance,gate,FUNUSDT,0.00138400,0.03078,2123.9884,1774048449750
binance,gate,FUNUSDT,0.00138400,0.03078,2123.9884,1774048450050
binance,gate,FUNUSDT,0.00138400,0.03078,2123.9884,1774048450360
binance,gate,FUNUSDT,0.00138400,0.03078,2123.9884,1774048450660
binance,gate,FUNUSDT,0.00138400,0.03078,2123.9884,1774048450960
binance,gate,FUNUSDT,0.00138400,0.03078,2123.9884,1774048451260
binance,gate,FUNUSDT,0.00138400,0.03078,2123.9884,1774048451560
binance,gate,FUNUSDT,0.00138400,0.03078,2123.9884,1774048451860
binance,gate,FUNUSDT,0.00138400,0.03078,2123.9884,1774048452166
binance,gate,FUNUSDT,0.00138400,0.03078,2123.9884,1774048452466
binance,gate,FUNUSDT,0.00138400,0.03078,2123.9884,1774048452766
binance,gate,FUNUSDT,0.00138400,0.03078,2123.9884,1774048453067
binance,gate,FUNUSDT,0.00138400,0.03078,2123.9884,1774048453367
binance,gate,FUNUSDT,0.00138400,0.03078,2123.9884,1774048453667
binance,gate,FUNUSDT,0.00138400,0.03078,2123.9884,1774048453968
binance,gate,FUNUSDT,0.00138400,0.03078,2123.9884,1774048454268
binance,gate,FUNUSDT,0.00138400,0.03078,2123.9884,1774048454568
binance,gate,FUNUSDT,0.00138400,0.03078,2123.9884,1774048454868
binance,gate,FUNUSDT,0.00138400,0.03078,2123.9884,1774048455168
binance,gate,FUNUSDT,0.00138400,0.0308,2125.4335,1774048455469
binance,gate,FUNUSDT,0.00138400,0.0308,2125.4335,1774048455769
binance,gate,FUNUSDT,0.00138400,0.03081,2126.1561,1774048456069
binance,gate,FUNUSDT,0.00138400,0.03081,2126.1561,1774048456370
binance,gate,FUNUSDT,0.00138400,0.03081,2126.1561,1774048456670
binance,gate,FUNUSDT,0.00138400,0.03081,2126.1561,1774048456970
binance,gate,FUNUSDT,0.00138400,0.03081,2126.1561,1774048457270
binance,gate,FUNUSDT,0.00138400,0.03082,2126.8786,1774048457570
binance,gate,FUNUSDT,0.00138400,0.03082,2126.8786,1774048457871
binance,gate,FUNUSDT,0.00138400,0.03082,2126.8786,1774048458171
binance,gate,FUNUSDT,0.00138400,0.03082,2126.8786,1774048458471
binance,gate,FUNUSDT,0.00138400,0.03081,2126.1561,1774048458771
binance,gate,FUNUSDT,0.00138400,0.03081,2126.1561,1774048459072
binance,gate,FUNUSDT,0.00138400,0.03083,2127.6012,1774048459372
binance,gate,FUNUSDT,0.00138400,0.03083,2127.6012,1774048459672
binance,gate,FUNUSDT,0.00138400,0.03084,2128.3237,1774048459972
binance,gate,FUNUSDT,0.00138400,0.03084,2128.3237,1774048460272
binance,gate,FUNUSDT,0.00138400,0.03084,2128.3237,1774048460573
binance,gate,FUNUSDT,0.00138400,0.03083,2127.6012,1774048460873
binance,gate,FUNUSDT,0.00138400,0.03083,2127.6012,1774048461173
binance,gate,FUNUSDT,0.00138400,0.03083,2127.6012,1774048461473
binance,gate,FUNUSDT,0.00138400,0.03083,2127.6012,1774048461774
binance,gate,FUNUSDT,0.00138400,0.03083,2127.6012,1774048462074
binance,gate,FUNUSDT,0.00138400,0.03083,2127.6012,1774048462374
binance,gate,FUNUSDT,0.00138400,0.03083,2127.6012,1774048462687
binance,gate,FUNUSDT,0.00138400,0.03084,2128.3237,1774048462988
binance,gate,FUNUSDT,0.00138400,0.03084,2128.3237,1774048463289
binance,gate,FUNUSDT,0.00138400,0.03084,2128.3237,1774048463590
binance,gate,FUNUSDT,0.00138400,0.03084,2128.3237,1774048463890
binance,gate,FUNUSDT,0.00138400,0.03084,2128.3237,1774048464190
binance,gate,FUNUSDT,0.00138400,0.03084,2128.3237,1774048464490
binance,gate,FUNUSDT,0.00138400,0.03084,2128.3237,1774048464790
binance,gate,FUNUSDT,0.00138400,0.03084,2128.3237,1774048465091
binance,gate,FUNUSDT,0.00138400,0.03084,2128.3237,1774048465391
binance,gate,FUNUSDT,0.00138400,0.03084,2128.3237,1774048465691
binance,gate,FUNUSDT,0.00138400,0.03084,2128.3237,1774048465992
binance,gate,FUNUSDT,0.00138400,0.03084,2128.3237,1774048466292
binance,gate,FUNUSDT,0.00138400,0.03084,2128.3237,1774048466592
binance,gate,FUNUSDT,0.00138400,0.03084,2128.3237,1774048466894
binance,gate,FUNUSDT,0.00138400,0.03084,2128.3237,1774048467208
binance,gate,FUNUSDT,0.00138400,0.03084,2128.3237,1774048467523
binance,gate,FUNUSDT,0.00138400,0.03084,2128.3237,1774048467836
binance,gate,FUNUSDT,0.00138400,0.03084,2128.3237,1774048468148
binance,gate,FUNUSDT,0.00138400,0.03084,2128.3237,1774048468463
binance,gate,FUNUSDT,0.00138400,0.03084,2128.3237,1774048468763
binance,gate,FUNUSDT,0.00138400,0.03084,2128.3237,1774048469064
binance,gate,FUNUSDT,0.00138400,0.03084,2128.3237,1774048469364
binance,gate,FUNUSDT,0.00138400,0.03084,2128.3237,1774048469665
binance,gate,FUNUSDT,0.00138400,0.03084,2128.3237,1774048469965
binance,gate,FUNUSDT,0.00138400,0.03084,2128.3237,1774048470272
binance,gate,FUNUSDT,0.00138400,0.03084,2128.3237,1774048470580
binance,gate,FUNUSDT,0.00138400,0.03084,2128.3237,1774048470885
binance,gate,FUNUSDT,0.00138400,0.03085,2129.0462,1774048471185
binance,gate,FUNUSDT,0.00138400,0.03085,2129.0462,1774048471485
binance,gate,FUNUSDT,0.00138400,0.03085,2129.0462,1774048471798
binance,gate,FUNUSDT,0.00138400,0.03085,2129.0462,1774048472110
binance,gate,FUNUSDT,0.00138400,0.03085,2129.0462,1774048472422
binance,gate,FUNUSDT,0.00138400,0.03085,2129.0462,1774048472728
binance,gate,FUNUSDT,0.00138400,0.03085,2129.0462,1774048473035
binance,gate,FUNUSDT,0.00138400,0.03085,2129.0462,1774048473345
binance,gate,FUNUSDT,0.00138400,0.03085,2129.0462,1774048473651
binance,gate,FUNUSDT,0.00138400,0.03085,2129.0462,1774048473952
binance,gate,FUNUSDT,0.00138400,0.03085,2129.0462,1774048474252
binance,gate,FUNUSDT,0.00138400,0.03085,2129.0462,1774048474552
binance,gate,FUNUSDT,0.00138400,0.03085,2129.0462,1774048474852
binance,gate,FUNUSDT,0.00138400,0.03085,2129.0462,1774048475152
binance,gate,FUNUSDT,0.00138400,0.03085,2129.0462,1774048475453
binance,gate,FUNUSDT,0.00138400,0.03085,2129.0462,1774048475753
binance,gate,FUNUSDT,0.00138400,0.03085,2129.0462,1774048476053
binance,gate,FUNUSDT,0.00138400,0.03085,2129.0462,1774048476353
binance,gate,FUNUSDT,0.00138400,0.03085,2129.0462,1774048476653
binance,gate,FUNUSDT,0.00138400,0.03085,2129.0462,1774048476954
binance,gate,FUNUSDT,0.00138400,0.03085,2129.0462,1774048477254
binance,gate,FUNUSDT,0.00138400,0.03085,2129.0462,1774048477554
binance,gate,FUNUSDT,0.00138400,0.03085,2129.0462,1774048477856
binance,gate,FUNUSDT,0.00138400,0.03085,2129.0462,1774048478157
binance,gate,FUNUSDT,0.00138400,0.03085,2129.0462,1774048478464
binance,gate,FUNUSDT,0.00138400,0.03085,2129.0462,1774048478764
binance,gate,FUNUSDT,0.00138400,0.03085,2129.0462,1774048479065
binance,gate,FUNUSDT,0.00138400,0.03085,2129.0462,1774048479365
binance,gate,FUNUSDT,0.00138400,0.03085,2129.0462,1774048479665
binance,gate,FUNUSDT,0.00138400,0.03085,2129.0462,1774048479965
binance,gate,FUNUSDT,0.00138400,0.03085,2129.0462,1774048480266
binance,gate,FUNUSDT,0.00138400,0.03085,2129.0462,1774048480566
binance,gate,FUNUSDT,0.00138400,0.03085,2129.0462,1774048480866
binance,gate,FUNUSDT,0.00138400,0.03085,2129.0462,1774048481166
binance,gate,FUNUSDT,0.00138400,0.03085,2129.0462,1774048481466
binance,gate,FUNUSDT,0.00138400,0.03085,2129.0462,1774048481779
binance,gate,FUNUSDT,0.00138400,0.03085,2129.0462,1774048482079
binance,gate,FUNUSDT,0.00138400,0.03085,2129.0462,1774048482380
binance,gate,FUNUSDT,0.00138400,0.03085,2129.0462,1774048482680
binance,gate,FUNUSDT,0.00138400,0.03085,2129.0462,1774048482980
binance,gate,FUNUSDT,0.00138400,0.03085,2129.0462,1774048483280
binance,gate,FUNUSDT,0.00138400,0.03085,2129.0462,1774048483580
binance,gate,FUNUSDT,0.00138400,0.03085,2129.0462,1774048483880
binance,gate,FUNUSDT,0.00138400,0.03085,2129.0462,1774048484193
binance,gate,FUNUSDT,0.00138400,0.03085,2129.0462,1774048484506
binance,gate,FUNUSDT,0.00138400,0.03085,2129.0462,1774048484815
binance,gate,FUNUSDT,0.00138400,0.03085,2129.0462,1774048485130
binance,gate,FUNUSDT,0.00138400,0.03085,2129.0462,1774048485445
binance,gate,FUNUSDT,0.00138400,0.03085,2129.0462,1774048485753
binance,gate,FUNUSDT,0.00138400,0.03085,2129.0462,1774048486062
binance,gate,FUNUSDT,0.00138400,0.03085,2129.0462,1774048486369
binance,gate,FUNUSDT,0.00138400,0.03085,2129.0462,1774048486674
binance,gate,FUNUSDT,0.00138400,0.03085,2129.0462,1774048486975
binance,gate,FUNUSDT,0.00138400,0.03085,2129.0462,1774048487275
binance,gate,FUNUSDT,0.00138400,0.03085,2129.0462,1774048487575
binance,gate,FUNUSDT,0.00138400,0.03085,2129.0462,1774048487875
binance,gate,FUNUSDT,0.00138400,0.03085,2129.0462,1774048488175
binance,gate,FUNUSDT,0.00138400,0.03085,2129.0462,1774048488476
binance,gate,FUNUSDT,0.00138400,0.03085,2129.0462,1774048488776
binance,gate,FUNUSDT,0.00138400,0.03085,2129.0462,1774048489076
binance,gate,FUNUSDT,0.00138400,0.03085,2129.0462,1774048489376
binance,gate,FUNUSDT,0.00138400,0.03085,2129.0462,1774048489677
binance,gate,FUNUSDT,0.00138400,0.03085,2129.0462,1774048489977
binance,gate,FUNUSDT,0.00138400,0.03085,2129.0462,1774048490278
binance,gate,FUNUSDT,0.00138400,0.03085,2129.0462,1774048490578
binance,gate,FUNUSDT,0.00138400,0.03085,2129.0462,1774048490879
binance,gate,FUNUSDT,0.00138400,0.03083,2127.6012,1774048491179
binance,gate,FUNUSDT,0.00138400,0.03083,2127.6012,1774048491480
binance,gate,FUNUSDT,0.00138400,0.03083,2127.6012,1774048491780
binance,gate,FUNUSDT,0.00138400,0.03083,2127.6012,1774048492091
binance,gate,FUNUSDT,0.00138400,0.03083,2127.6012,1774048492403
binance,gate,FUNUSDT,0.00138400,0.03083,2127.6012,1774048492714
binance,gate,FUNUSDT,0.00138400,0.03083,2127.6012,1774048493025
binance,gate,FUNUSDT,0.00138400,0.03084,2128.3237,1774048493334
binance,gate,FUNUSDT,0.00138400,0.03084,2128.3237,1774048493643
binance,gate,FUNUSDT,0.00138400,0.03084,2128.3237,1774048493943
binance,gate,FUNUSDT,0.00138400,0.03084,2128.3237,1774048494243
binance,gate,FUNUSDT,0.00138400,0.03084,2128.3237,1774048494543
binance,gate,FUNUSDT,0.00138400,0.03084,2128.3237,1774048494844
binance,gate,FUNUSDT,0.00138400,0.03084,2128.3237,1774048495144
binance,gate,FUNUSDT,0.00138400,0.03084,2128.3237,1774048495445
binance,gate,FUNUSDT,0.00138400,0.03084,2128.3237,1774048495745
binance,gate,FUNUSDT,0.00138400,0.03084,2128.3237,1774048496046
binance,gate,FUNUSDT,0.00138400,0.03084,2128.3237,1774048496346
binance,gate,FUNUSDT,0.00138400,0.03084,2128.3237,1774048496646
binance,gate,FUNUSDT,0.00138400,0.03084,2128.3237,1774048496947
binance,gate,FUNUSDT,0.00138400,0.03084,2128.3237,1774048497247
binance,gate,FUNUSDT,0.00138400,0.03084,2128.3237,1774048497547
binance,gate,FUNUSDT,0.00138400,0.03084,2128.3237,1774048497847
binance,gate,FUNUSDT,0.00138400,0.03084,2128.3237,1774048498166
binance,gate,FUNUSDT,0.00138400,0.03084,2128.3237,1774048498475
binance,gate,FUNUSDT,0.00138400,0.03084,2128.3237,1774048498784
binance,gate,FUNUSDT,0.00138400,0.03084,2128.3237,1774048499089
binance,gate,FUNUSDT,0.00138400,0.03084,2128.3237,1774048499389
binance,gate,FUNUSDT,0.00138400,0.03084,2128.3237,1774048499689
binance,gate,FUNUSDT,0.00138400,0.03084,2128.3237,1774048499989
binance,gate,FUNUSDT,0.00138400,0.03084,2128.3237,1774048500300
binance,gate,FUNUSDT,0.00138400,0.03084,2128.3237,1774048500613
binance,gate,FUNUSDT,0.00138400,0.03084,2128.3237,1774048500934
binance,gate,FUNUSDT,0.00138400,0.03084,2128.3237,1774048501244
binance,gate,FUNUSDT,0.00138400,0.03084,2128.3237,1774048501550
binance,gate,FUNUSDT,0.00138400,0.03084,2128.3237,1774048501857
binance,gate,FUNUSDT,0.00138400,0.03084,2128.3237,1774048502161
binance,gate,FUNUSDT,0.00138400,0.03084,2128.3237,1774048502464
binance,gate,FUNUSDT,0.00138400,0.03084,2128.3237,1774048502767
binance,gate,FUNUSDT,0.00138400,0.03084,2128.3237,1774048503067
binance,gate,FUNUSDT,0.00138400,0.03084,2128.3237,1774048503376
binance,gate,FUNUSDT,0.00138400,0.03084,2128.3237,1774048503676
binance,gate,FUNUSDT,0.00138400,0.03084,2128.3237,1774048503976
binance,gate,FUNUSDT,0.00138400,0.03084,2128.3237,1774048504276
binance,gate,FUNUSDT,0.00138400,0.03084,2128.3237,1774048504576
binance,gate,FUNUSDT,0.00138400,0.03084,2128.3237,1774048504876
binance,gate,FUNUSDT,0.00138400,0.03084,2128.3237,1774048505178
binance,gate,FUNUSDT,0.00138400,0.03084,2128.3237,1774048505478
binance,gate,FUNUSDT,0.00138400,0.03084,2128.3237,1774048505780
binance,gate,FUNUSDT,0.00138400,0.03084,2128.3237,1774048506097
binance,gate,FUNUSDT,0.00138400,0.03084,2128.3237,1774048506409
binance,gate,FUNUSDT,0.00138400,0.03084,2128.3237,1774048506717
binance,gate,FUNUSDT,0.00138400,0.03084,2128.3237,1774048507028
binance,gate,FUNUSDT,0.00138400,0.03084,2128.3237,1774048507338
binance,gate,FUNUSDT,0.00138400,0.03084,2128.3237,1774048507651
binance,gate,FUNUSDT,0.00138400,0.03084,2128.3237,1774048507956
binance,gate,FUNUSDT,0.00138400,0.03084,2128.3237,1774048508266
binance,gate,FUNUSDT,0.00138400,0.03084,2128.3237,1774048508571
binance,gate,FUNUSDT,0.00138400,0.03084,2128.3237,1774048508871
binance,gate,FUNUSDT,0.00138400,0.03084,2128.3237,1774048509182
binance,gate,FUNUSDT,0.00138400,0.03084,2128.3237,1774048509482
binance,gate,FUNUSDT,0.00138400,0.03084,2128.3237,1774048509782
binance,gate,FUNUSDT,0.00138400,0.03084,2128.3237,1774048510083
binance,gate,FUNUSDT,0.00138400,0.03084,2128.3237,1774048510383
binance,gate,FUNUSDT,0.00138400,0.03084,2128.3237,1774048510683
binance,gate,FUNUSDT,0.00138400,0.03084,2128.3237,1774048510983
binance,gate,FUNUSDT,0.00138400,0.03084,2128.3237,1774048511284
binance,gate,FUNUSDT,0.00138400,0.03084,2128.3237,1774048511584
binance,gate,FUNUSDT,0.00138400,0.03084,2128.3237,1774048511884
binance,gate,FUNUSDT,0.00138400,0.03084,2128.3237,1774048512187
binance,gate,FUNUSDT,0.00138400,0.03084,2128.3237,1774048512505
binance,gate,FUNUSDT,0.00138400,0.03084,2128.3237,1774048512811
binance,gate,FUNUSDT,0.00138400,0.03084,2128.3237,1774048513120
binance,gate,FUNUSDT,0.00138400,0.03084,2128.3237,1774048513434
binance,gate,FUNUSDT,0.00138400,0.03084,2128.3237,1774048513745
binance,gate,FUNUSDT,0.00138400,0.03084,2128.3237,1774048514052
binance,gate,FUNUSDT,0.00138400,0.03084,2128.3237,1774048514359
binance,gate,FUNUSDT,0.00138400,0.03084,2128.3237,1774048514670
binance,gate,FUNUSDT,0.00138400,0.03084,2128.3237,1774048514989
binance,gate,FUNUSDT,0.00138400,0.03084,2128.3237,1774048515303
binance,gate,FUNUSDT,0.00138400,0.03084,2128.3237,1774048515611
binance,gate,FUNUSDT,0.00138400,0.03084,2128.3237,1774048515926
binance,gate,FUNUSDT,0.00138400,0.03084,2128.3237,1774048516237
binance,gate,FUNUSDT,0.00138400,0.03084,2128.3237,1774048516551
binance,gate,FUNUSDT,0.00138400,0.03084,2128.3237,1774048516863
binance,gate,FUNUSDT,0.00138400,0.03084,2128.3237,1774048517171
binance,gate,FUNUSDT,0.00138400,0.03084,2128.3237,1774048517479
binance,gate,FUNUSDT,0.00138400,0.03084,2128.3237,1774048517781
binance,gate,FUNUSDT,0.00138400,0.03084,2128.3237,1774048518081
binance,gate,FUNUSDT,0.00138400,0.03084,2128.3237,1774048518382
binance,gate,FUNUSDT,0.00138400,0.03084,2128.3237,1774048518683
binance,gate,FUNUSDT,0.00138400,0.03084,2128.3237,1774048518983
binance,gate,FUNUSDT,0.00138400,0.03084,2128.3237,1774048519283
binance,gate,FUNUSDT,0.00138400,0.03084,2128.3237,1774048519584
binance,gate,FUNUSDT,0.00138400,0.03084,2128.3237,1774048519884
binance,gate,FUNUSDT,0.00138400,0.03084,2128.3237,1774048520184
binance,gate,FUNUSDT,0.00138400,0.03084,2128.3237,1774048520485
binance,gate,FUNUSDT,0.00138400,0.03084,2128.3237,1774048520785
binance,gate,FUNUSDT,0.00138400,0.03084,2128.3237,1774048521086
binance,gate,FUNUSDT,0.00138400,0.03084,2128.3237,1774048521386
binance,gate,FUNUSDT,0.00138400,0.03084,2128.3237,1774048521687
binance,gate,FUNUSDT,0.00138400,0.03084,2128.3237,1774048521987
binance,gate,FUNUSDT,0.00138400,0.03084,2128.3237,1774048522295
binance,gate,FUNUSDT,0.00138400,0.03084,2128.3237,1774048522605
binance,gate,FUNUSDT,0.00138400,0.03084,2128.3237,1774048522916
binance,gate,FUNUSDT,0.00138400,0.03084,2128.3237,1774048523229
binance,gate,FUNUSDT,0.00138400,0.03084,2128.3237,1774048523540
binance,gate,FUNUSDT,0.00138400,0.03084,2128.3237,1774048523853
binance,gate,FUNUSDT,0.00138400,0.03084,2128.3237,1774048524167
binance,gate,FUNUSDT,0.00138400,0.03084,2128.3237,1774048524479
binance,gate,FUNUSDT,0.00138400,0.03084,2128.3237,1774048524795
binance,gate,FUNUSDT,0.00138300,0.03084,2129.9349,1774048525108
binance,gate,FUNUSDT,0.00138300,0.03084,2129.9349,1774048525425
binance,gate,FUNUSDT,0.00138300,0.03084,2129.9349,1774048525738
binance,gate,FUNUSDT,0.00138300,0.03084,2129.9349,1774048526046
binance,gate,FUNUSDT,0.00138300,0.03084,2129.9349,1774048526362
binance,gate,FUNUSDT,0.00138300,0.03084,2129.9349,1774048526679
binance,gate,FUNUSDT,0.00138300,0.03084,2129.9349,1774048526986
binance,gate,FUNUSDT,0.00138300,0.03084,2129.9349,1774048527296
binance,gate,FUNUSDT,0.00138300,0.03084,2129.9349,1774048527608
binance,gate,FUNUSDT,0.00138300,0.03084,2129.9349,1774048527921
binance,gate,FUNUSDT,0.00138300,0.03084,2129.9349,1774048528239
binance,gate,FUNUSDT,0.00138300,0.03084,2129.9349,1774048528552
binance,gate,FUNUSDT,0.00138300,0.03084,2129.9349,1774048528864
binance,gate,FUNUSDT,0.00138300,0.03084,2129.9349,1774048529176
binance,gate,FUNUSDT,0.00138300,0.03084,2129.9349,1774048529492
binance,gate,FUNUSDT,0.00138300,0.03084,2129.9349,1774048529808
binance,gate,FUNUSDT,0.00138300,0.03084,2129.9349,1774048530118
binance,gate,FUNUSDT,0.00138300,0.03084,2129.9349,1774048530424
binance,gate,FUNUSDT,0.00138300,0.03084,2129.9349,1774048530733
binance,gate,FUNUSDT,0.00138300,0.03084,2129.9349,1774048531048
binance,gate,FUNUSDT,0.00138300,0.03084,2129.9349,1774048531367
binance,gate,FUNUSDT,0.00138300,0.03084,2129.9349,1774048531674
binance,gate,FUNUSDT,0.00138300,0.03084,2129.9349,1774048531984
binance,gate,FUNUSDT,0.00138300,0.03084,2129.9349,1774048532289
binance,gate,FUNUSDT,0.00138300,0.03084,2129.9349,1774048532597
binance,gate,FUNUSDT,0.00138300,0.03084,2129.9349,1774048532905
binance,gate,FUNUSDT,0.00138300,0.03084,2129.9349,1774048533216
binance,gate,FUNUSDT,0.00138300,0.03084,2129.9349,1774048533523
binance,gate,FUNUSDT,0.00138300,0.03084,2129.9349,1774048533832
binance,gate,FUNUSDT,0.00138300,0.03084,2129.9349,1774048534145
binance,gate,FUNUSDT,0.00138300,0.03084,2129.9349,1774048534455
binance,gate,FUNUSDT,0.00138300,0.03084,2129.9349,1774048534767
binance,gate,FUNUSDT,0.00138300,0.03084,2129.9349,1774048535082
binance,gate,FUNUSDT,0.00138300,0.03084,2129.9349,1774048535388
binance,gate,FUNUSDT,0.00138300,0.03084,2129.9349,1774048535731
binance,gate,FUNUSDT,0.00138300,0.03084,2129.9349,1774048536039
binance,gate,FUNUSDT,0.00138300,0.03084,2129.9349,1774048536350
binance,gate,FUNUSDT,0.00138300,0.03084,2129.9349,1774048536663
binance,gate,FUNUSDT,0.00138300,0.03084,2129.9349,1774048536969
binance,gate,FUNUSDT,0.00138300,0.03084,2129.9349,1774048537275
binance,gate,FUNUSDT,0.00138300,0.03084,2129.9349,1774048537594
binance,gate,FUNUSDT,0.00138300,0.03084,2129.9349,1774048537899
binance,gate,FUNUSDT,0.00138300,0.03084,2129.9349,1774048538205
binance,gate,FUNUSDT,0.00138300,0.03084,2129.9349,1774048538515
binance,gate,FUNUSDT,0.00138300,0.03084,2129.9349,1774048538821
binance,gate,FUNUSDT,0.00138300,0.03084,2129.9349,1774048539130
binance,gate,FUNUSDT,0.00138300,0.03084,2129.9349,1774048539445
binance,gate,FUNUSDT,0.00138300,0.03084,2129.9349,1774048539752
binance,gate,FUNUSDT,0.00138300,0.03084,2129.9349,1774048540062
binance,gate,FUNUSDT,0.00138300,0.03084,2129.9349,1774048540366
binance,gate,FUNUSDT,0.00138300,0.03084,2129.9349,1774048540670
binance,gate,FUNUSDT,0.00138300,0.03084,2129.9349,1774048540971
binance,gate,FUNUSDT,0.00138300,0.03084,2129.9349,1774048541275
binance,gate,FUNUSDT,0.00138300,0.03084,2129.9349,1774048541575
binance,gate,FUNUSDT,0.00138300,0.03084,2129.9349,1774048541875
binance,gate,FUNUSDT,0.00138300,0.03084,2129.9349,1774048542176
binance,gate,FUNUSDT,0.00138300,0.03084,2129.9349,1774048542476
binance,gate,FUNUSDT,0.00138300,0.03084,2129.9349,1774048542776
binance,gate,FUNUSDT,0.00138300,0.03084,2129.9349,1774048543076
binance,gate,FUNUSDT,0.00138300,0.03084,2129.9349,1774048543376
binance,gate,FUNUSDT,0.00138300,0.03084,2129.9349,1774048543676
binance,gate,FUNUSDT,0.00138300,0.03084,2129.9349,1774048543992
binance,gate,FUNUSDT,0.00138300,0.03084,2129.9349,1774048544305
binance,gate,FUNUSDT,0.00138300,0.03084,2129.9349,1774048544611
binance,gate,FUNUSDT,0.00138300,0.03084,2129.9349,1774048544921
binance,gate,FUNUSDT,0.00138300,0.03084,2129.9349,1774048545229
binance,gate,FUNUSDT,0.00138300,0.03084,2129.9349,1774048545539
binance,gate,FUNUSDT,0.00138300,0.03084,2129.9349,1774048545844
binance,gate,FUNUSDT,0.00138300,0.03084,2129.9349,1774048546144
binance,gate,FUNUSDT,0.00138300,0.03084,2129.9349,1774048546445
binance,gate,FUNUSDT,0.00138300,0.03084,2129.9349,1774048546745
binance,gate,FUNUSDT,0.00138300,0.03084,2129.9349,1774048547046
binance,gate,FUNUSDT,0.00138300,0.03084,2129.9349,1774048547346
binance,gate,FUNUSDT,0.00138300,0.03084,2129.9349,1774048547646
binance,gate,FUNUSDT,0.00138300,0.03084,2129.9349,1774048547946
binance,gate,FUNUSDT,0.00138300,0.03084,2129.9349,1774048548246
binance,gate,FUNUSDT,0.00138300,0.03084,2129.9349,1774048548546
binance,gate,FUNUSDT,0.00138300,0.03084,2129.9349,1774048548846
binance,gate,FUNUSDT,0.00138300,0.03084,2129.9349,1774048549148
binance,gate,FUNUSDT,0.00138300,0.03084,2129.9349,1774048549448
binance,gate,FUNUSDT,0.00138300,0.03084,2129.9349,1774048549748
binance,gate,FUNUSDT,0.00138300,0.03084,2129.9349,1774048550053
binance,gate,FUNUSDT,0.00138300,0.03084,2129.9349,1774048550353
binance,gate,FUNUSDT,0.00138300,0.03084,2129.9349,1774048550654
binance,gate,FUNUSDT,0.00138300,0.03084,2129.9349,1774048550954
binance,gate,FUNUSDT,0.00138300,0.03084,2129.9349,1774048551254
binance,gate,FUNUSDT,0.00138300,0.03084,2129.9349,1774048551555
binance,gate,FUNUSDT,0.00138300,0.03084,2129.9349,1774048551856
binance,gate,FUNUSDT,0.00138300,0.03084,2129.9349,1774048552156
binance,gate,FUNUSDT,0.00138300,0.03084,2129.9349,1774048552468
binance,gate,FUNUSDT,0.00138300,0.03084,2129.9349,1774048552768
binance,gate,FUNUSDT,0.00138300,0.03084,2129.9349,1774048553068
binance,gate,FUNUSDT,0.00138300,0.03084,2129.9349,1774048553368
binance,gate,FUNUSDT,0.00138300,0.03084,2129.9349,1774048553669
binance,gate,FUNUSDT,0.00138300,0.03084,2129.9349,1774048553979
binance,gate,FUNUSDT,0.00138300,0.03084,2129.9349,1774048554286
binance,gate,FUNUSDT,0.00138300,0.03084,2129.9349,1774048554597
binance,gate,FUNUSDT,0.00138300,0.03084,2129.9349,1774048554914
binance,gate,FUNUSDT,0.00138300,0.03084,2129.9349,1774048555242
binance,gate,FUNUSDT,0.00138300,0.03084,2129.9349,1774048555552
binance,gate,FUNUSDT,0.00138300,0.03084,2129.9349,1774048555861
binance,gate,FUNUSDT,0.00138300,0.03084,2129.9349,1774048556173
binance,gate,FUNUSDT,0.00138300,0.03084,2129.9349,1774048556486
binance,gate,FUNUSDT,0.00138300,0.03084,2129.9349,1774048556798
binance,gate,FUNUSDT,0.00138300,0.03084,2129.9349,1774048557110
binance,gate,FUNUSDT,0.00138300,0.03084,2129.9349,1774048557422
binance,gate,FUNUSDT,0.00138300,0.03084,2129.9349,1774048557739
binance,gate,FUNUSDT,0.00138300,0.03084,2129.9349,1774048558050
binance,gate,FUNUSDT,0.00138300,0.03084,2129.9349,1774048558358
binance,gate,FUNUSDT,0.00138300,0.03084,2129.9349,1774048558668
binance,gate,FUNUSDT,0.00138300,0.03084,2129.9349,1774048558983
binance,gate,FUNUSDT,0.00138300,0.03084,2129.9349,1774048559296
binance,gate,FUNUSDT,0.00138300,0.03084,2129.9349,1774048559606
binance,gate,FUNUSDT,0.00138300,0.03084,2129.9349,1774048559917
binance,gate,FUNUSDT,0.00138300,0.03084,2129.9349,1774048560224
binance,gate,FUNUSDT,0.00138300,0.03084,2129.9349,1774048560536
binance,gate,FUNUSDT,0.00138300,0.03084,2129.9349,1774048560842
binance,gate,FUNUSDT,0.00138300,0.03084,2129.9349,1774048561154
binance,gate,FUNUSDT,0.00138300,0.03084,2129.9349,1774048561475
binance,gate,FUNUSDT,0.00138300,0.03084,2129.9349,1774048561790
binance,gate,FUNUSDT,0.00138300,0.03084,2129.9349,1774048562101
binance,gate,FUNUSDT,0.00138300,0.03084,2129.9349,1774048562412
binance,gate,FUNUSDT,0.00138300,0.03084,2129.9349,1774048562720
binance,gate,FUNUSDT,0.00138300,0.03084,2129.9349,1774048563031
binance,gate,FUNUSDT,0.00138300,0.03084,2129.9349,1774048563342
binance,gate,FUNUSDT,0.00138300,0.03084,2129.9349,1774048563656
binance,gate,FUNUSDT,0.00138300,0.03084,2129.9349,1774048563965
binance,gate,FUNUSDT,0.00138300,0.03084,2129.9349,1774048564269
binance,gate,FUNUSDT,0.00138300,0.03084,2129.9349,1774048564576
binance,gate,FUNUSDT,0.00138300,0.03084,2129.9349,1774048564883
binance,gate,FUNUSDT,0.00138300,0.03084,2129.9349,1774048565195
binance,gate,FUNUSDT,0.00138300,0.03084,2129.9349,1774048565500
binance,gate,FUNUSDT,0.00138300,0.03084,2129.9349,1774048565820
binance,gate,FUNUSDT,0.00138300,0.03084,2129.9349,1774048566127
binance,gate,FUNUSDT,0.00138300,0.03084,2129.9349,1774048566444
binance,gate,FUNUSDT,0.00138300,0.03084,2129.9349,1774048566757
binance,gate,FUNUSDT,0.00138300,0.03084,2129.9349,1774048567070
binance,gate,FUNUSDT,0.00138300,0.03084,2129.9349,1774048567383
binance,gate,FUNUSDT,0.00138300,0.03084,2129.9349,1774048567695
binance,gate,FUNUSDT,0.00138300,0.03084,2129.9349,1774048568008
binance,gate,FUNUSDT,0.00138300,0.03084,2129.9349,1774048568318
binance,gate,FUNUSDT,0.00138300,0.03084,2129.9349,1774048568623
binance,gate,FUNUSDT,0.00138300,0.03084,2129.9349,1774048568937
binance,gate,FUNUSDT,0.00138300,0.03084,2129.9349,1774048569248
binance,gate,FUNUSDT,0.00138300,0.03084,2129.9349,1774048569557
binance,gate,FUNUSDT,0.00138300,0.03084,2129.9349,1774048569870
binance,gate,FUNUSDT,0.00138300,0.03084,2129.9349,1774048570182
binance,gate,FUNUSDT,0.00138300,0.03084,2129.9349,1774048570497
binance,gate,FUNUSDT,0.00138300,0.03084,2129.9349,1774048570814
binance,gate,FUNUSDT,0.00138300,0.03084,2129.9349,1774048571121
binance,gate,FUNUSDT,0.00138300,0.03084,2129.9349,1774048571435
binance,gate,FUNUSDT,0.00138300,0.03084,2129.9349,1774048571751
binance,gate,FUNUSDT,0.00138300,0.03084,2129.9349,1774048572057
binance,gate,FUNUSDT,0.00138300,0.03084,2129.9349,1774048572370
binance,gate,FUNUSDT,0.00138300,0.03081,2127.7657,1774048572678
binance,gate,FUNUSDT,0.00138300,0.03081,2127.7657,1774048572984
binance,gate,FUNUSDT,0.00138300,0.03081,2127.7657,1774048573299
binance,gate,FUNUSDT,0.00138300,0.03081,2127.7657,1774048573613
binance,gate,FUNUSDT,0.00138300,0.03081,2127.7657,1774048573918
binance,gate,FUNUSDT,0.00138300,0.03081,2127.7657,1774048574226
binance,gate,FUNUSDT,0.00138300,0.03081,2127.7657,1774048574533
binance,gate,FUNUSDT,0.00138300,0.03081,2127.7657,1774048574848
binance,gate,FUNUSDT,0.00138300,0.03081,2127.7657,1774048575159
binance,gate,FUNUSDT,0.00138300,0.03081,2127.7657,1774048575470
binance,gate,FUNUSDT,0.00138300,0.03081,2127.7657,1774048575774
binance,gate,FUNUSDT,0.00138300,0.03081,2127.7657,1774048576092
binance,gate,FUNUSDT,0.00138300,0.03081,2127.7657,1774048576402
binance,gate,FUNUSDT,0.00138300,0.03081,2127.7657,1774048576712
binance,gate,FUNUSDT,0.00138300,0.03081,2127.7657,1774048577022
binance,gate,FUNUSDT,0.00138300,0.03081,2127.7657,1774048577333
binance,gate,FUNUSDT,0.00138300,0.03081,2127.7657,1774048577644
binance,gate,FUNUSDT,0.00138300,0.03081,2127.7657,1774048577958
binance,gate,FUNUSDT,0.00138300,0.03081,2127.7657,1774048578267
binance,gate,FUNUSDT,0.00138300,0.03081,2127.7657,1774048578572
binance,gate,FUNUSDT,0.00138300,0.03081,2127.7657,1774048578875
binance,gate,FUNUSDT,0.00138300,0.03081,2127.7657,1774048579198
binance,gate,FUNUSDT,0.00138300,0.03081,2127.7657,1774048579501
binance,gate,FUNUSDT,0.00138300,0.03081,2127.7657,1774048579805
binance,gate,FUNUSDT,0.00138300,0.03081,2127.7657,1774048580108
binance,gate,FUNUSDT,0.00138300,0.03081,2127.7657,1774048580409
binance,gate,FUNUSDT,0.00138300,0.03081,2127.7657,1774048580763
binance,gate,FUNUSDT,0.00138300,0.03081,2127.7657,1774048581075
binance,gate,FUNUSDT,0.00138300,0.03081,2127.7657,1774048581389
binance,gate,FUNUSDT,0.00138300,0.03081,2127.7657,1774048581696
binance,gate,FUNUSDT,0.00138300,0.03081,2127.7657,1774048582009
binance,gate,FUNUSDT,0.00138300,0.03081,2127.7657,1774048582322
binance,gate,FUNUSDT,0.00138300,0.03081,2127.7657,1774048582634
binance,gate,FUNUSDT,0.00138300,0.03081,2127.7657,1774048582946
binance,gate,FUNUSDT,0.00138300,0.03081,2127.7657,1774048583253
binance,gate,FUNUSDT,0.00138300,0.03081,2127.7657,1774048583559
binance,gate,FUNUSDT,0.00138300,0.03082,2128.4888,1774048583886
binance,gate,FUNUSDT,0.00138300,0.03082,2128.4888,1774048584193
binance,gate,FUNUSDT,0.00138300,0.03082,2128.4888,1774048584500
binance,gate,FUNUSDT,0.00138300,0.03082,2128.4888,1774048584807
binance,gate,FUNUSDT,0.00138300,0.03082,2128.4888,1774048585114
binance,gate,FUNUSDT,0.00138300,0.03082,2128.4888,1774048585414
binance,gate,FUNUSDT,0.00138300,0.03082,2128.4888,1774048585715
binance,gate,FUNUSDT,0.00138300,0.03082,2128.4888,1774048586015
binance,gate,FUNUSDT,0.00138300,0.03082,2128.4888,1774048586316
binance,gate,FUNUSDT,0.00138300,0.03082,2128.4888,1774048586616
binance,gate,FUNUSDT,0.00138300,0.03082,2128.4888,1774048586916
binance,gate,FUNUSDT,0.00138300,0.03082,2128.4888,1774048587216
binance,gate,FUNUSDT,0.00138300,0.03082,2128.4888,1774048587533
binance,gate,FUNUSDT,0.00138300,0.03082,2128.4888,1774048587843
binance,gate,FUNUSDT,0.00138300,0.03082,2128.4888,1774048588143
binance,gate,FUNUSDT,0.00138300,0.03082,2128.4888,1774048588445
binance,gate,FUNUSDT,0.00138300,0.03082,2128.4888,1774048588745
binance,gate,FUNUSDT,0.00138300,0.03082,2128.4888,1774048589046
binance,gate,FUNUSDT,0.00138300,0.03082,2128.4888,1774048589346
binance,gate,FUNUSDT,0.00138300,0.03082,2128.4888,1774048589646
binance,gate,FUNUSDT,0.00138300,0.03082,2128.4888,1774048589947
binance,gate,FUNUSDT,0.00138300,0.03082,2128.4888,1774048590247
binance,gate,FUNUSDT,0.00138300,0.03082,2128.4888,1774048590567
binance,gate,FUNUSDT,0.00138300,0.03082,2128.4888,1774048590882
binance,gate,FUNUSDT,0.00138300,0.03082,2128.4888,1774048591190
binance,gate,FUNUSDT,0.00138300,0.03082,2128.4888,1774048591504
binance,gate,FUNUSDT,0.00138300,0.03082,2128.4888,1774048591819
binance,gate,FUNUSDT,0.00138300,0.03082,2128.4888,1774048592126
binance,gate,FUNUSDT,0.00138300,0.03082,2128.4888,1774048592437
binance,gate,FUNUSDT,0.00138300,0.03082,2128.4888,1774048592751
binance,gate,FUNUSDT,0.00138300,0.03082,2128.4888,1774048593051
binance,gate,FUNUSDT,0.00138300,0.03082,2128.4888,1774048593352
binance,gate,FUNUSDT,0.00138300,0.03082,2128.4888,1774048593652
binance,gate,FUNUSDT,0.00138300,0.03082,2128.4888,1774048593952
binance,gate,FUNUSDT,0.00138300,0.03082,2128.4888,1774048594262
binance,gate,FUNUSDT,0.00138300,0.03082,2128.4888,1774048594575
binance,gate,FUNUSDT,0.00138300,0.03082,2128.4888,1774048594887
binance,gate,FUNUSDT,0.00138300,0.03082,2128.4888,1774048595200
binance,gate,FUNUSDT,0.00138300,0.03082,2128.4888,1774048595518
binance,gate,FUNUSDT,0.00138300,0.03082,2128.4888,1774048595829
binance,gate,FUNUSDT,0.00138300,0.03082,2128.4888,1774048596163
binance,gate,FUNUSDT,0.00138300,0.03082,2128.4888,1774048596470
binance,gate,FUNUSDT,0.00138300,0.03082,2128.4888,1774048596785
binance,gate,FUNUSDT,0.00138300,0.03078,2125.5965,1774048597103
binance,gate,FUNUSDT,0.00138300,0.03079,2126.3196,1774048597417
binance,gate,FUNUSDT,0.00138300,0.03079,2126.3196,1774048597729
binance,gate,FUNUSDT,0.00138300,0.03079,2126.3196,1774048598035
binance,gate,FUNUSDT,0.00138300,0.03079,2126.3196,1774048598343
binance,gate,FUNUSDT,0.00138300,0.03079,2126.3196,1774048598657
binance,gate,FUNUSDT,0.00138300,0.03079,2126.3196,1774048598975
binance,gate,FUNUSDT,0.00138300,0.03079,2126.3196,1774048599294
binance,gate,FUNUSDT,0.00138300,0.03079,2126.3196,1774048599603
