spot_exch,fut_exch,symbol,ask_spot,bid_futures,spread_pct,ts
gate,bybit,VANRYUSDT,0.005731,0.006139,7.1192,1774047353000
gate,bybit,VANRYUSDT,0.005732,0.006139,7.1005,1774047358000
gate,bybit,VANRYUSDT,0.005731,0.006139,7.1192,1774047360000
gate,bybit,VANRYUSDT,0.005732,0.006139,7.1005,1774047362000
gate,bybit,VANRYUSDT,0.005732,0.006141,7.1354,1774047367000
gate,bybit,VANRYUSDT,0.005742,0.006149,7.0881,1774047369000
gate,bybit,VANRYUSDT,0.005743,0.006149,7.0695,1774047370000
gate,bybit,VANRYUSDT,0.005744,0.006149,7.0508,1774047374000
gate,bybit,VANRYUSDT,0.005744,0.006149,7.0508,1774047377000
gate,bybit,VANRYUSDT,0.005745,0.006149,7.0322,1774047379000
gate,bybit,VANRYUSDT,0.005744,0.006149,7.0508,1774047389000
gate,bybit,VANRYUSDT,0.005744,0.006148,7.0334,1774047390000
gate,bybit,VANRYUSDT,0.005745,0.00615,7.0496,1774047392000
gate,bybit,VANRYUSDT,0.005747,0.006156,7.1168,1774047393000
gate,bybit,VANRYUSDT,0.005747,0.006155,7.0994,1774047394000
gate,bybit,VANRYUSDT,0.005747,0.006155,7.0994,1774047395000
gate,bybit,VANRYUSDT,0.00575,0.006156,7.0609,1774047398000
gate,bybit,VANRYUSDT,0.00575,0.006156,7.0609,1774047401000
gate,bybit,VANRYUSDT,0.005751,0.006156,7.0423,1774047405000
gate,bybit,VANRYUSDT,0.005751,0.006156,7.0423,1774047406000
gate,bybit,VANRYUSDT,0.005752,0.006157,7.041,1774047407000
gate,bybit,VANRYUSDT,0.005752,0.006157,7.041,1774047408000
gate,bybit,VANRYUSDT,0.005751,0.006154,7.0075,1774047409000
gate,bybit,VANRYUSDT,0.005753,0.006159,7.0572,1774047410000
gate,bybit,VANRYUSDT,0.005753,0.006157,7.0224,1774047411000
gate,bybit,VANRYUSDT,0.005754,0.006156,6.9864,1774047416000
gate,bybit,VANRYUSDT,0.005755,0.006156,6.9679,1774047444000
gate,bybit,VANRYUSDT,0.005753,0.006156,7.005,1774047469000
gate,bybit,VANRYUSDT,0.005754,0.006156,6.9864,1774047470000
gate,bybit,VANRYUSDT,0.005752,0.006156,7.0236,1774047472000
gate,bybit,VANRYUSDT,0.005752,0.006156,7.0236,1774047473000
gate,bybit,VANRYUSDT,0.00575,0.006156,7.0609,1774047475000
gate,bybit,VANRYUSDT,0.00575,0.006156,7.0609,1774047477000
gate,bybit,VANRYUSDT,0.005748,0.006156,7.0981,1774047479000
gate,bybit,VANRYUSDT,0.005747,0.006155,7.0994,1774047480000
gate,bybit,VANRYUSDT,0.005747,0.006155,7.0994,1774047487000
gate,bybit,VANRYUSDT,0.005746,0.006155,7.118,1774047488000
gate,bybit,VANRYUSDT,0.005747,0.006155,7.0994,1774047491000
gate,bybit,VANRYUSDT,0.005747,0.006156,7.1168,1774047492000
gate,bybit,VANRYUSDT,0.005747,0.006156,7.1168,1774047495000
gate,bybit,VANRYUSDT,0.005747,0.006156,7.1168,1774047496000
gate,bybit,VANRYUSDT,0.005747,0.006156,7.1168,1774047498000
gate,bybit,VANRYUSDT,0.005746,0.006156,7.1354,1774047500000
gate,bybit,VANRYUSDT,0.005746,0.006156,7.1354,1774047508000
gate,bybit,VANRYUSDT,0.005747,0.006156,7.1168,1774047509000
gate,bybit,VANRYUSDT,0.005749,0.006158,7.1143,1774047510000
gate,bybit,VANRYUSDT,0.005749,0.006158,7.1143,1774047512000
gate,bybit,VANRYUSDT,0.00575,0.006158,7.0957,1774047513000
gate,bybit,VANRYUSDT,0.00575,0.006158,7.0957,1774047514000
gate,bybit,VANRYUSDT,0.005751,0.006158,7.077,1774047518000
gate,bybit,VANRYUSDT,0.005752,0.006158,7.0584,1774047520000
gate,bybit,VANRYUSDT,0.00575,0.006158,7.0957,1774047521000
gate,bybit,VANRYUSDT,0.00575,0.006158,7.0957,1774047527000
gate,bybit,VANRYUSDT,0.005749,0.006158,7.1143,1774047537000
gate,bybit,VANRYUSDT,0.005749,0.006158,7.1143,1774047547000
gate,bybit,VANRYUSDT,0.005747,0.006158,7.1516,1774047549000
gate,bybit,VANRYUSDT,0.005749,0.006158,7.1143,1774047550000
gate,bybit,VANRYUSDT,0.005748,0.006158,7.1329,1774047554000
gate,bybit,VANRYUSDT,0.005749,0.006158,7.1143,1774047556000
gate,bybit,VANRYUSDT,0.00575,0.006159,7.113,1774047557000
gate,bybit,VANRYUSDT,0.00575,0.006159,7.113,1774047558000
gate,bybit,VANRYUSDT,0.005749,0.006158,7.1143,1774047559000
gate,bybit,VANRYUSDT,0.00575,0.006158,7.0957,1774047560000
gate,bybit,VANRYUSDT,0.005749,0.006158,7.1143,1774047562000
gate,bybit,VANRYUSDT,0.005749,0.006158,7.1143,1774047564000
gate,bybit,VANRYUSDT,0.00575,0.006158,7.0957,1774047565000
gate,bybit,VANRYUSDT,0.005751,0.006163,7.164,1774047567000
gate,bybit,VANRYUSDT,0.005752,0.006163,7.1453,1774047568000
gate,bybit,VANRYUSDT,0.005752,0.006163,7.1453,1774047569000
gate,bybit,VANRYUSDT,0.005752,0.006166,7.1975,1774047570000
gate,bybit,VANRYUSDT,0.005757,0.00617,7.1739,1774047571000
gate,bybit,VANRYUSDT,0.005759,0.00617,7.1367,1774047572000
gate,bybit,VANRYUSDT,0.005759,0.00617,7.1367,1774047573000
gate,bybit,VANRYUSDT,0.00576,0.006171,7.1354,1774047574000
gate,bybit,VANRYUSDT,0.005764,0.006171,7.0611,1774047578000
gate,bybit,VANRYUSDT,0.005765,0.006171,7.0425,1774047579000
gate,bybit,VANRYUSDT,0.005766,0.006175,7.0933,1774047582000
gate,bybit,VANRYUSDT,0.005766,0.006174,7.076,1774047583000
gate,bybit,VANRYUSDT,0.005764,0.006172,7.0784,1774047584000
gate,bybit,VANRYUSDT,0.005766,0.006172,7.0413,1774047585000
gate,bybit,VANRYUSDT,0.005766,0.006173,7.0586,1774047586000
gate,bybit,VANRYUSDT,0.005766,0.006172,7.0413,1774047587000
gate,bybit,VANRYUSDT,0.005766,0.006172,7.0413,1774047591000
gate,bybit,VANRYUSDT,0.005766,0.006172,7.0413,1774047592000
gate,bybit,VANRYUSDT,0.005765,0.006173,7.0772,1774047593000
gate,bybit,VANRYUSDT,0.00576,0.006171,7.1354,1774047594000
gate,bybit,VANRYUSDT,0.005761,0.00617,7.0995,1774047595000
gate,bybit,VANRYUSDT,0.00576,0.00617,7.1181,1774047596000
gate,bybit,VANRYUSDT,0.00576,0.006168,7.0833,1774047599000
gate,bybit,VANRYUSDT,0.005759,0.006168,7.1019,1774047600000
gate,bybit,VANRYUSDT,0.005762,0.006169,7.0635,1774047601000
gate,bybit,VANRYUSDT,0.005767,0.006174,7.0574,1774047602000
gate,bybit,VANRYUSDT,0.005762,0.006167,7.0288,1774047603000
gate,bybit,VANRYUSDT,0.005764,0.006167,6.9917,1774047604000
gate,bybit,VANRYUSDT,0.005765,0.006166,6.9558,1774047605000
gate,bybit,VANRYUSDT,0.005766,0.006166,6.9372,1774047606000
gate,bybit,VANRYUSDT,0.005768,0.00617,6.9695,1774047607000
gate,bybit,VANRYUSDT,0.005769,0.00617,6.9509,1774047608000
gate,bybit,VANRYUSDT,0.005772,0.00617,6.8954,1774047609000
gate,bybit,VANRYUSDT,0.005775,0.006172,6.8745,1774047610000
gate,bybit,VANRYUSDT,0.005774,0.00617,6.8583,1774047611000
gate,bybit,VANRYUSDT,0.005775,0.006171,6.8571,1774047612000
gate,bybit,VANRYUSDT,0.005774,0.006171,6.8756,1774047614000
gate,bybit,VANRYUSDT,0.005773,0.006171,6.8942,1774047615000
gate,bybit,VANRYUSDT,0.005778,0.006178,6.9228,1774047616000
gate,bybit,VANRYUSDT,0.005779,0.006178,6.9043,1774047617000
gate,bybit,VANRYUSDT,0.005778,0.006177,6.9055,1774047618000
gate,bybit,VANRYUSDT,0.005774,0.006177,6.9796,1774047619000
gate,bybit,VANRYUSDT,0.005774,0.006177,6.9796,1774047620000
gate,bybit,VANRYUSDT,0.005774,0.006177,6.9796,1774047621000
gate,bybit,VANRYUSDT,0.005775,0.006177,6.961,1774047622000
gate,bybit,VANRYUSDT,0.005775,0.006177,6.961,1774047623000
gate,bybit,VANRYUSDT,0.005777,0.006177,6.924,1774047624000
gate,bybit,VANRYUSDT,0.005777,0.006178,6.9413,1774047625000
gate,bybit,VANRYUSDT,0.005777,0.006178,6.9413,1774047627000
gate,bybit,VANRYUSDT,0.005778,0.006178,6.9228,1774047629000
gate,bybit,VANRYUSDT,0.005777,0.006178,6.9413,1774047630000
gate,bybit,VANRYUSDT,0.005778,0.006176,6.8882,1774047631000
gate,bybit,VANRYUSDT,0.005779,0.006176,6.8697,1774047632000
gate,bybit,VANRYUSDT,0.005779,0.006177,6.887,1774047633000
gate,bybit,VANRYUSDT,0.005778,0.006177,6.9055,1774047635000
gate,bybit,VANRYUSDT,0.005778,0.006177,6.9055,1774047638000
gate,bybit,VANRYUSDT,0.005777,0.006178,6.9413,1774047639000
gate,bybit,VANRYUSDT,0.005777,0.006178,6.9413,1774047640000
gate,bybit,VANRYUSDT,0.005774,0.006176,6.9622,1774047641000
gate,bybit,VANRYUSDT,0.005775,0.006176,6.9437,1774047644000
gate,bybit,VANRYUSDT,0.005778,0.006181,6.9747,1774047645000
gate,bybit,VANRYUSDT,0.005777,0.006179,6.9586,1774047646000
gate,bybit,VANRYUSDT,0.005776,0.006179,6.9771,1774047647000
gate,bybit,VANRYUSDT,0.005778,0.006179,6.9401,1774047648000
gate,bybit,VANRYUSDT,0.005777,0.006179,6.9586,1774047650000
gate,bybit,VANRYUSDT,0.005777,0.006179,6.9586,1774047651000
gate,bybit,VANRYUSDT,0.005777,0.006181,6.9932,1774047652000
gate,bybit,VANRYUSDT,0.005779,0.006184,7.0081,1774047653000
gate,bybit,VANRYUSDT,0.005777,0.006181,6.9932,1774047654000
gate,bybit,VANRYUSDT,0.005776,0.006179,6.9771,1774047655000
gate,bybit,VANRYUSDT,0.005776,0.006179,6.9771,1774047658000
gate,bybit,VANRYUSDT,0.005777,0.006179,6.9586,1774047659000
gate,bybit,VANRYUSDT,0.005777,0.006179,6.9586,1774047660000
gate,bybit,VANRYUSDT,0.005777,0.006178,6.9413,1774047662000
gate,bybit,VANRYUSDT,0.005776,0.006177,6.9425,1774047663000
gate,bybit,VANRYUSDT,0.005777,0.006177,6.924,1774047664000
gate,bybit,VANRYUSDT,0.005777,0.006177,6.924,1774047665000
gate,bybit,VANRYUSDT,0.005777,0.006179,6.9586,1774047668000
gate,bybit,VANRYUSDT,0.005775,0.006179,6.9957,1774047669000
gate,bybit,VANRYUSDT,0.005776,0.006179,6.9771,1774047670000
gate,bybit,VANRYUSDT,0.005772,0.006175,6.982,1774047671000
gate,bybit,VANRYUSDT,0.005772,0.006174,6.9647,1774047672000
gate,bybit,VANRYUSDT,0.005771,0.006174,6.9832,1774047674000
gate,bybit,VANRYUSDT,0.005768,0.006172,7.0042,1774047675000
gate,bybit,VANRYUSDT,0.005767,0.00617,6.988,1774047676000
gate,bybit,VANRYUSDT,0.005767,0.00617,6.988,1774047679000
gate,bybit,VANRYUSDT,0.005766,0.00617,7.0066,1774047681000
gate,bybit,VANRYUSDT,0.005769,0.006171,6.9683,1774047685000
gate,bybit,VANRYUSDT,0.005772,0.006173,6.9473,1774047686000
gate,bybit,VANRYUSDT,0.005772,0.006173,6.9473,1774047689000
gate,bybit,VANRYUSDT,0.005773,0.006173,6.9288,1774047690000
gate,bybit,VANRYUSDT,0.005774,0.006173,6.9103,1774047691000
gate,bybit,VANRYUSDT,0.005774,0.006173,6.9103,1774047692000
gate,bybit,VANRYUSDT,0.005774,0.006173,6.9103,1774047693000
gate,bybit,VANRYUSDT,0.005772,0.006173,6.9473,1774047694000
gate,bybit,VANRYUSDT,0.005772,0.006173,6.9473,1774047697000
gate,bybit,VANRYUSDT,0.005771,0.006173,6.9659,1774047698000
gate,bybit,VANRYUSDT,0.00577,0.006172,6.9671,1774047699000
gate,bybit,VANRYUSDT,0.005768,0.006172,7.0042,1774047700000
gate,bybit,VANRYUSDT,0.005766,0.006172,7.0413,1774047710000
gate,bybit,VANRYUSDT,0.005767,0.006172,7.0227,1774047712000
gate,bybit,VANRYUSDT,0.005767,0.006172,7.0227,1774047713000
gate,bybit,VANRYUSDT,0.005767,0.006172,7.0227,1774047714000
gate,bybit,VANRYUSDT,0.005767,0.006172,7.0227,1774047715000
gate,bybit,VANRYUSDT,0.005767,0.006172,7.0227,1774047716000
gate,bybit,VANRYUSDT,0.005769,0.006172,6.9856,1774047717000
gate,bybit,VANRYUSDT,0.005768,0.006172,7.0042,1774047718000
gate,bybit,VANRYUSDT,0.005768,0.006172,7.0042,1774047721000
gate,bybit,VANRYUSDT,0.005768,0.006172,7.0042,1774047722000
gate,bybit,VANRYUSDT,0.005766,0.006168,6.9719,1774047724000
gate,bybit,VANRYUSDT,0.005764,0.006168,7.009,1774047725000
gate,bybit,VANRYUSDT,0.005764,0.006168,7.009,1774047729000
gate,bybit,VANRYUSDT,0.005799,0.006188,6.7081,1774047730000
gate,bybit,VANRYUSDT,0.005796,0.006192,6.8323,1774047731000
gate,bybit,VANRYUSDT,0.005791,0.006192,6.9245,1774047732000
gate,bybit,VANRYUSDT,0.005783,0.00619,7.0379,1774047733000
gate,bybit,VANRYUSDT,0.005799,0.006196,6.846,1774047734000
gate,bybit,VANRYUSDT,0.005793,0.006194,6.9221,1774047735000
gate,bybit,VANRYUSDT,0.005789,0.006187,6.8751,1774047736000
gate,bybit,VANRYUSDT,0.005799,0.006195,6.8288,1774047737000
gate,bybit,VANRYUSDT,0.005792,0.006189,6.8543,1774047738000
gate,bybit,VANRYUSDT,0.005798,0.00619,6.761,1774047739000
gate,bybit,VANRYUSDT,0.005798,0.00619,6.761,1774047740000
gate,bybit,VANRYUSDT,0.005799,0.006194,6.8115,1774047741000
gate,bybit,VANRYUSDT,0.005802,0.006196,6.7908,1774047742000
gate,bybit,VANRYUSDT,0.005798,0.006193,6.8127,1774047743000
gate,bybit,VANRYUSDT,0.005794,0.006189,6.8174,1774047744000
gate,bybit,VANRYUSDT,0.005794,0.006188,6.8001,1774047745000
gate,bybit,VANRYUSDT,0.00579,0.006198,7.0466,1774047747000
gate,bybit,VANRYUSDT,0.005797,0.00619,6.7794,1774047748000
gate,bybit,VANRYUSDT,0.005793,0.00619,6.8531,1774047749000
gate,bybit,VANRYUSDT,0.005795,0.00619,6.8162,1774047750000
gate,bybit,VANRYUSDT,0.005813,0.006202,6.6919,1774047751000
gate,bybit,VANRYUSDT,0.005811,0.006202,6.7286,1774047752000
gate,bybit,VANRYUSDT,0.005811,0.006202,6.7286,1774047753000
gate,bybit,VANRYUSDT,0.005811,0.006202,6.7286,1774047754000
gate,bybit,VANRYUSDT,0.005814,0.006207,6.7595,1774047755000
gate,bybit,VANRYUSDT,0.005814,0.006207,6.7595,1774047756000
gate,bybit,VANRYUSDT,0.005822,0.006212,6.6987,1774047757000
gate,bybit,VANRYUSDT,0.00582,0.006212,6.7354,1774047758000
gate,bybit,VANRYUSDT,0.005816,0.006211,6.7916,1774047759000
gate,bybit,VANRYUSDT,0.005816,0.006211,6.7916,1774047760000
gate,bybit,VANRYUSDT,0.005816,0.006212,6.8088,1774047761000
gate,bybit,VANRYUSDT,0.005816,0.006211,6.7916,1774047762000
gate,bybit,VANRYUSDT,0.005841,0.006236,6.7625,1774047763000
gate,bybit,VANRYUSDT,0.005844,0.006237,6.7248,1774047765000
gate,bybit,VANRYUSDT,0.005844,0.00624,6.7762,1774047766000
gate,bybit,VANRYUSDT,0.005846,0.00624,6.7397,1774047767000
gate,bybit,VANRYUSDT,0.005832,0.006228,6.7901,1774047768000
gate,bybit,VANRYUSDT,0.005841,0.006222,6.5229,1774047769000
gate,bybit,VANRYUSDT,0.00583,0.006225,6.7753,1774047770000
gate,bybit,VANRYUSDT,0.005834,0.00623,6.7878,1774047771000
gate,bybit,VANRYUSDT,0.005834,0.006229,6.7707,1774047772000
gate,bybit,VANRYUSDT,0.005835,0.006229,6.7524,1774047773000
gate,bybit,VANRYUSDT,0.005836,0.006229,6.7341,1774047774000
gate,bybit,VANRYUSDT,0.005834,0.006229,6.7707,1774047775000
gate,bybit,VANRYUSDT,0.00583,0.006229,6.8439,1774047776000
gate,bybit,VANRYUSDT,0.00583,0.006226,6.7925,1774047777000
gate,bybit,VANRYUSDT,0.00583,0.006228,6.8268,1774047778000
gate,bybit,VANRYUSDT,0.00583,0.006228,6.8268,1774047779000
gate,bybit,VANRYUSDT,0.005832,0.006228,6.7901,1774047780000
gate,bybit,VANRYUSDT,0.005833,0.006231,6.8232,1774047782000
gate,bybit,VANRYUSDT,0.005833,0.006234,6.8747,1774047783000
gate,bybit,VANRYUSDT,0.005833,0.006234,6.8747,1774047785000
gate,bybit,VANRYUSDT,0.005828,0.006226,6.8291,1774047786000
gate,bybit,VANRYUSDT,0.005826,0.006227,6.8829,1774047788000
gate,bybit,VANRYUSDT,0.005826,0.006227,6.8829,1774047789000
gate,bybit,VANRYUSDT,0.005824,0.006227,6.9196,1774047790000
gate,bybit,VANRYUSDT,0.005824,0.006226,6.9025,1774047791000
gate,bybit,VANRYUSDT,0.005824,0.006225,6.8853,1774047792000
gate,bybit,VANRYUSDT,0.005821,0.006223,6.906,1774047793000
gate,bybit,VANRYUSDT,0.005824,0.006222,6.8338,1774047794000
gate,bybit,VANRYUSDT,0.005822,0.006221,6.8533,1774047795000
gate,bybit,VANRYUSDT,0.005802,0.0062,6.8597,1774047796000
gate,bybit,VANRYUSDT,0.005796,0.0062,6.9703,1774047797000
gate,bybit,VANRYUSDT,0.005794,0.006193,6.8864,1774047798000
gate,bybit,VANRYUSDT,0.005793,0.006191,6.8704,1774047800000
gate,bybit,VANRYUSDT,0.005792,0.006191,6.8888,1774047802000
gate,bybit,VANRYUSDT,0.005792,0.006191,6.8888,1774047803000
gate,bybit,VANRYUSDT,0.005792,0.006192,6.9061,1774047806000
gate,bybit,VANRYUSDT,0.005776,0.006182,7.0291,1774047807000
gate,bybit,VANRYUSDT,0.00579,0.006179,6.7185,1774047808000
gate,bybit,VANRYUSDT,0.005791,0.006187,6.8382,1774047809000
gate,bybit,VANRYUSDT,0.005788,0.006187,6.8936,1774047810000
gate,bybit,VANRYUSDT,0.00578,0.006175,6.8339,1774047811000
gate,bybit,VANRYUSDT,0.005778,0.006175,6.8709,1774047814000
gate,bybit,VANRYUSDT,0.005778,0.006176,6.8882,1774047822000
gate,bybit,VANRYUSDT,0.005771,0.006174,6.9832,1774047823000
gate,bybit,VANRYUSDT,0.005769,0.006165,6.8643,1774047824000
gate,bybit,VANRYUSDT,0.005769,0.00617,6.9509,1774047827000
gate,bybit,VANRYUSDT,0.005786,0.00618,6.8095,1774047828000
gate,bybit,VANRYUSDT,0.00579,0.006181,6.753,1774047830000
gate,bybit,VANRYUSDT,0.005792,0.006189,6.8543,1774047831000
gate,bybit,VANRYUSDT,0.005801,0.006195,6.7919,1774047832000
gate,bybit,VANRYUSDT,0.005803,0.006198,6.8068,1774047834000
gate,bybit,VANRYUSDT,0.005803,0.006197,6.7896,1774047836000
gate,bybit,VANRYUSDT,0.005797,0.006196,6.8829,1774047837000
gate,bybit,VANRYUSDT,0.005797,0.006194,6.8484,1774047838000
gate,bybit,VANRYUSDT,0.005797,0.006194,6.8484,1774047841000
gate,bybit,VANRYUSDT,0.005797,0.006195,6.8656,1774047842000
gate,bybit,VANRYUSDT,0.005794,0.006195,6.921,1774047843000
gate,bybit,VANRYUSDT,0.005793,0.006195,6.9394,1774047850000
gate,bybit,VANRYUSDT,0.005793,0.006193,6.9049,1774047852000
gate,bybit,VANRYUSDT,0.00579,0.006189,6.8912,1774047857000
gate,bybit,VANRYUSDT,0.00579,0.00619,6.9085,1774047858000
gate,bybit,VANRYUSDT,0.005787,0.006186,6.8948,1774047860000
gate,bybit,VANRYUSDT,0.005785,0.006185,6.9144,1774047865000
gate,bybit,VANRYUSDT,0.005782,0.006184,6.9526,1774047866000
gate,bybit,VANRYUSDT,0.005782,0.006184,6.9526,1774047867000
gate,bybit,VANRYUSDT,0.005782,0.006186,6.9872,1774047868000
gate,bybit,VANRYUSDT,0.005785,0.006186,6.9317,1774047869000
gate,bybit,VANRYUSDT,0.005786,0.006186,6.9132,1774047870000
gate,bybit,VANRYUSDT,0.005786,0.006186,6.9132,1774047871000
gate,bybit,VANRYUSDT,0.005796,0.006198,6.9358,1774047872000
gate,bybit,VANRYUSDT,0.005796,0.006198,6.9358,1774047873000
gate,bybit,VANRYUSDT,0.005796,0.006198,6.9358,1774047874000
gate,bybit,VANRYUSDT,0.005796,0.006198,6.9358,1774047875000
gate,bybit,VANRYUSDT,0.005797,0.006198,6.9174,1774047881000
gate,bybit,VANRYUSDT,0.005796,0.006198,6.9358,1774047882000
gate,bybit,VANRYUSDT,0.005796,0.006198,6.9358,1774047886000
gate,bybit,VANRYUSDT,0.005796,0.006198,6.9358,1774047888000
gate,bybit,VANRYUSDT,0.005797,0.006199,6.9346,1774047894000
gate,bybit,VANRYUSDT,0.005804,0.006205,6.909,1774047895000
gate,bybit,VANRYUSDT,0.005804,0.006205,6.909,1774047896000
gate,bybit,VANRYUSDT,0.005804,0.006205,6.909,1774047900000
gate,bybit,VANRYUSDT,0.005801,0.006205,6.9643,1774047903000
gate,bybit,VANRYUSDT,0.005799,0.006202,6.9495,1774047904000
gate,bybit,VANRYUSDT,0.005801,0.0062,6.8781,1774047906000
gate,bybit,VANRYUSDT,0.005799,0.006199,6.8977,1774047911000
gate,bybit,VANRYUSDT,0.005801,0.006199,6.8609,1774047912000
gate,bybit,VANRYUSDT,0.005799,0.006199,6.8977,1774047913000
gate,bybit,VANRYUSDT,0.005803,0.006199,6.8241,1774047914000
gate,bybit,VANRYUSDT,0.005803,0.006207,6.9619,1774047917000
gate,bybit,VANRYUSDT,0.005803,0.006207,6.9619,1774047918000
gate,bybit,VANRYUSDT,0.005804,0.006208,6.9607,1774047919000
gate,bybit,VANRYUSDT,0.005803,0.006208,6.9791,1774047926000
gate,bybit,VANRYUSDT,0.005804,0.006208,6.9607,1774047930000
gate,bybit,VANRYUSDT,0.005803,0.006208,6.9791,1774047937000
gate,bybit,VANRYUSDT,0.005804,0.006208,6.9607,1774047938000
gate,bybit,VANRYUSDT,0.005804,0.006206,6.9263,1774047942000
gate,bybit,VANRYUSDT,0.005803,0.006206,6.9447,1774047943000
gate,bybit,VANRYUSDT,0.005804,0.006206,6.9263,1774047944000
gate,bybit,VANRYUSDT,0.005804,0.006205,6.909,1774047945000
gate,bybit,VANRYUSDT,0.005804,0.006206,6.9263,1774047946000
gate,bybit,VANRYUSDT,0.005803,0.006206,6.9447,1774047947000
gate,bybit,VANRYUSDT,0.005803,0.006206,6.9447,1774047951000
gate,bybit,VANRYUSDT,0.005804,0.006206,6.9263,1774047953000
gate,bybit,VANRYUSDT,0.005803,0.006207,6.9619,1774047954000
gate,bybit,VANRYUSDT,0.005803,0.006207,6.9619,1774047956000
gate,bybit,VANRYUSDT,0.005803,0.006207,6.9619,1774047957000
gate,bybit,VANRYUSDT,0.005803,0.006207,6.9619,1774047960000
gate,bybit,VANRYUSDT,0.005801,0.006203,6.9298,1774047961000
gate,bybit,VANRYUSDT,0.005795,0.006197,6.937,1774047962000
gate,bybit,VANRYUSDT,0.005795,0.006195,6.9025,1774047963000
gate,bybit,VANRYUSDT,0.005793,0.006196,6.9567,1774047964000
gate,bybit,VANRYUSDT,0.005795,0.006196,6.9198,1774047966000
gate,bybit,VANRYUSDT,0.005795,0.006196,6.9198,1774047967000
gate,bybit,VANRYUSDT,0.005795,0.0062,6.9888,1774047968000
gate,bybit,VANRYUSDT,0.005795,0.006199,6.9715,1774047969000
gate,bybit,VANRYUSDT,0.005794,0.006199,6.99,1774047971000
gate,bybit,VANRYUSDT,0.005794,0.006199,6.99,1774047972000
gate,bybit,VANRYUSDT,0.005794,0.006198,6.9727,1774047975000
gate,bybit,VANRYUSDT,0.005794,0.006198,6.9727,1774047978000
gate,bybit,VANRYUSDT,0.005794,0.006196,6.9382,1774047979000
gate,bybit,VANRYUSDT,0.005792,0.006194,6.9406,1774047980000
gate,bybit,VANRYUSDT,0.005794,0.006197,6.9555,1774047981000
gate,bybit,VANRYUSDT,0.005795,0.006198,6.9543,1774047982000
gate,bybit,VANRYUSDT,0.005794,0.006198,6.9727,1774048010000
gate,bybit,VANRYUSDT,0.005794,0.006198,6.9727,1774048020000
gate,bybit,VANRYUSDT,0.005794,0.006198,6.9727,1774048021000
gate,bybit,VANRYUSDT,0.005794,0.006198,6.9727,1774048022000
gate,bybit,VANRYUSDT,0.005791,0.006196,6.9936,1774048025000
gate,bybit,VANRYUSDT,0.005792,0.006195,6.9579,1774048026000
gate,bybit,VANRYUSDT,0.005792,0.006195,6.9579,1774048027000
gate,bybit,VANRYUSDT,0.005792,0.006195,6.9579,1774048028000
gate,bybit,VANRYUSDT,0.005792,0.006195,6.9579,1774048029000
gate,bybit,VANRYUSDT,0.005792,0.006195,6.9579,1774048030000
gate,bybit,VANRYUSDT,0.005791,0.006195,6.9763,1774048035000
gate,bybit,VANRYUSDT,0.005792,0.006195,6.9579,1774048038000
gate,bybit,VANRYUSDT,0.005791,0.006195,6.9763,1774048042000
gate,bybit,VANRYUSDT,0.005792,0.006194,6.9406,1774048043000
gate,bybit,VANRYUSDT,0.00578,0.006183,6.9723,1774048044000
gate,bybit,VANRYUSDT,0.005779,0.006184,7.0081,1774048045000
gate,bybit,VANRYUSDT,0.00578,0.006182,6.955,1774048046000
gate,bybit,VANRYUSDT,0.005776,0.00618,6.9945,1774048047000
gate,bybit,VANRYUSDT,0.005772,0.006175,6.982,1774048048000
gate,bybit,VANRYUSDT,0.005772,0.006175,6.982,1774048049000
gate,bybit,VANRYUSDT,0.005773,0.006176,6.9808,1774048051000
gate,bybit,VANRYUSDT,0.005772,0.006177,7.0166,1774048052000
gate,bybit,VANRYUSDT,0.005772,0.006176,6.9993,1774048053000
gate,bybit,VANRYUSDT,0.005772,0.006175,6.982,1774048054000
gate,bybit,VANRYUSDT,0.005773,0.006175,6.9635,1774048056000
gate,bybit,VANRYUSDT,0.005774,0.006176,6.9622,1774048058000
gate,bybit,VANRYUSDT,0.005773,0.006176,6.9808,1774048059000
gate,bybit,VANRYUSDT,0.005776,0.006177,6.9425,1774048060000
gate,bybit,VANRYUSDT,0.005774,0.006178,6.9969,1774048062000
gate,bybit,VANRYUSDT,0.005777,0.006179,6.9586,1774048063000
gate,bybit,VANRYUSDT,0.005776,0.006179,6.9771,1774048064000
gate,bybit,VANRYUSDT,0.005775,0.006179,6.9957,1774048065000
gate,bybit,VANRYUSDT,0.005775,0.006179,6.9957,1774048066000
gate,bybit,VANRYUSDT,0.005776,0.006179,6.9771,1774048068000
gate,bybit,VANRYUSDT,0.005776,0.006179,6.9771,1774048070000
gate,bybit,VANRYUSDT,0.005778,0.006183,7.0093,1774048085000
gate,bybit,VANRYUSDT,0.005778,0.006183,7.0093,1774048086000
gate,bybit,VANRYUSDT,0.005779,0.006188,7.0773,1774048087000
gate,bybit,VANRYUSDT,0.005779,0.006183,6.9908,1774048089000
gate,bybit,VANRYUSDT,0.005779,0.006183,6.9908,1774048100000
gate,bybit,VANRYUSDT,0.005777,0.006182,7.0106,1774048101000
gate,bybit,VANRYUSDT,0.005777,0.006182,7.0106,1774048103173
gate,bybit,VANRYUSDT,0.005777,0.006182,7.0106,1774048103473
gate,bybit,VANRYUSDT,0.005777,0.006182,7.0106,1774048103773
gate,bybit,VANRYUSDT,0.005777,0.006182,7.0106,1774048104073
gate,bybit,VANRYUSDT,0.005777,0.006182,7.0106,1774048104373
gate,bybit,VANRYUSDT,0.005774,0.006181,7.0488,1774048104673
gate,bybit,VANRYUSDT,0.005774,0.006181,7.0488,1774048104973
gate,bybit,VANRYUSDT,0.005774,0.006181,7.0488,1774048105273
gate,bybit,VANRYUSDT,0.005774,0.006181,7.0488,1774048105574
gate,bybit,VANRYUSDT,0.005774,0.006181,7.0488,1774048105875
gate,bybit,VANRYUSDT,0.005774,0.006181,7.0488,1774048106175
gate,bybit,VANRYUSDT,0.005774,0.006181,7.0488,1774048106475
gate,bybit,VANRYUSDT,0.005774,0.006181,7.0488,1774048106775
gate,bybit,VANRYUSDT,0.005774,0.006181,7.0488,1774048107077
gate,bybit,VANRYUSDT,0.005774,0.006181,7.0488,1774048107377
gate,bybit,VANRYUSDT,0.005774,0.006181,7.0488,1774048107677
gate,bybit,VANRYUSDT,0.005775,0.006181,7.0303,1774048107979
gate,bybit,VANRYUSDT,0.005775,0.006181,7.0303,1774048108279
gate,bybit,VANRYUSDT,0.005775,0.006181,7.0303,1774048108579
gate,bybit,VANRYUSDT,0.005775,0.006181,7.0303,1774048108880
gate,bybit,VANRYUSDT,0.005775,0.006181,7.0303,1774048109180
gate,bybit,VANRYUSDT,0.005775,0.006181,7.0303,1774048109480
gate,bybit,VANRYUSDT,0.005775,0.006181,7.0303,1774048109781
gate,bybit,VANRYUSDT,0.005775,0.00618,7.013,1774048110082
gate,bybit,VANRYUSDT,0.005775,0.006179,6.9957,1774048110382
gate,bybit,VANRYUSDT,0.005775,0.00618,7.013,1774048110683
gate,bybit,VANRYUSDT,0.005775,0.00618,7.013,1774048110983
gate,bybit,VANRYUSDT,0.005775,0.00618,7.013,1774048111284
gate,bybit,VANRYUSDT,0.005775,0.00618,7.013,1774048111584
gate,bybit,VANRYUSDT,0.005775,0.00618,7.013,1774048111884
gate,bybit,VANRYUSDT,0.005775,0.00618,7.013,1774048112185
gate,bybit,VANRYUSDT,0.005775,0.00618,7.013,1774048112486
gate,bybit,VANRYUSDT,0.005775,0.00618,7.013,1774048112786
gate,bybit,VANRYUSDT,0.005775,0.00618,7.013,1774048113086
gate,bybit,VANRYUSDT,0.005775,0.00618,7.013,1774048113386
gate,bybit,VANRYUSDT,0.005775,0.00618,7.013,1774048113686
gate,bybit,VANRYUSDT,0.005775,0.00618,7.013,1774048113996
gate,bybit,VANRYUSDT,0.005775,0.00618,7.013,1774048114304
gate,bybit,VANRYUSDT,0.005775,0.00618,7.013,1774048114605
gate,bybit,VANRYUSDT,0.005775,0.00618,7.013,1774048114919
gate,bybit,VANRYUSDT,0.005775,0.00618,7.013,1774048115224
gate,bybit,VANRYUSDT,0.005775,0.00618,7.013,1774048115530
gate,bybit,VANRYUSDT,0.005775,0.00618,7.013,1774048115838
gate,bybit,VANRYUSDT,0.005775,0.00618,7.013,1774048116142
gate,bybit,VANRYUSDT,0.005775,0.00618,7.013,1774048116444
gate,bybit,VANRYUSDT,0.005775,0.00618,7.013,1774048116745
gate,bybit,VANRYUSDT,0.005775,0.00618,7.013,1774048117047
gate,bybit,VANRYUSDT,0.005775,0.00618,7.013,1774048117350
gate,bybit,VANRYUSDT,0.005775,0.00618,7.013,1774048117655
gate,bybit,VANRYUSDT,0.005775,0.00618,7.013,1774048117955
gate,bybit,VANRYUSDT,0.005775,0.00618,7.013,1774048118255
gate,bybit,VANRYUSDT,0.005775,0.00618,7.013,1774048118558
gate,bybit,VANRYUSDT,0.005775,0.00618,7.013,1774048118858
gate,bybit,VANRYUSDT,0.005773,0.006178,7.0154,1774048119158
gate,bybit,VANRYUSDT,0.005773,0.006178,7.0154,1774048119459
gate,bybit,VANRYUSDT,0.005773,0.006178,7.0154,1774048119779
gate,bybit,VANRYUSDT,0.005773,0.006178,7.0154,1774048120092
gate,bybit,VANRYUSDT,0.005773,0.006178,7.0154,1774048120400
gate,bybit,VANRYUSDT,0.005773,0.006178,7.0154,1774048120711
gate,bybit,VANRYUSDT,0.005773,0.006178,7.0154,1774048121034
gate,bybit,VANRYUSDT,0.005773,0.006178,7.0154,1774048121347
gate,bybit,VANRYUSDT,0.005773,0.006178,7.0154,1774048121647
gate,bybit,VANRYUSDT,0.005773,0.006178,7.0154,1774048121948
gate,bybit,VANRYUSDT,0.005773,0.006178,7.0154,1774048122248
gate,bybit,VANRYUSDT,0.005773,0.006178,7.0154,1774048122550
gate,bybit,VANRYUSDT,0.005773,0.006178,7.0154,1774048122850
gate,bybit,VANRYUSDT,0.005773,0.006178,7.0154,1774048123151
gate,bybit,VANRYUSDT,0.005773,0.006178,7.0154,1774048123451
gate,bybit,VANRYUSDT,0.005773,0.006178,7.0154,1774048123751
gate,bybit,VANRYUSDT,0.005773,0.006178,7.0154,1774048124053
gate,bybit,VANRYUSDT,0.005773,0.006178,7.0154,1774048124353
gate,bybit,VANRYUSDT,0.005773,0.006178,7.0154,1774048124654
gate,bybit,VANRYUSDT,0.005773,0.006178,7.0154,1774048124957
gate,bybit,VANRYUSDT,0.005773,0.006177,6.9981,1774048125268
gate,bybit,VANRYUSDT,0.005773,0.006177,6.9981,1774048125578
gate,bybit,VANRYUSDT,0.005771,0.006177,7.0352,1774048125878
gate,bybit,VANRYUSDT,0.005773,0.006178,7.0154,1774048126185
gate,bybit,VANRYUSDT,0.005773,0.006178,7.0154,1774048126485
gate,bybit,VANRYUSDT,0.005773,0.006178,7.0154,1774048126785
gate,bybit,VANRYUSDT,0.005767,0.006173,7.0401,1774048127086
gate,bybit,VANRYUSDT,0.005767,0.006173,7.0401,1774048127386
gate,bybit,VANRYUSDT,0.00577,0.006174,7.0017,1774048127686
gate,bybit,VANRYUSDT,0.00577,0.006174,7.0017,1774048127987
gate,bybit,VANRYUSDT,0.005767,0.006174,7.0574,1774048128287
gate,bybit,VANRYUSDT,0.005767,0.006174,7.0574,1774048128587
gate,bybit,VANRYUSDT,0.005768,0.006174,7.0388,1774048128887
gate,bybit,VANRYUSDT,0.005767,0.006174,7.0574,1774048129188
gate,bybit,VANRYUSDT,0.005767,0.006174,7.0574,1774048129488
gate,bybit,VANRYUSDT,0.005768,0.006174,7.0388,1774048129788
gate,bybit,VANRYUSDT,0.005768,0.006174,7.0388,1774048130088
gate,bybit,VANRYUSDT,0.005768,0.006174,7.0388,1774048130388
gate,bybit,VANRYUSDT,0.005767,0.006174,7.0574,1774048130688
gate,bybit,VANRYUSDT,0.005767,0.006174,7.0574,1774048130989
gate,bybit,VANRYUSDT,0.005767,0.006174,7.0574,1774048131289
gate,bybit,VANRYUSDT,0.005768,0.006174,7.0388,1774048131589
gate,bybit,VANRYUSDT,0.005767,0.006174,7.0574,1774048131890
gate,bybit,VANRYUSDT,0.005767,0.006174,7.0574,1774048132190
gate,bybit,VANRYUSDT,0.005767,0.006174,7.0574,1774048132490
gate,bybit,VANRYUSDT,0.005769,0.006174,7.0203,1774048132790
gate,bybit,VANRYUSDT,0.005768,0.006174,7.0388,1774048133091
gate,bybit,VANRYUSDT,0.005768,0.006174,7.0388,1774048133392
gate,bybit,VANRYUSDT,0.005768,0.006174,7.0388,1774048133692
gate,bybit,VANRYUSDT,0.005767,0.006174,7.0574,1774048133992
gate,bybit,VANRYUSDT,0.005767,0.006174,7.0574,1774048134293
gate,bybit,VANRYUSDT,0.005768,0.006174,7.0388,1774048134593
gate,bybit,VANRYUSDT,0.005767,0.006174,7.0574,1774048134893
gate,bybit,VANRYUSDT,0.005767,0.006174,7.0574,1774048135194
gate,bybit,VANRYUSDT,0.005767,0.006174,7.0574,1774048135494
gate,bybit,VANRYUSDT,0.005766,0.006174,7.076,1774048135795
gate,bybit,VANRYUSDT,0.005766,0.006174,7.076,1774048136105
gate,bybit,VANRYUSDT,0.005766,0.006174,7.076,1774048136424
gate,bybit,VANRYUSDT,0.005768,0.006175,7.0562,1774048136735
gate,bybit,VANRYUSDT,0.005768,0.006175,7.0562,1774048137041
gate,bybit,VANRYUSDT,0.005768,0.006175,7.0562,1774048137345
gate,bybit,VANRYUSDT,0.005767,0.006175,7.0747,1774048137645
gate,bybit,VANRYUSDT,0.005767,0.006175,7.0747,1774048137945
gate,bybit,VANRYUSDT,0.005767,0.006175,7.0747,1774048138245
gate,bybit,VANRYUSDT,0.005768,0.006175,7.0562,1774048138545
gate,bybit,VANRYUSDT,0.005767,0.006175,7.0747,1774048138845
gate,bybit,VANRYUSDT,0.005767,0.006175,7.0747,1774048139146
gate,bybit,VANRYUSDT,0.005767,0.006175,7.0747,1774048139446
gate,bybit,VANRYUSDT,0.005767,0.006175,7.0747,1774048139746
gate,bybit,VANRYUSDT,0.005768,0.006175,7.0562,1774048140046
gate,bybit,VANRYUSDT,0.005768,0.006175,7.0562,1774048140356
gate,bybit,VANRYUSDT,0.005768,0.006175,7.0562,1774048140665
gate,bybit,VANRYUSDT,0.00577,0.006177,7.0537,1774048140979
gate,bybit,VANRYUSDT,0.00577,0.006177,7.0537,1774048141286
gate,bybit,VANRYUSDT,0.00577,0.006177,7.0537,1774048141592
gate,bybit,VANRYUSDT,0.00577,0.006177,7.0537,1774048141899
gate,bybit,VANRYUSDT,0.00577,0.006177,7.0537,1774048142209
gate,bybit,VANRYUSDT,0.00577,0.006177,7.0537,1774048142519
gate,bybit,VANRYUSDT,0.00577,0.006177,7.0537,1774048142822
gate,bybit,VANRYUSDT,0.00577,0.006177,7.0537,1774048143128
gate,bybit,VANRYUSDT,0.00577,0.006177,7.0537,1774048143436
gate,bybit,VANRYUSDT,0.00577,0.006177,7.0537,1774048143739
gate,bybit,VANRYUSDT,0.00577,0.006177,7.0537,1774048144041
gate,bybit,VANRYUSDT,0.005774,0.006178,6.9969,1774048144341
gate,bybit,VANRYUSDT,0.005774,0.006179,7.0142,1774048144642
gate,bybit,VANRYUSDT,0.005774,0.006179,7.0142,1774048144942
gate,bybit,VANRYUSDT,0.005774,0.006179,7.0142,1774048145248
gate,bybit,VANRYUSDT,0.005774,0.006179,7.0142,1774048145548
gate,bybit,VANRYUSDT,0.005772,0.006179,7.0513,1774048145855
gate,bybit,VANRYUSDT,0.005772,0.006179,7.0513,1774048146156
gate,bybit,VANRYUSDT,0.005772,0.006179,7.0513,1774048146459
gate,bybit,VANRYUSDT,0.005772,0.006179,7.0513,1774048146760
gate,bybit,VANRYUSDT,0.005772,0.006179,7.0513,1774048147060
gate,bybit,VANRYUSDT,0.005772,0.006179,7.0513,1774048147360
gate,bybit,VANRYUSDT,0.005772,0.006179,7.0513,1774048147661
gate,bybit,VANRYUSDT,0.005772,0.006179,7.0513,1774048147961
gate,bybit,VANRYUSDT,0.005772,0.006179,7.0513,1774048148262
gate,bybit,VANRYUSDT,0.005772,0.006179,7.0513,1774048148562
gate,bybit,VANRYUSDT,0.005773,0.006179,7.0327,1774048148863
gate,bybit,VANRYUSDT,0.005773,0.006179,7.0327,1774048149163
gate,bybit,VANRYUSDT,0.005773,0.006179,7.0327,1774048149465
gate,bybit,VANRYUSDT,0.005773,0.006179,7.0327,1774048149765
gate,bybit,VANRYUSDT,0.005773,0.006179,7.0327,1774048150067
gate,bybit,VANRYUSDT,0.005773,0.006179,7.0327,1774048150370
gate,bybit,VANRYUSDT,0.005773,0.006179,7.0327,1774048150670
gate,bybit,VANRYUSDT,0.005773,0.006179,7.0327,1774048150982
gate,bybit,VANRYUSDT,0.005773,0.006179,7.0327,1774048151282
gate,bybit,VANRYUSDT,0.005773,0.00618,7.0501,1774048151583
gate,bybit,VANRYUSDT,0.005773,0.00618,7.0501,1774048151883
gate,bybit,VANRYUSDT,0.005773,0.00618,7.0501,1774048152186
gate,bybit,VANRYUSDT,0.005773,0.00618,7.0501,1774048152487
gate,bybit,VANRYUSDT,0.005773,0.00618,7.0501,1774048152787
gate,bybit,VANRYUSDT,0.005773,0.00618,7.0501,1774048153088
gate,bybit,VANRYUSDT,0.005773,0.00618,7.0501,1774048153388
gate,bybit,VANRYUSDT,0.005773,0.00618,7.0501,1774048153688
gate,bybit,VANRYUSDT,0.005773,0.00618,7.0501,1774048153988
gate,bybit,VANRYUSDT,0.005773,0.00618,7.0501,1774048154289
gate,bybit,VANRYUSDT,0.005773,0.00618,7.0501,1774048154589
gate,bybit,VANRYUSDT,0.005773,0.00618,7.0501,1774048154889
gate,bybit,VANRYUSDT,0.005773,0.00618,7.0501,1774048155190
gate,bybit,VANRYUSDT,0.005773,0.00618,7.0501,1774048155490
gate,bybit,VANRYUSDT,0.005773,0.00618,7.0501,1774048155791
gate,bybit,VANRYUSDT,0.005773,0.00618,7.0501,1774048156091
gate,bybit,VANRYUSDT,0.005773,0.00618,7.0501,1774048156392
gate,bybit,VANRYUSDT,0.005773,0.00618,7.0501,1774048156692
gate,bybit,VANRYUSDT,0.005773,0.00618,7.0501,1774048156992
gate,bybit,VANRYUSDT,0.005773,0.00618,7.0501,1774048157292
gate,bybit,VANRYUSDT,0.005773,0.00618,7.0501,1774048157592
gate,bybit,VANRYUSDT,0.005773,0.00618,7.0501,1774048157903
gate,bybit,VANRYUSDT,0.005773,0.00618,7.0501,1774048158216
gate,bybit,VANRYUSDT,0.005773,0.00618,7.0501,1774048158521
gate,bybit,VANRYUSDT,0.005773,0.00618,7.0501,1774048158833
gate,bybit,VANRYUSDT,0.005773,0.00618,7.0501,1774048159142
gate,bybit,VANRYUSDT,0.005773,0.00618,7.0501,1774048159442
gate,bybit,VANRYUSDT,0.005773,0.00618,7.0501,1774048159742
gate,bybit,VANRYUSDT,0.005773,0.00618,7.0501,1774048160043
gate,bybit,VANRYUSDT,0.005773,0.00618,7.0501,1774048160343
gate,bybit,VANRYUSDT,0.005773,0.00618,7.0501,1774048160643
gate,bybit,VANRYUSDT,0.005773,0.00618,7.0501,1774048160943
gate,bybit,VANRYUSDT,0.005773,0.00618,7.0501,1774048161245
gate,bybit,VANRYUSDT,0.005773,0.00618,7.0501,1774048161545
gate,bybit,VANRYUSDT,0.005773,0.00618,7.0501,1774048161846
gate,bybit,VANRYUSDT,0.005773,0.00618,7.0501,1774048162146
gate,bybit,VANRYUSDT,0.005773,0.00618,7.0501,1774048162446
gate,bybit,VANRYUSDT,0.005773,0.00618,7.0501,1774048162746
gate,bybit,VANRYUSDT,0.005773,0.00618,7.0501,1774048163046
gate,bybit,VANRYUSDT,0.005773,0.00618,7.0501,1774048163347
gate,bybit,VANRYUSDT,0.005773,0.00618,7.0501,1774048163648
gate,bybit,VANRYUSDT,0.005773,0.00618,7.0501,1774048163948
gate,bybit,VANRYUSDT,0.005773,0.00618,7.0501,1774048164248
gate,bybit,VANRYUSDT,0.005773,0.00618,7.0501,1774048164557
gate,bybit,VANRYUSDT,0.005773,0.006179,7.0327,1774048164857
gate,bybit,VANRYUSDT,0.005773,0.006179,7.0327,1774048165158
gate,bybit,VANRYUSDT,0.005773,0.006179,7.0327,1774048165458
gate,bybit,VANRYUSDT,0.005775,0.006179,6.9957,1774048165758
gate,bybit,VANRYUSDT,0.005775,0.006179,6.9957,1774048166058
gate,bybit,VANRYUSDT,0.005773,0.006179,7.0327,1774048166358
gate,bybit,VANRYUSDT,0.005773,0.006179,7.0327,1774048166659
gate,bybit,VANRYUSDT,0.005773,0.006178,7.0154,1774048166959
gate,bybit,VANRYUSDT,0.005773,0.006178,7.0154,1774048167260
gate,bybit,VANRYUSDT,0.005773,0.006178,7.0154,1774048167560
gate,bybit,VANRYUSDT,0.005773,0.006178,7.0154,1774048167861
gate,bybit,VANRYUSDT,0.005773,0.006178,7.0154,1774048168161
gate,bybit,VANRYUSDT,0.005773,0.006178,7.0154,1774048168461
gate,bybit,VANRYUSDT,0.005773,0.006178,7.0154,1774048168761
gate,bybit,VANRYUSDT,0.005773,0.006178,7.0154,1774048169061
gate,bybit,VANRYUSDT,0.005773,0.006178,7.0154,1774048169361
gate,bybit,VANRYUSDT,0.005773,0.006178,7.0154,1774048169662
gate,bybit,VANRYUSDT,0.005773,0.006178,7.0154,1774048169962
gate,bybit,VANRYUSDT,0.005773,0.006178,7.0154,1774048170262
gate,bybit,VANRYUSDT,0.005773,0.006178,7.0154,1774048170562
gate,bybit,VANRYUSDT,0.005773,0.006178,7.0154,1774048170862
gate,bybit,VANRYUSDT,0.005773,0.006178,7.0154,1774048171162
gate,bybit,VANRYUSDT,0.005773,0.006178,7.0154,1774048171463
gate,bybit,VANRYUSDT,0.005773,0.006178,7.0154,1774048171763
gate,bybit,VANRYUSDT,0.005773,0.006178,7.0154,1774048172063
gate,bybit,VANRYUSDT,0.005773,0.006178,7.0154,1774048172363
gate,bybit,VANRYUSDT,0.005773,0.006178,7.0154,1774048172664
gate,bybit,VANRYUSDT,0.005773,0.006178,7.0154,1774048172964
gate,bybit,VANRYUSDT,0.005773,0.006178,7.0154,1774048173264
gate,bybit,VANRYUSDT,0.005771,0.006178,7.0525,1774048173564
gate,bybit,VANRYUSDT,0.005771,0.006178,7.0525,1774048173864
gate,bybit,VANRYUSDT,0.005771,0.006177,7.0352,1774048174164
gate,bybit,VANRYUSDT,0.005771,0.006177,7.0352,1774048174464
gate,bybit,VANRYUSDT,0.005771,0.006177,7.0352,1774048174764
gate,bybit,VANRYUSDT,0.005771,0.006177,7.0352,1774048175064
gate,bybit,VANRYUSDT,0.005771,0.006177,7.0352,1774048175365
gate,bybit,VANRYUSDT,0.005771,0.006177,7.0352,1774048175665
gate,bybit,VANRYUSDT,0.005771,0.006177,7.0352,1774048175965
gate,bybit,VANRYUSDT,0.005771,0.006177,7.0352,1774048176266
gate,bybit,VANRYUSDT,0.005771,0.006177,7.0352,1774048176566
gate,bybit,VANRYUSDT,0.005771,0.006177,7.0352,1774048176866
gate,bybit,VANRYUSDT,0.005771,0.006177,7.0352,1774048177167
gate,bybit,VANRYUSDT,0.005771,0.006177,7.0352,1774048177468
gate,bybit,VANRYUSDT,0.005771,0.006177,7.0352,1774048177768
gate,bybit,VANRYUSDT,0.005771,0.006177,7.0352,1774048178068
gate,bybit,VANRYUSDT,0.005771,0.006177,7.0352,1774048178368
gate,bybit,VANRYUSDT,0.005771,0.006177,7.0352,1774048178668
gate,bybit,VANRYUSDT,0.005771,0.006177,7.0352,1774048178976
gate,bybit,VANRYUSDT,0.005771,0.006177,7.0352,1774048179276
gate,bybit,VANRYUSDT,0.005771,0.006177,7.0352,1774048179577
gate,bybit,VANRYUSDT,0.005771,0.006177,7.0352,1774048179878
gate,bybit,VANRYUSDT,0.005771,0.006177,7.0352,1774048180178
gate,bybit,VANRYUSDT,0.005771,0.006177,7.0352,1774048180478
gate,bybit,VANRYUSDT,0.005771,0.006177,7.0352,1774048180778
gate,bybit,VANRYUSDT,0.005771,0.006177,7.0352,1774048181078
gate,bybit,VANRYUSDT,0.005771,0.006177,7.0352,1774048181379
gate,bybit,VANRYUSDT,0.005771,0.006177,7.0352,1774048181679
gate,bybit,VANRYUSDT,0.005771,0.006177,7.0352,1774048181980
gate,bybit,VANRYUSDT,0.005771,0.006177,7.0352,1774048182280
gate,bybit,VANRYUSDT,0.005771,0.006177,7.0352,1774048182580
gate,bybit,VANRYUSDT,0.005771,0.006177,7.0352,1774048182880
gate,bybit,VANRYUSDT,0.005771,0.006177,7.0352,1774048183181
gate,bybit,VANRYUSDT,0.005771,0.006177,7.0352,1774048183481
gate,bybit,VANRYUSDT,0.005773,0.006177,6.9981,1774048183796
gate,bybit,VANRYUSDT,0.005773,0.006177,6.9981,1774048184097
gate,bybit,VANRYUSDT,0.005773,0.006177,6.9981,1774048184400
gate,bybit,VANRYUSDT,0.005773,0.006177,6.9981,1774048184701
gate,bybit,VANRYUSDT,0.005773,0.006177,6.9981,1774048185009
gate,bybit,VANRYUSDT,0.005773,0.006177,6.9981,1774048185311
gate,bybit,VANRYUSDT,0.005773,0.006177,6.9981,1774048185611
gate,bybit,VANRYUSDT,0.005773,0.006177,6.9981,1774048185911
gate,bybit,VANRYUSDT,0.005773,0.006177,6.9981,1774048186211
gate,bybit,VANRYUSDT,0.005773,0.006177,6.9981,1774048186512
gate,bybit,VANRYUSDT,0.005773,0.006177,6.9981,1774048186820
gate,bybit,VANRYUSDT,0.005773,0.006177,6.9981,1774048187128
gate,bybit,VANRYUSDT,0.005773,0.006177,6.9981,1774048187440
gate,bybit,VANRYUSDT,0.005773,0.006177,6.9981,1774048187749
gate,bybit,VANRYUSDT,0.005773,0.006177,6.9981,1774048188049
gate,bybit,VANRYUSDT,0.005773,0.006177,6.9981,1774048188349
gate,bybit,VANRYUSDT,0.005773,0.006177,6.9981,1774048188650
gate,bybit,VANRYUSDT,0.005773,0.006177,6.9981,1774048188950
gate,bybit,VANRYUSDT,0.005773,0.006178,7.0154,1774048189259
gate,bybit,VANRYUSDT,0.005773,0.006178,7.0154,1774048189569
gate,bybit,VANRYUSDT,0.005773,0.006178,7.0154,1774048189882
gate,bybit,VANRYUSDT,0.005773,0.006178,7.0154,1774048190201
gate,bybit,VANRYUSDT,0.005773,0.006178,7.0154,1774048190508
gate,bybit,VANRYUSDT,0.005773,0.006178,7.0154,1774048190817
gate,bybit,VANRYUSDT,0.005773,0.006178,7.0154,1774048191123
gate,bybit,VANRYUSDT,0.005773,0.006178,7.0154,1774048191436
gate,bybit,VANRYUSDT,0.005773,0.006178,7.0154,1774048191747
gate,bybit,VANRYUSDT,0.005773,0.006178,7.0154,1774048192052
gate,bybit,VANRYUSDT,0.005773,0.006178,7.0154,1774048192352
gate,bybit,VANRYUSDT,0.005773,0.006178,7.0154,1774048192652
gate,bybit,VANRYUSDT,0.005773,0.006178,7.0154,1774048192953
gate,bybit,VANRYUSDT,0.005773,0.006178,7.0154,1774048193253
gate,bybit,VANRYUSDT,0.005773,0.006178,7.0154,1774048193555
gate,bybit,VANRYUSDT,0.005773,0.006178,7.0154,1774048193856
gate,bybit,VANRYUSDT,0.005773,0.006178,7.0154,1774048194158
gate,bybit,VANRYUSDT,0.005773,0.006178,7.0154,1774048194458
gate,bybit,VANRYUSDT,0.005773,0.006178,7.0154,1774048194772
gate,bybit,VANRYUSDT,0.005773,0.006178,7.0154,1774048195072
gate,bybit,VANRYUSDT,0.005773,0.006178,7.0154,1774048195372
gate,bybit,VANRYUSDT,0.005773,0.006178,7.0154,1774048195673
gate,bybit,VANRYUSDT,0.005773,0.006178,7.0154,1774048195973
gate,bybit,VANRYUSDT,0.005773,0.006179,7.0327,1774048196273
gate,bybit,VANRYUSDT,0.005773,0.006179,7.0327,1774048196573
gate,bybit,VANRYUSDT,0.005773,0.006179,7.0327,1774048196874
gate,bybit,VANRYUSDT,0.005775,0.00618,7.013,1774048197174
gate,bybit,VANRYUSDT,0.005775,0.00618,7.013,1774048197474
gate,bybit,VANRYUSDT,0.005775,0.00618,7.013,1774048197775
gate,bybit,VANRYUSDT,0.005775,0.00618,7.013,1774048198075
gate,bybit,VANRYUSDT,0.005775,0.00618,7.013,1774048198376
gate,bybit,VANRYUSDT,0.005775,0.00618,7.013,1774048198676
gate,bybit,VANRYUSDT,0.005775,0.00618,7.013,1774048198976
gate,bybit,VANRYUSDT,0.005775,0.00618,7.013,1774048199276
gate,bybit,VANRYUSDT,0.005775,0.00618,7.013,1774048199576
gate,bybit,VANRYUSDT,0.005775,0.00618,7.013,1774048199876
gate,bybit,VANRYUSDT,0.005775,0.00618,7.013,1774048200184
gate,bybit,VANRYUSDT,0.005775,0.00618,7.013,1774048200496
gate,bybit,VANRYUSDT,0.005775,0.006183,7.0649,1774048200803
gate,bybit,VANRYUSDT,0.005775,0.006183,7.0649,1774048201111
gate,bybit,VANRYUSDT,0.005775,0.006183,7.0649,1774048201424
gate,bybit,VANRYUSDT,0.005775,0.006183,7.0649,1774048201732
gate,bybit,VANRYUSDT,0.005775,0.006183,7.0649,1774048202040
gate,bybit,VANRYUSDT,0.005775,0.006183,7.0649,1774048202348
gate,bybit,VANRYUSDT,0.005775,0.006183,7.0649,1774048202657
gate,bybit,VANRYUSDT,0.005775,0.006183,7.0649,1774048202962
gate,bybit,VANRYUSDT,0.005775,0.006183,7.0649,1774048203272
gate,bybit,VANRYUSDT,0.005775,0.006183,7.0649,1774048203583
gate,bybit,VANRYUSDT,0.005775,0.006183,7.0649,1774048203901
gate,bybit,VANRYUSDT,0.005775,0.006183,7.0649,1774048204214
gate,bybit,VANRYUSDT,0.005775,0.006183,7.0649,1774048204525
gate,bybit,VANRYUSDT,0.005775,0.006183,7.0649,1774048204837
gate,bybit,VANRYUSDT,0.005775,0.006183,7.0649,1774048205152
gate,bybit,VANRYUSDT,0.005775,0.006183,7.0649,1774048205468
gate,bybit,VANRYUSDT,0.005775,0.006183,7.0649,1774048205775
gate,bybit,VANRYUSDT,0.005775,0.006183,7.0649,1774048206081
gate,bybit,VANRYUSDT,0.005775,0.006183,7.0649,1774048206383
gate,bybit,VANRYUSDT,0.005775,0.006183,7.0649,1774048206693
gate,bybit,VANRYUSDT,0.005775,0.006183,7.0649,1774048207007
gate,bybit,VANRYUSDT,0.005775,0.006183,7.0649,1774048207317
gate,bybit,VANRYUSDT,0.005775,0.006183,7.0649,1774048207635
gate,bybit,VANRYUSDT,0.005775,0.006183,7.0649,1774048207945
gate,bybit,VANRYUSDT,0.005775,0.006183,7.0649,1774048208261
gate,bybit,VANRYUSDT,0.005775,0.006183,7.0649,1774048208572
gate,bybit,VANRYUSDT,0.005775,0.006183,7.0649,1774048208889
gate,bybit,VANRYUSDT,0.005775,0.006183,7.0649,1774048209195
gate,bybit,VANRYUSDT,0.005775,0.006183,7.0649,1774048209499
gate,bybit,VANRYUSDT,0.005775,0.006184,7.0823,1774048209810
gate,bybit,VANRYUSDT,0.005775,0.006184,7.0823,1774048210125
gate,bybit,VANRYUSDT,0.005775,0.006184,7.0823,1774048210435
gate,bybit,VANRYUSDT,0.005776,0.006184,7.0637,1774048210770
gate,bybit,VANRYUSDT,0.005776,0.006184,7.0637,1774048211081
gate,bybit,VANRYUSDT,0.005776,0.006184,7.0637,1774048211389
gate,bybit,VANRYUSDT,0.005776,0.006184,7.0637,1774048211702
gate,bybit,VANRYUSDT,0.005776,0.006184,7.0637,1774048212016
gate,bybit,VANRYUSDT,0.005776,0.006184,7.0637,1774048212327
gate,bybit,VANRYUSDT,0.005776,0.006184,7.0637,1774048212635
gate,bybit,VANRYUSDT,0.005776,0.006184,7.0637,1774048212946
gate,bybit,VANRYUSDT,0.005776,0.006184,7.0637,1774048213252
gate,bybit,VANRYUSDT,0.005776,0.006184,7.0637,1774048213561
gate,bybit,VANRYUSDT,0.005776,0.006184,7.0637,1774048213865
gate,bybit,VANRYUSDT,0.005776,0.006184,7.0637,1774048214175
gate,bybit,VANRYUSDT,0.005777,0.006184,7.0452,1774048214480
gate,bybit,VANRYUSDT,0.005777,0.006184,7.0452,1774048214804
gate,bybit,VANRYUSDT,0.005777,0.006184,7.0452,1774048215115
gate,bybit,VANRYUSDT,0.005777,0.006184,7.0452,1774048215433
gate,bybit,VANRYUSDT,0.005777,0.006184,7.0452,1774048215743
gate,bybit,VANRYUSDT,0.005777,0.006184,7.0452,1774048216050
gate,bybit,VANRYUSDT,0.005777,0.006184,7.0452,1774048216360
gate,bybit,VANRYUSDT,0.005777,0.006184,7.0452,1774048216664
gate,bybit,VANRYUSDT,0.005777,0.006184,7.0452,1774048216970
gate,bybit,VANRYUSDT,0.005777,0.006184,7.0452,1774048217281
gate,bybit,VANRYUSDT,0.005777,0.006184,7.0452,1774048217587
gate,bybit,VANRYUSDT,0.005777,0.006184,7.0452,1774048217917
gate,bybit,VANRYUSDT,0.005777,0.006184,7.0452,1774048218224
gate,bybit,VANRYUSDT,0.005781,0.006184,6.9711,1774048218535
gate,bybit,VANRYUSDT,0.005781,0.006184,6.9711,1774048218846
gate,bybit,VANRYUSDT,0.005781,0.006184,6.9711,1774048219154
gate,bybit,VANRYUSDT,0.005779,0.006184,7.0081,1774048219464
gate,bybit,VANRYUSDT,0.005781,0.006184,6.9711,1774048219774
gate,bybit,VANRYUSDT,0.005781,0.006184,6.9711,1774048220091
gate,bybit,VANRYUSDT,0.005779,0.006184,7.0081,1774048220391
gate,bybit,VANRYUSDT,0.005779,0.006184,7.0081,1774048220691
gate,bybit,VANRYUSDT,0.005779,0.006184,7.0081,1774048220991
gate,bybit,VANRYUSDT,0.005779,0.006184,7.0081,1774048221292
gate,bybit,VANRYUSDT,0.005781,0.006184,6.9711,1774048221592
gate,bybit,VANRYUSDT,0.005781,0.006184,6.9711,1774048221892
gate,bybit,VANRYUSDT,0.005781,0.006184,6.9711,1774048222192
gate,bybit,VANRYUSDT,0.005779,0.006184,7.0081,1774048222492
gate,bybit,VANRYUSDT,0.005781,0.006184,6.9711,1774048222792
gate,bybit,VANRYUSDT,0.005781,0.006184,6.9711,1774048223092
gate,bybit,VANRYUSDT,0.005781,0.006184,6.9711,1774048223402
gate,bybit,VANRYUSDT,0.005781,0.006184,6.9711,1774048223714
gate,bybit,VANRYUSDT,0.005781,0.006184,6.9711,1774048224031
gate,bybit,VANRYUSDT,0.005781,0.006184,6.9711,1774048224346
gate,bybit,VANRYUSDT,0.005781,0.006184,6.9711,1774048224658
gate,bybit,VANRYUSDT,0.005781,0.006184,6.9711,1774048224967
gate,bybit,VANRYUSDT,0.005781,0.006184,6.9711,1774048225281
gate,bybit,VANRYUSDT,0.005781,0.006184,6.9711,1774048225597
gate,bybit,VANRYUSDT,0.005781,0.006184,6.9711,1774048225913
gate,bybit,VANRYUSDT,0.005781,0.006184,6.9711,1774048226223
gate,bybit,VANRYUSDT,0.005781,0.006184,6.9711,1774048226532
gate,bybit,VANRYUSDT,0.005781,0.006184,6.9711,1774048226853
gate,bybit,VANRYUSDT,0.005781,0.006184,6.9711,1774048227166
gate,bybit,VANRYUSDT,0.005781,0.006184,6.9711,1774048227470
gate,bybit,VANRYUSDT,0.005781,0.006184,6.9711,1774048227777
gate,bybit,VANRYUSDT,0.005781,0.006184,6.9711,1774048228084
gate,bybit,VANRYUSDT,0.005781,0.006184,6.9711,1774048228390
gate,bybit,VANRYUSDT,0.005782,0.006184,6.9526,1774048228691
gate,bybit,VANRYUSDT,0.005781,0.006184,6.9711,1774048228993
gate,bybit,VANRYUSDT,0.005781,0.006184,6.9711,1774048229295
gate,bybit,VANRYUSDT,0.005781,0.006184,6.9711,1774048229597
gate,bybit,VANRYUSDT,0.005781,0.006184,6.9711,1774048229901
gate,bybit,VANRYUSDT,0.005782,0.006184,6.9526,1774048230207
gate,bybit,VANRYUSDT,0.005781,0.006184,6.9711,1774048230509
gate,bybit,VANRYUSDT,0.005782,0.006184,6.9526,1774048230809
gate,bybit,VANRYUSDT,0.005781,0.006184,6.9711,1774048231109
gate,bybit,VANRYUSDT,0.005781,0.006184,6.9711,1774048231418
gate,bybit,VANRYUSDT,0.005781,0.006184,6.9711,1774048231727
gate,bybit,VANRYUSDT,0.005781,0.006184,6.9711,1774048232043
gate,bybit,VANRYUSDT,0.005781,0.006184,6.9711,1774048232356
gate,bybit,VANRYUSDT,0.005781,0.006184,6.9711,1774048232670
gate,bybit,VANRYUSDT,0.005782,0.006184,6.9526,1774048232975
gate,bybit,VANRYUSDT,0.005781,0.006184,6.9711,1774048233284
gate,bybit,VANRYUSDT,0.005781,0.006184,6.9711,1774048233590
gate,bybit,VANRYUSDT,0.005782,0.006184,6.9526,1774048233899
gate,bybit,VANRYUSDT,0.005782,0.006184,6.9526,1774048234217
gate,bybit,VANRYUSDT,0.005782,0.006184,6.9526,1774048234522
gate,bybit,VANRYUSDT,0.005782,0.006184,6.9526,1774048234832
gate,bybit,VANRYUSDT,0.005782,0.006184,6.9526,1774048235138
gate,bybit,VANRYUSDT,0.005782,0.006185,6.9699,1774048235441
gate,bybit,VANRYUSDT,0.005782,0.006185,6.9699,1774048235742
gate,bybit,VANRYUSDT,0.005782,0.006186,6.9872,1774048236043
gate,bybit,VANRYUSDT,0.005782,0.006186,6.9872,1774048236344
gate,bybit,VANRYUSDT,0.005782,0.006186,6.9872,1774048236644
gate,bybit,VANRYUSDT,0.005782,0.006186,6.9872,1774048236945
gate,bybit,VANRYUSDT,0.005782,0.006186,6.9872,1774048237246
gate,bybit,VANRYUSDT,0.005782,0.006186,6.9872,1774048237548
gate,bybit,VANRYUSDT,0.005782,0.006186,6.9872,1774048237852
gate,bybit,VANRYUSDT,0.005782,0.006186,6.9872,1774048238170
gate,bybit,VANRYUSDT,0.005782,0.006186,6.9872,1774048238472
gate,bybit,VANRYUSDT,0.005782,0.006186,6.9872,1774048238772
gate,bybit,VANRYUSDT,0.005782,0.006186,6.9872,1774048239072
gate,bybit,VANRYUSDT,0.005782,0.006186,6.9872,1774048239373
gate,bybit,VANRYUSDT,0.005782,0.006186,6.9872,1774048239688
gate,bybit,VANRYUSDT,0.005782,0.006186,6.9872,1774048239992
gate,bybit,VANRYUSDT,0.005782,0.006186,6.9872,1774048240304
gate,bybit,VANRYUSDT,0.005782,0.006186,6.9872,1774048240611
gate,bybit,VANRYUSDT,0.005782,0.006186,6.9872,1774048240912
gate,bybit,VANRYUSDT,0.005782,0.006186,6.9872,1774048241212
gate,bybit,VANRYUSDT,0.005782,0.006186,6.9872,1774048241512
gate,bybit,VANRYUSDT,0.005782,0.006186,6.9872,1774048241814
gate,bybit,VANRYUSDT,0.005783,0.006186,6.9687,1774048242116
gate,bybit,VANRYUSDT,0.005783,0.006186,6.9687,1774048242416
gate,bybit,VANRYUSDT,0.005783,0.006186,6.9687,1774048242728
gate,bybit,VANRYUSDT,0.005784,0.006186,6.9502,1774048243039
gate,bybit,VANRYUSDT,0.005784,0.006186,6.9502,1774048243340
gate,bybit,VANRYUSDT,0.005784,0.006186,6.9502,1774048243650
gate,bybit,VANRYUSDT,0.005784,0.006186,6.9502,1774048243962
gate,bybit,VANRYUSDT,0.005784,0.006186,6.9502,1774048244262
gate,bybit,VANRYUSDT,0.005784,0.006186,6.9502,1774048244572
gate,bybit,VANRYUSDT,0.005784,0.006186,6.9502,1774048244883
gate,bybit,VANRYUSDT,0.005784,0.006186,6.9502,1774048245195
gate,bybit,VANRYUSDT,0.005784,0.006186,6.9502,1774048245507
gate,bybit,VANRYUSDT,0.005784,0.006186,6.9502,1774048245819
gate,bybit,VANRYUSDT,0.005784,0.006186,6.9502,1774048246120
gate,bybit,VANRYUSDT,0.005784,0.006186,6.9502,1774048246427
gate,bybit,VANRYUSDT,0.005784,0.006186,6.9502,1774048246733
gate,bybit,VANRYUSDT,0.005784,0.006186,6.9502,1774048247036
gate,bybit,VANRYUSDT,0.005784,0.006186,6.9502,1774048247337
gate,bybit,VANRYUSDT,0.005784,0.006186,6.9502,1774048247639
gate,bybit,VANRYUSDT,0.005784,0.006186,6.9502,1774048247940
gate,bybit,VANRYUSDT,0.005784,0.006186,6.9502,1774048248254
gate,bybit,VANRYUSDT,0.005784,0.006186,6.9502,1774048248567
gate,bybit,VANRYUSDT,0.005784,0.006186,6.9502,1774048248873
gate,bybit,VANRYUSDT,0.005784,0.006186,6.9502,1774048249174
gate,bybit,VANRYUSDT,0.005784,0.006186,6.9502,1774048249485
gate,bybit,VANRYUSDT,0.005784,0.006186,6.9502,1774048249786
gate,bybit,VANRYUSDT,0.005784,0.006186,6.9502,1774048250086
gate,bybit,VANRYUSDT,0.005784,0.006186,6.9502,1774048250386
gate,bybit,VANRYUSDT,0.005784,0.006186,6.9502,1774048250687
gate,bybit,VANRYUSDT,0.005784,0.006186,6.9502,1774048250987
gate,bybit,VANRYUSDT,0.005784,0.006186,6.9502,1774048251287
gate,bybit,VANRYUSDT,0.005784,0.006186,6.9502,1774048251587
gate,bybit,VANRYUSDT,0.005784,0.006186,6.9502,1774048251888
gate,bybit,VANRYUSDT,0.005784,0.006186,6.9502,1774048252188
gate,bybit,VANRYUSDT,0.005784,0.006186,6.9502,1774048252488
gate,bybit,VANRYUSDT,0.005784,0.006186,6.9502,1774048252788
gate,bybit,VANRYUSDT,0.005784,0.006186,6.9502,1774048253088
gate,bybit,VANRYUSDT,0.005784,0.006186,6.9502,1774048253389
gate,bybit,VANRYUSDT,0.005784,0.006186,6.9502,1774048253689
gate,bybit,VANRYUSDT,0.005784,0.006186,6.9502,1774048253990
gate,bybit,VANRYUSDT,0.005784,0.006186,6.9502,1774048254290
gate,bybit,VANRYUSDT,0.005784,0.006186,6.9502,1774048254590
gate,bybit,VANRYUSDT,0.005784,0.006186,6.9502,1774048254890
gate,bybit,VANRYUSDT,0.005784,0.006186,6.9502,1774048255190
gate,bybit,VANRYUSDT,0.005784,0.006187,6.9675,1774048255491
gate,bybit,VANRYUSDT,0.005784,0.006187,6.9675,1774048255791
gate,bybit,VANRYUSDT,0.005784,0.006188,6.9848,1774048256091
gate,bybit,VANRYUSDT,0.005784,0.006188,6.9848,1774048256391
gate,bybit,VANRYUSDT,0.005784,0.006188,6.9848,1774048256691
gate,bybit,VANRYUSDT,0.005784,0.006188,6.9848,1774048256991
gate,bybit,VANRYUSDT,0.005784,0.006188,6.9848,1774048257304
gate,bybit,VANRYUSDT,0.005784,0.006188,6.9848,1774048257618
gate,bybit,VANRYUSDT,0.005784,0.006188,6.9848,1774048257919
gate,bybit,VANRYUSDT,0.005784,0.006188,6.9848,1774048258222
gate,bybit,VANRYUSDT,0.005784,0.006188,6.9848,1774048258528
gate,bybit,VANRYUSDT,0.005784,0.006188,6.9848,1774048258836
gate,bybit,VANRYUSDT,0.005784,0.006188,6.9848,1774048259137
gate,bybit,VANRYUSDT,0.005784,0.006188,6.9848,1774048259441
gate,bybit,VANRYUSDT,0.005784,0.006188,6.9848,1774048259741
gate,bybit,VANRYUSDT,0.005784,0.006188,6.9848,1774048260041
gate,bybit,VANRYUSDT,0.005784,0.006188,6.9848,1774048260349
gate,bybit,VANRYUSDT,0.005784,0.006188,6.9848,1774048260658
gate,bybit,VANRYUSDT,0.005784,0.006188,6.9848,1774048260971
gate,bybit,VANRYUSDT,0.005784,0.006188,6.9848,1774048261284
gate,bybit,VANRYUSDT,0.005783,0.006188,7.0033,1774048261595
gate,bybit,VANRYUSDT,0.005784,0.006188,6.9848,1774048261905
gate,bybit,VANRYUSDT,0.005784,0.006188,6.9848,1774048262221
gate,bybit,VANRYUSDT,0.005784,0.006188,6.9848,1774048262536
gate,bybit,VANRYUSDT,0.005784,0.006188,6.9848,1774048262849
gate,bybit,VANRYUSDT,0.005784,0.006188,6.9848,1774048263156
gate,bybit,VANRYUSDT,0.005784,0.006188,6.9848,1774048263470
gate,bybit,VANRYUSDT,0.005784,0.006188,6.9848,1774048263788
gate,bybit,VANRYUSDT,0.005784,0.006188,6.9848,1774048264105
gate,bybit,VANRYUSDT,0.005784,0.006188,6.9848,1774048264419
gate,bybit,VANRYUSDT,0.005784,0.006188,6.9848,1774048264731
gate,bybit,VANRYUSDT,0.005784,0.006188,6.9848,1774048265045
gate,bybit,VANRYUSDT,0.005784,0.006188,6.9848,1774048265360
gate,bybit,VANRYUSDT,0.005784,0.006188,6.9848,1774048265666
gate,bybit,VANRYUSDT,0.005784,0.006188,6.9848,1774048265974
gate,bybit,VANRYUSDT,0.005784,0.006188,6.9848,1774048266281
gate,bybit,VANRYUSDT,0.005784,0.006188,6.9848,1774048266601
gate,bybit,VANRYUSDT,0.005784,0.006188,6.9848,1774048266910
gate,bybit,VANRYUSDT,0.005784,0.006188,6.9848,1774048267224
gate,bybit,VANRYUSDT,0.005784,0.006188,6.9848,1774048267534
gate,bybit,VANRYUSDT,0.005784,0.006188,6.9848,1774048267844
gate,bybit,VANRYUSDT,0.005784,0.006188,6.9848,1774048268151
gate,bybit,VANRYUSDT,0.005784,0.006188,6.9848,1774048268462
gate,bybit,VANRYUSDT,0.005784,0.006188,6.9848,1774048268773
gate,bybit,VANRYUSDT,0.005784,0.006188,6.9848,1774048269079
gate,bybit,VANRYUSDT,0.005784,0.006188,6.9848,1774048269399
gate,bybit,VANRYUSDT,0.005784,0.006189,7.0021,1774048269707
gate,bybit,VANRYUSDT,0.005784,0.006189,7.0021,1774048270019
gate,bybit,VANRYUSDT,0.005784,0.006189,7.0021,1774048270325
gate,bybit,VANRYUSDT,0.005784,0.006189,7.0021,1774048270632
gate,bybit,VANRYUSDT,0.005784,0.006189,7.0021,1774048270935
gate,bybit,VANRYUSDT,0.005784,0.006189,7.0021,1774048271252
gate,bybit,VANRYUSDT,0.005784,0.006189,7.0021,1774048271561
gate,bybit,VANRYUSDT,0.005784,0.006189,7.0021,1774048271867
gate,bybit,VANRYUSDT,0.005784,0.006189,7.0021,1774048272175
gate,bybit,VANRYUSDT,0.005784,0.006189,7.0021,1774048272476
gate,bybit,VANRYUSDT,0.005784,0.006189,7.0021,1774048272783
gate,bybit,VANRYUSDT,0.005784,0.006189,7.0021,1774048273083
gate,bybit,VANRYUSDT,0.005784,0.006189,7.0021,1774048273383
gate,bybit,VANRYUSDT,0.005784,0.006189,7.0021,1774048273684
gate,bybit,VANRYUSDT,0.005784,0.006189,7.0021,1774048273984
gate,bybit,VANRYUSDT,0.005784,0.006189,7.0021,1774048274284
gate,bybit,VANRYUSDT,0.005784,0.006189,7.0021,1774048274584
gate,bybit,VANRYUSDT,0.005784,0.006189,7.0021,1774048274885
gate,bybit,VANRYUSDT,0.005784,0.006189,7.0021,1774048275185
gate,bybit,VANRYUSDT,0.005784,0.006189,7.0021,1774048275485
gate,bybit,VANRYUSDT,0.005784,0.006189,7.0021,1774048275786
gate,bybit,VANRYUSDT,0.005784,0.006189,7.0021,1774048276086
gate,bybit,VANRYUSDT,0.005784,0.006189,7.0021,1774048276395
gate,bybit,VANRYUSDT,0.005784,0.006189,7.0021,1774048276696
gate,bybit,VANRYUSDT,0.005784,0.006189,7.0021,1774048276996
gate,bybit,VANRYUSDT,0.005784,0.006189,7.0021,1774048277297
gate,bybit,VANRYUSDT,0.005784,0.006189,7.0021,1774048277602
gate,bybit,VANRYUSDT,0.005784,0.006189,7.0021,1774048277906
gate,bybit,VANRYUSDT,0.005784,0.006189,7.0021,1774048278206
gate,bybit,VANRYUSDT,0.005784,0.006189,7.0021,1774048278508
gate,bybit,VANRYUSDT,0.005784,0.006189,7.0021,1774048278809
gate,bybit,VANRYUSDT,0.005784,0.006189,7.0021,1774048279109
gate,bybit,VANRYUSDT,0.005784,0.006189,7.0021,1774048279411
gate,bybit,VANRYUSDT,0.005785,0.006189,6.9836,1774048279711
gate,bybit,VANRYUSDT,0.005785,0.006189,6.9836,1774048280011
gate,bybit,VANRYUSDT,0.005785,0.006189,6.9836,1774048280311
gate,bybit,VANRYUSDT,0.005785,0.006189,6.9836,1774048280613
gate,bybit,VANRYUSDT,0.005785,0.006189,6.9836,1774048280914
gate,bybit,VANRYUSDT,0.005785,0.006189,6.9836,1774048281214
gate,bybit,VANRYUSDT,0.005785,0.006189,6.9836,1774048281515
gate,bybit,VANRYUSDT,0.005786,0.006189,6.9651,1774048281815
gate,bybit,VANRYUSDT,0.005786,0.006189,6.9651,1774048282118
gate,bybit,VANRYUSDT,0.005786,0.006189,6.9651,1774048282426
gate,bybit,VANRYUSDT,0.005786,0.006189,6.9651,1774048282737
gate,bybit,VANRYUSDT,0.005786,0.006189,6.9651,1774048283048
gate,bybit,VANRYUSDT,0.005787,0.00619,6.9639,1774048283358
gate,bybit,VANRYUSDT,0.005787,0.00619,6.9639,1774048283674
gate,bybit,VANRYUSDT,0.005787,0.00619,6.9639,1774048283978
gate,bybit,VANRYUSDT,0.005787,0.00619,6.9639,1774048284278
gate,bybit,VANRYUSDT,0.005787,0.00619,6.9639,1774048284578
gate,bybit,VANRYUSDT,0.005787,0.00619,6.9639,1774048284879
gate,bybit,VANRYUSDT,0.005787,0.00619,6.9639,1774048285179
gate,bybit,VANRYUSDT,0.005787,0.00619,6.9639,1774048285482
gate,bybit,VANRYUSDT,0.005787,0.00619,6.9639,1774048285782
gate,bybit,VANRYUSDT,0.005787,0.00619,6.9639,1774048286087
gate,bybit,VANRYUSDT,0.005787,0.00619,6.9639,1774048286387
gate,bybit,VANRYUSDT,0.005787,0.00619,6.9639,1774048286687
gate,bybit,VANRYUSDT,0.005787,0.00619,6.9639,1774048286987
gate,bybit,VANRYUSDT,0.005787,0.00619,6.9639,1774048287287
gate,bybit,VANRYUSDT,0.005787,0.00619,6.9639,1774048287588
gate,bybit,VANRYUSDT,0.005787,0.00619,6.9639,1774048287888
gate,bybit,VANRYUSDT,0.005785,0.00619,7.0009,1774048288188
gate,bybit,VANRYUSDT,0.005787,0.00619,6.9639,1774048288488
gate,bybit,VANRYUSDT,0.005787,0.00619,6.9639,1774048288789
gate,bybit,VANRYUSDT,0.005787,0.00619,6.9639,1774048289089
gate,bybit,VANRYUSDT,0.005787,0.00619,6.9639,1774048289389
gate,bybit,VANRYUSDT,0.005787,0.00619,6.9639,1774048289689
gate,bybit,VANRYUSDT,0.005786,0.00619,6.9824,1774048289990
gate,bybit,VANRYUSDT,0.005786,0.00619,6.9824,1774048290290
gate,bybit,VANRYUSDT,0.005786,0.00619,6.9824,1774048290590
gate,bybit,VANRYUSDT,0.005786,0.00619,6.9824,1774048290894
gate,bybit,VANRYUSDT,0.005786,0.00619,6.9824,1774048291212
gate,bybit,VANRYUSDT,0.005787,0.00619,6.9639,1774048291524
gate,bybit,VANRYUSDT,0.005787,0.00619,6.9639,1774048291837
gate,bybit,VANRYUSDT,0.005786,0.00619,6.9824,1774048292150
gate,bybit,VANRYUSDT,0.005787,0.00619,6.9639,1774048292457
gate,bybit,VANRYUSDT,0.005787,0.00619,6.9639,1774048292760
gate,bybit,VANRYUSDT,0.005786,0.00619,6.9824,1774048293091
gate,bybit,VANRYUSDT,0.005786,0.00619,6.9824,1774048293403
gate,bybit,VANRYUSDT,0.005787,0.00619,6.9639,1774048293714
gate,bybit,VANRYUSDT,0.005786,0.00619,6.9824,1774048294025
gate,bybit,VANRYUSDT,0.005786,0.00619,6.9824,1774048294338
gate,bybit,VANRYUSDT,0.005786,0.00619,6.9824,1774048294650
gate,bybit,VANRYUSDT,0.005786,0.00619,6.9824,1774048294951
gate,bybit,VANRYUSDT,0.005787,0.006191,6.9812,1774048295251
gate,bybit,VANRYUSDT,0.005787,0.006191,6.9812,1774048295552
gate,bybit,VANRYUSDT,0.005787,0.006191,6.9812,1774048295852
gate,bybit,VANRYUSDT,0.005787,0.006191,6.9812,1774048296153
gate,bybit,VANRYUSDT,0.005787,0.006191,6.9812,1774048296453
gate,bybit,VANRYUSDT,0.005787,0.006191,6.9812,1774048296755
gate,bybit,VANRYUSDT,0.005787,0.006191,6.9812,1774048297055
gate,bybit,VANRYUSDT,0.005787,0.006191,6.9812,1774048297355
gate,bybit,VANRYUSDT,0.005787,0.006191,6.9812,1774048297657
gate,bybit,VANRYUSDT,0.005787,0.006191,6.9812,1774048297957
gate,bybit,VANRYUSDT,0.005787,0.006191,6.9812,1774048298258
gate,bybit,VANRYUSDT,0.005787,0.006191,6.9812,1774048298561
gate,bybit,VANRYUSDT,0.005787,0.006191,6.9812,1774048298861
gate,bybit,VANRYUSDT,0.005787,0.006191,6.9812,1774048299161
gate,bybit,VANRYUSDT,0.005787,0.006191,6.9812,1774048299462
gate,bybit,VANRYUSDT,0.005787,0.006191,6.9812,1774048299762
gate,bybit,VANRYUSDT,0.005787,0.006191,6.9812,1774048300062
gate,bybit,VANRYUSDT,0.005787,0.006191,6.9812,1774048300363
gate,bybit,VANRYUSDT,0.005787,0.006191,6.9812,1774048300663
gate,bybit,VANRYUSDT,0.005787,0.006191,6.9812,1774048300963
gate,bybit,VANRYUSDT,0.005787,0.006191,6.9812,1774048301263
gate,bybit,VANRYUSDT,0.005787,0.006191,6.9812,1774048301563
gate,bybit,VANRYUSDT,0.005787,0.006191,6.9812,1774048301863
gate,bybit,VANRYUSDT,0.005788,0.006191,6.9627,1774048302163
gate,bybit,VANRYUSDT,0.005788,0.006191,6.9627,1774048302464
gate,bybit,VANRYUSDT,0.005788,0.006191,6.9627,1774048302764
gate,bybit,VANRYUSDT,0.005788,0.006191,6.9627,1774048303064
gate,bybit,VANRYUSDT,0.005788,0.006191,6.9627,1774048303364
gate,bybit,VANRYUSDT,0.005788,0.006191,6.9627,1774048303664
gate,bybit,VANRYUSDT,0.005788,0.006191,6.9627,1774048303970
gate,bybit,VANRYUSDT,0.005788,0.006191,6.9627,1774048304271
gate,bybit,VANRYUSDT,0.005788,0.006191,6.9627,1774048304571
gate,bybit,VANRYUSDT,0.005787,0.006191,6.9812,1774048304871
gate,bybit,VANRYUSDT,0.005788,0.006191,6.9627,1774048305181
gate,bybit,VANRYUSDT,0.005788,0.006191,6.9627,1774048305487
gate,bybit,VANRYUSDT,0.005788,0.006191,6.9627,1774048305787
gate,bybit,VANRYUSDT,0.005788,0.006191,6.9627,1774048306087
gate,bybit,VANRYUSDT,0.005788,0.006191,6.9627,1774048306387
gate,bybit,VANRYUSDT,0.005787,0.006191,6.9812,1774048306688
gate,bybit,VANRYUSDT,0.005787,0.006191,6.9812,1774048306989
gate,bybit,VANRYUSDT,0.005788,0.006191,6.9627,1774048307289
gate,bybit,VANRYUSDT,0.005788,0.006191,6.9627,1774048307589
gate,bybit,VANRYUSDT,0.005788,0.006191,6.9627,1774048307889
gate,bybit,VANRYUSDT,0.005788,0.006191,6.9627,1774048308190
gate,bybit,VANRYUSDT,0.005787,0.006191,6.9812,1774048308490
gate,bybit,VANRYUSDT,0.005787,0.006191,6.9812,1774048308790
gate,bybit,VANRYUSDT,0.005787,0.006191,6.9812,1774048309090
gate,bybit,VANRYUSDT,0.005788,0.006191,6.9627,1774048309390
gate,bybit,VANRYUSDT,0.005788,0.006191,6.9627,1774048309690
gate,bybit,VANRYUSDT,0.005788,0.006191,6.9627,1774048309990
gate,bybit,VANRYUSDT,0.005789,0.006191,6.9442,1774048310290
gate,bybit,VANRYUSDT,0.005789,0.006191,6.9442,1774048310591
gate,bybit,VANRYUSDT,0.005789,0.006191,6.9442,1774048310891
gate,bybit,VANRYUSDT,0.005788,0.006191,6.9627,1774048311191
gate,bybit,VANRYUSDT,0.005788,0.006191,6.9627,1774048311491
gate,bybit,VANRYUSDT,0.005788,0.006191,6.9627,1774048311792
gate,bybit,VANRYUSDT,0.005788,0.006191,6.9627,1774048312092
gate,bybit,VANRYUSDT,0.005788,0.006191,6.9627,1774048312392
gate,bybit,VANRYUSDT,0.005788,0.006191,6.9627,1774048312693
gate,bybit,VANRYUSDT,0.005788,0.006191,6.9627,1774048312993
gate,bybit,VANRYUSDT,0.005788,0.006191,6.9627,1774048313294
gate,bybit,VANRYUSDT,0.005788,0.006191,6.9627,1774048313596
gate,bybit,VANRYUSDT,0.005788,0.006191,6.9627,1774048313897
gate,bybit,VANRYUSDT,0.005788,0.006191,6.9627,1774048314197
gate,bybit,VANRYUSDT,0.005788,0.006191,6.9627,1774048314499
gate,bybit,VANRYUSDT,0.005788,0.006191,6.9627,1774048314802
gate,bybit,VANRYUSDT,0.005788,0.006191,6.9627,1774048315104
gate,bybit,VANRYUSDT,0.005788,0.006191,6.9627,1774048315411
gate,bybit,VANRYUSDT,0.005788,0.006191,6.9627,1774048315711
gate,bybit,VANRYUSDT,0.005788,0.006191,6.9627,1774048316011
gate,bybit,VANRYUSDT,0.005788,0.006191,6.9627,1774048316311
gate,bybit,VANRYUSDT,0.005788,0.006191,6.9627,1774048316613
gate,bybit,VANRYUSDT,0.005788,0.006191,6.9627,1774048316913
gate,bybit,VANRYUSDT,0.005788,0.006191,6.9627,1774048317214
gate,bybit,VANRYUSDT,0.005789,0.006191,6.9442,1774048317515
gate,bybit,VANRYUSDT,0.005789,0.006191,6.9442,1774048317815
gate,bybit,VANRYUSDT,0.005789,0.006191,6.9442,1774048318115
gate,bybit,VANRYUSDT,0.005789,0.006191,6.9442,1774048318416
gate,bybit,VANRYUSDT,0.005788,0.006191,6.9627,1774048318727
gate,bybit,VANRYUSDT,0.005788,0.006191,6.9627,1774048319038
gate,bybit,VANRYUSDT,0.005788,0.006191,6.9627,1774048319348
gate,bybit,VANRYUSDT,0.005788,0.006192,6.98,1774048319660
gate,bybit,VANRYUSDT,0.005788,0.006192,6.98,1774048319970
gate,bybit,VANRYUSDT,0.005789,0.006192,6.9615,1774048320281
gate,bybit,VANRYUSDT,0.005789,0.006192,6.9615,1774048320596
gate,bybit,VANRYUSDT,0.005789,0.006192,6.9615,1774048320911
gate,bybit,VANRYUSDT,0.005788,0.006192,6.98,1774048321224
gate,bybit,VANRYUSDT,0.005789,0.006192,6.9615,1774048321532
gate,bybit,VANRYUSDT,0.005789,0.006192,6.9615,1774048321846
gate,bybit,VANRYUSDT,0.005789,0.006192,6.9615,1774048322157
gate,bybit,VANRYUSDT,0.005789,0.006192,6.9615,1774048322463
gate,bybit,VANRYUSDT,0.005789,0.006192,6.9615,1774048322779
gate,bybit,VANRYUSDT,0.005789,0.006192,6.9615,1774048323089
gate,bybit,VANRYUSDT,0.005789,0.006192,6.9615,1774048323429
gate,bybit,VANRYUSDT,0.005789,0.006192,6.9615,1774048323737
gate,bybit,VANRYUSDT,0.005789,0.006192,6.9615,1774048324052
gate,bybit,VANRYUSDT,0.005789,0.006192,6.9615,1774048324362
gate,bybit,VANRYUSDT,0.005789,0.006192,6.9615,1774048324670
gate,bybit,VANRYUSDT,0.005789,0.006193,6.9788,1774048324980
gate,bybit,VANRYUSDT,0.005789,0.006193,6.9788,1774048325285
gate,bybit,VANRYUSDT,0.005789,0.006193,6.9788,1774048325590
gate,bybit,VANRYUSDT,0.005789,0.006193,6.9788,1774048325894
gate,bybit,VANRYUSDT,0.005789,0.006193,6.9788,1774048326203
gate,bybit,VANRYUSDT,0.005789,0.006193,6.9788,1774048326516
gate,bybit,VANRYUSDT,0.005789,0.006193,6.9788,1774048326829
gate,bybit,VANRYUSDT,0.005789,0.006193,6.9788,1774048327144
gate,bybit,VANRYUSDT,0.005789,0.006193,6.9788,1774048327459
gate,bybit,VANRYUSDT,0.005789,0.006193,6.9788,1774048327776
gate,bybit,VANRYUSDT,0.005789,0.006193,6.9788,1774048328090
gate,bybit,VANRYUSDT,0.005789,0.006193,6.9788,1774048328407
gate,bybit,VANRYUSDT,0.005789,0.006193,6.9788,1774048328715
gate,bybit,VANRYUSDT,0.005789,0.006193,6.9788,1774048329026
gate,bybit,VANRYUSDT,0.005789,0.006193,6.9788,1774048329334
gate,bybit,VANRYUSDT,0.005789,0.006193,6.9788,1774048329640
gate,bybit,VANRYUSDT,0.005789,0.006193,6.9788,1774048329951
gate,bybit,VANRYUSDT,0.005789,0.006193,6.9788,1774048330263
gate,bybit,VANRYUSDT,0.005789,0.006193,6.9788,1774048330574
gate,bybit,VANRYUSDT,0.005789,0.006193,6.9788,1774048330885
gate,bybit,VANRYUSDT,0.005789,0.006193,6.9788,1774048331198
gate,bybit,VANRYUSDT,0.005789,0.006193,6.9788,1774048331506
gate,bybit,VANRYUSDT,0.005789,0.006193,6.9788,1774048331821
gate,bybit,VANRYUSDT,0.005789,0.006193,6.9788,1774048332133
gate,bybit,VANRYUSDT,0.005788,0.006193,6.9972,1774048332450
gate,bybit,VANRYUSDT,0.005788,0.006193,6.9972,1774048332754
gate,bybit,VANRYUSDT,0.005788,0.006193,6.9972,1774048333068
gate,bybit,VANRYUSDT,0.005788,0.006193,6.9972,1774048333380
gate,bybit,VANRYUSDT,0.005788,0.006193,6.9972,1774048333695
gate,bybit,VANRYUSDT,0.005788,0.006193,6.9972,1774048334004
gate,bybit,VANRYUSDT,0.005789,0.006193,6.9788,1774048334317
gate,bybit,VANRYUSDT,0.005789,0.006193,6.9788,1774048334625
gate,bybit,VANRYUSDT,0.005789,0.006193,6.9788,1774048334935
gate,bybit,VANRYUSDT,0.005789,0.006193,6.9788,1774048335250
gate,bybit,VANRYUSDT,0.005789,0.006193,6.9788,1774048335560
gate,bybit,VANRYUSDT,0.005789,0.006193,6.9788,1774048335874
gate,bybit,VANRYUSDT,0.005789,0.006193,6.9788,1774048336181
gate,bybit,VANRYUSDT,0.005789,0.006193,6.9788,1774048336488
gate,bybit,VANRYUSDT,0.005789,0.006193,6.9788,1774048336795
gate,bybit,VANRYUSDT,0.005789,0.006193,6.9788,1774048337103
gate,bybit,VANRYUSDT,0.005789,0.006193,6.9788,1774048337417
gate,bybit,VANRYUSDT,0.005789,0.006193,6.9788,1774048337724
gate,bybit,VANRYUSDT,0.005789,0.006193,6.9788,1774048338033
gate,bybit,VANRYUSDT,0.005789,0.006193,6.9788,1774048338340
gate,bybit,VANRYUSDT,0.005789,0.006193,6.9788,1774048338643
gate,bybit,VANRYUSDT,0.005789,0.006193,6.9788,1774048338943
gate,bybit,VANRYUSDT,0.005789,0.006193,6.9788,1774048339243
gate,bybit,VANRYUSDT,0.005789,0.006193,6.9788,1774048339543
gate,bybit,VANRYUSDT,0.005789,0.006193,6.9788,1774048339844
gate,bybit,VANRYUSDT,0.005789,0.006193,6.9788,1774048340144
gate,bybit,VANRYUSDT,0.005789,0.006193,6.9788,1774048340444
gate,bybit,VANRYUSDT,0.005789,0.006193,6.9788,1774048340744
gate,bybit,VANRYUSDT,0.005789,0.006193,6.9788,1774048341044
gate,bybit,VANRYUSDT,0.005789,0.006193,6.9788,1774048341345
gate,bybit,VANRYUSDT,0.005789,0.006193,6.9788,1774048341645
gate,bybit,VANRYUSDT,0.005789,0.006193,6.9788,1774048341946
gate,bybit,VANRYUSDT,0.005789,0.006193,6.9788,1774048342246
gate,bybit,VANRYUSDT,0.005789,0.006193,6.9788,1774048342546
gate,bybit,VANRYUSDT,0.005789,0.006193,6.9788,1774048342846
gate,bybit,VANRYUSDT,0.005789,0.006193,6.9788,1774048343147
gate,bybit,VANRYUSDT,0.005789,0.006193,6.9788,1774048343449
gate,bybit,VANRYUSDT,0.005789,0.006193,6.9788,1774048343749
gate,bybit,VANRYUSDT,0.005789,0.006193,6.9788,1774048344049
gate,bybit,VANRYUSDT,0.005789,0.006193,6.9788,1774048344349
gate,bybit,VANRYUSDT,0.005789,0.006193,6.9788,1774048344649
gate,bybit,VANRYUSDT,0.005787,0.006191,6.9812,1774048344950
gate,bybit,VANRYUSDT,0.005787,0.006191,6.9812,1774048345250
gate,bybit,VANRYUSDT,0.005787,0.006191,6.9812,1774048345551
gate,bybit,VANRYUSDT,0.005787,0.006191,6.9812,1774048345851
gate,bybit,VANRYUSDT,0.005787,0.006191,6.9812,1774048346151
gate,bybit,VANRYUSDT,0.005787,0.006191,6.9812,1774048346451
gate,bybit,VANRYUSDT,0.005787,0.006191,6.9812,1774048346751
gate,bybit,VANRYUSDT,0.005787,0.006191,6.9812,1774048347052
gate,bybit,VANRYUSDT,0.005787,0.006191,6.9812,1774048347352
gate,bybit,VANRYUSDT,0.005787,0.006191,6.9812,1774048347652
gate,bybit,VANRYUSDT,0.005781,0.006184,6.9711,1774048347985
gate,bybit,VANRYUSDT,0.005781,0.006184,6.9711,1774048348295
gate,bybit,VANRYUSDT,0.005778,0.006182,6.992,1774048348605
gate,bybit,VANRYUSDT,0.005778,0.00618,6.9574,1774048348919
gate,bybit,VANRYUSDT,0.005778,0.00618,6.9574,1774048349241
gate,bybit,VANRYUSDT,0.005776,0.006179,6.9771,1774048349554
gate,bybit,VANRYUSDT,0.005774,0.006178,6.9969,1774048349870
gate,bybit,VANRYUSDT,0.005774,0.006178,6.9969,1774048350181
gate,bybit,VANRYUSDT,0.005773,0.006178,7.0154,1774048350496
gate,bybit,VANRYUSDT,0.005772,0.006178,7.034,1774048350812
gate,bybit,VANRYUSDT,0.005772,0.006176,6.9993,1774048351123
gate,bybit,VANRYUSDT,0.005772,0.006176,6.9993,1774048351434
gate,bybit,VANRYUSDT,0.005773,0.006176,6.9808,1774048351742
gate,bybit,VANRYUSDT,0.005773,0.006176,6.9808,1774048352053
gate,bybit,VANRYUSDT,0.005772,0.006177,7.0166,1774048352363
gate,bybit,VANRYUSDT,0.005772,0.006178,7.034,1774048352689
gate,bybit,VANRYUSDT,0.005772,0.006176,6.9993,1774048353004
gate,bybit,VANRYUSDT,0.005772,0.006176,6.9993,1774048353313
gate,bybit,VANRYUSDT,0.005772,0.006175,6.982,1774048353623
gate,bybit,VANRYUSDT,0.005771,0.006175,7.0005,1774048353932
gate,bybit,VANRYUSDT,0.005771,0.006175,7.0005,1774048354243
gate,bybit,VANRYUSDT,0.005771,0.006175,7.0005,1774048354557
gate,bybit,VANRYUSDT,0.005771,0.006175,7.0005,1774048354871
gate,bybit,VANRYUSDT,0.005771,0.006175,7.0005,1774048355184
gate,bybit,VANRYUSDT,0.00577,0.006175,7.0191,1774048355499
gate,bybit,VANRYUSDT,0.00577,0.006175,7.0191,1774048355807
gate,bybit,VANRYUSDT,0.00577,0.006175,7.0191,1774048356133
gate,bybit,VANRYUSDT,0.00577,0.006175,7.0191,1774048356447
gate,bybit,VANRYUSDT,0.00577,0.006175,7.0191,1774048356759
gate,bybit,VANRYUSDT,0.00577,0.006175,7.0191,1774048357066
gate,bybit,VANRYUSDT,0.00577,0.006175,7.0191,1774048357383
gate,bybit,VANRYUSDT,0.00577,0.006175,7.0191,1774048357691
gate,bybit,VANRYUSDT,0.00577,0.006175,7.0191,1774048357996
gate,bybit,VANRYUSDT,0.00577,0.006176,7.0364,1774048358307
gate,bybit,VANRYUSDT,0.00577,0.006176,7.0364,1774048358616
gate,bybit,VANRYUSDT,0.00577,0.006176,7.0364,1774048358924
gate,bybit,VANRYUSDT,0.00577,0.006176,7.0364,1774048359238
gate,bybit,VANRYUSDT,0.00577,0.006176,7.0364,1774048359550
gate,bybit,VANRYUSDT,0.00577,0.006176,7.0364,1774048359864
gate,bybit,VANRYUSDT,0.00577,0.006176,7.0364,1774048360168
gate,bybit,VANRYUSDT,0.00577,0.006175,7.0191,1774048360474
gate,bybit,VANRYUSDT,0.00577,0.006175,7.0191,1774048360775
gate,bybit,VANRYUSDT,0.00577,0.006175,7.0191,1774048361075
gate,bybit,VANRYUSDT,0.00577,0.006175,7.0191,1774048361375
gate,bybit,VANRYUSDT,0.00577,0.006175,7.0191,1774048361676
gate,bybit,VANRYUSDT,0.00577,0.006177,7.0537,1774048361986
gate,bybit,VANRYUSDT,0.00577,0.006177,7.0537,1774048362295
gate,bybit,VANRYUSDT,0.00577,0.006174,7.0017,1774048362610
gate,bybit,VANRYUSDT,0.00577,0.006176,7.0364,1774048362922
gate,bybit,VANRYUSDT,0.00577,0.006176,7.0364,1774048363233
gate,bybit,VANRYUSDT,0.00577,0.006176,7.0364,1774048363536
gate,bybit,VANRYUSDT,0.005769,0.006175,7.0376,1774048363847
gate,bybit,VANRYUSDT,0.005759,0.00616,6.963,1774048364161
gate,bybit,VANRYUSDT,0.005759,0.006161,6.9804,1774048364466
gate,bybit,VANRYUSDT,0.005756,0.006161,7.0361,1774048364766
gate,bybit,VANRYUSDT,0.005756,0.006161,7.0361,1774048365066
gate,bybit,VANRYUSDT,0.005756,0.006161,7.0361,1774048365366
gate,bybit,VANRYUSDT,0.005756,0.006161,7.0361,1774048365666
gate,bybit,VANRYUSDT,0.005756,0.006161,7.0361,1774048365966
gate,bybit,VANRYUSDT,0.005756,0.006161,7.0361,1774048366267
gate,bybit,VANRYUSDT,0.005756,0.006161,7.0361,1774048366576
gate,bybit,VANRYUSDT,0.005756,0.006161,7.0361,1774048366878
gate,bybit,VANRYUSDT,0.005756,0.006161,7.0361,1774048367179
gate,bybit,VANRYUSDT,0.005756,0.006161,7.0361,1774048367479
gate,bybit,VANRYUSDT,0.005756,0.006161,7.0361,1774048367779
gate,bybit,VANRYUSDT,0.005755,0.00616,7.0374,1774048368079
gate,bybit,VANRYUSDT,0.005755,0.006159,7.02,1774048368379
gate,bybit,VANRYUSDT,0.005755,0.006159,7.02,1774048368679
gate,bybit,VANRYUSDT,0.005754,0.006159,7.0386,1774048368980
gate,bybit,VANRYUSDT,0.005754,0.006159,7.0386,1774048369283
gate,bybit,VANRYUSDT,0.005747,0.006154,7.082,1774048369583
gate,bybit,VANRYUSDT,0.005749,0.006154,7.0447,1774048369884
gate,bybit,VANRYUSDT,0.005749,0.006154,7.0447,1774048370184
gate,bybit,VANRYUSDT,0.005749,0.006154,7.0447,1774048370484
gate,bybit,VANRYUSDT,0.005749,0.006154,7.0447,1774048370784
gate,bybit,VANRYUSDT,0.005749,0.006154,7.0447,1774048371084
gate,bybit,VANRYUSDT,0.005749,0.006154,7.0447,1774048371384
gate,bybit,VANRYUSDT,0.005749,0.006154,7.0447,1774048371684
gate,bybit,VANRYUSDT,0.005749,0.006154,7.0447,1774048371984
gate,bybit,VANRYUSDT,0.005749,0.006154,7.0447,1774048372285
gate,bybit,VANRYUSDT,0.005749,0.006154,7.0447,1774048372585
gate,bybit,VANRYUSDT,0.005749,0.006154,7.0447,1774048372885
gate,bybit,VANRYUSDT,0.005749,0.006154,7.0447,1774048373186
gate,bybit,VANRYUSDT,0.005749,0.006154,7.0447,1774048373486
gate,bybit,VANRYUSDT,0.005749,0.006154,7.0447,1774048373786
gate,bybit,VANRYUSDT,0.005749,0.006154,7.0447,1774048374094
gate,bybit,VANRYUSDT,0.005749,0.006154,7.0447,1774048374394
gate,bybit,VANRYUSDT,0.005749,0.006154,7.0447,1774048374694
gate,bybit,VANRYUSDT,0.005749,0.006154,7.0447,1774048374995
gate,bybit,VANRYUSDT,0.005749,0.006154,7.0447,1774048375297
gate,bybit,VANRYUSDT,0.005749,0.006154,7.0447,1774048375598
gate,bybit,VANRYUSDT,0.005749,0.006152,7.0099,1774048375901
gate,bybit,VANRYUSDT,0.005749,0.006152,7.0099,1774048376204
gate,bybit,VANRYUSDT,0.005747,0.006152,7.0472,1774048376505
gate,bybit,VANRYUSDT,0.005747,0.006152,7.0472,1774048376808
gate,bybit,VANRYUSDT,0.005747,0.006152,7.0472,1774048377109
gate,bybit,VANRYUSDT,0.005747,0.006152,7.0472,1774048377409
gate,bybit,VANRYUSDT,0.005747,0.006152,7.0472,1774048377709
gate,bybit,VANRYUSDT,0.005747,0.006152,7.0472,1774048378010
gate,bybit,VANRYUSDT,0.005747,0.006152,7.0472,1774048378310
gate,bybit,VANRYUSDT,0.005747,0.006152,7.0472,1774048378611
gate,bybit,VANRYUSDT,0.005747,0.006152,7.0472,1774048378912
gate,bybit,VANRYUSDT,0.005747,0.006152,7.0472,1774048379212
gate,bybit,VANRYUSDT,0.005747,0.006152,7.0472,1774048379513
gate,bybit,VANRYUSDT,0.005747,0.006152,7.0472,1774048379813
gate,bybit,VANRYUSDT,0.005747,0.006152,7.0472,1774048380123
gate,bybit,VANRYUSDT,0.005747,0.006152,7.0472,1774048380437
gate,bybit,VANRYUSDT,0.005747,0.006153,7.0646,1774048380748
gate,bybit,VANRYUSDT,0.005748,0.006154,7.0633,1774048381056
gate,bybit,VANRYUSDT,0.005748,0.006154,7.0633,1774048381370
gate,bybit,VANRYUSDT,0.005748,0.006154,7.0633,1774048381679
gate,bybit,VANRYUSDT,0.005748,0.006154,7.0633,1774048381986
gate,bybit,VANRYUSDT,0.005748,0.006154,7.0633,1774048382296
gate,bybit,VANRYUSDT,0.005748,0.006154,7.0633,1774048382602
gate,bybit,VANRYUSDT,0.005748,0.006154,7.0633,1774048382907
gate,bybit,VANRYUSDT,0.005748,0.006154,7.0633,1774048383223
gate,bybit,VANRYUSDT,0.005748,0.006154,7.0633,1774048383532
gate,bybit,VANRYUSDT,0.005748,0.006154,7.0633,1774048383843
gate,bybit,VANRYUSDT,0.005748,0.006153,7.0459,1774048384147
gate,bybit,VANRYUSDT,0.005748,0.006153,7.0459,1774048384447
gate,bybit,VANRYUSDT,0.005748,0.006153,7.0459,1774048384748
gate,bybit,VANRYUSDT,0.005748,0.006153,7.0459,1774048385048
gate,bybit,VANRYUSDT,0.005748,0.006153,7.0459,1774048385349
gate,bybit,VANRYUSDT,0.005748,0.006153,7.0459,1774048385649
gate,bybit,VANRYUSDT,0.005748,0.006153,7.0459,1774048385949
gate,bybit,VANRYUSDT,0.005748,0.006153,7.0459,1774048386249
gate,bybit,VANRYUSDT,0.005748,0.006153,7.0459,1774048386551
gate,bybit,VANRYUSDT,0.005748,0.006153,7.0459,1774048386851
gate,bybit,VANRYUSDT,0.005748,0.006153,7.0459,1774048387151
gate,bybit,VANRYUSDT,0.005747,0.006153,7.0646,1774048387463
gate,bybit,VANRYUSDT,0.005747,0.006153,7.0646,1774048387777
gate,bybit,VANRYUSDT,0.005747,0.006153,7.0646,1774048388085
gate,bybit,VANRYUSDT,0.005745,0.006153,7.1018,1774048388393
gate,bybit,VANRYUSDT,0.005745,0.006153,7.1018,1774048388711
gate,bybit,VANRYUSDT,0.005745,0.006153,7.1018,1774048389028
gate,bybit,VANRYUSDT,0.005745,0.006153,7.1018,1774048389341
gate,bybit,VANRYUSDT,0.005745,0.006153,7.1018,1774048389645
gate,bybit,VANRYUSDT,0.005745,0.006153,7.1018,1774048389950
gate,bybit,VANRYUSDT,0.005745,0.006153,7.1018,1774048390258
gate,bybit,VANRYUSDT,0.005745,0.006153,7.1018,1774048390562
gate,bybit,VANRYUSDT,0.005745,0.006153,7.1018,1774048390862
gate,bybit,VANRYUSDT,0.005745,0.006153,7.1018,1774048391164
gate,bybit,VANRYUSDT,0.005746,0.006153,7.0832,1774048391464
gate,bybit,VANRYUSDT,0.005746,0.006153,7.0832,1774048391764
gate,bybit,VANRYUSDT,0.005746,0.006153,7.0832,1774048392064
gate,bybit,VANRYUSDT,0.005746,0.006153,7.0832,1774048392364
gate,bybit,VANRYUSDT,0.005746,0.006153,7.0832,1774048392665
gate,bybit,VANRYUSDT,0.005746,0.006153,7.0832,1774048392966
gate,bybit,VANRYUSDT,0.005746,0.006153,7.0832,1774048393266
gate,bybit,VANRYUSDT,0.005746,0.006153,7.0832,1774048393566
gate,bybit,VANRYUSDT,0.005746,0.006153,7.0832,1774048393870
gate,bybit,VANRYUSDT,0.005746,0.006153,7.0832,1774048394170
gate,bybit,VANRYUSDT,0.005746,0.006153,7.0832,1774048394471
gate,bybit,VANRYUSDT,0.005746,0.006153,7.0832,1774048394771
gate,bybit,VANRYUSDT,0.005746,0.006153,7.0832,1774048395071
gate,bybit,VANRYUSDT,0.005746,0.006154,7.1006,1774048395371
gate,bybit,VANRYUSDT,0.005747,0.006153,7.0646,1774048395683
gate,bybit,VANRYUSDT,0.005749,0.006153,7.0273,1774048395992
gate,bybit,VANRYUSDT,0.005748,0.006153,7.0459,1774048396305
gate,bybit,VANRYUSDT,0.005748,0.006153,7.0459,1774048396613
gate,bybit,VANRYUSDT,0.005748,0.006153,7.0459,1774048396915
gate,bybit,VANRYUSDT,0.005748,0.006153,7.0459,1774048397215
gate,bybit,VANRYUSDT,0.005747,0.006153,7.0646,1774048397516
gate,bybit,VANRYUSDT,0.005747,0.006153,7.0646,1774048397817
gate,bybit,VANRYUSDT,0.005747,0.006153,7.0646,1774048398118
gate,bybit,VANRYUSDT,0.005747,0.006153,7.0646,1774048398420
gate,bybit,VANRYUSDT,0.005747,0.006153,7.0646,1774048398722
gate,bybit,VANRYUSDT,0.005747,0.006153,7.0646,1774048399027
gate,bybit,VANRYUSDT,0.005747,0.006153,7.0646,1774048399335
gate,bybit,VANRYUSDT,0.005746,0.006153,7.0832,1774048399636
gate,bybit,VANRYUSDT,0.005746,0.006153,7.0832,1774048399936
gate,bybit,VANRYUSDT,0.005746,0.006153,7.0832,1774048400239
gate,bybit,VANRYUSDT,0.005747,0.006153,7.0646,1774048400542
gate,bybit,VANRYUSDT,0.005747,0.006153,7.0646,1774048400842
gate,bybit,VANRYUSDT,0.005747,0.006153,7.0646,1774048401143
gate,bybit,VANRYUSDT,0.005747,0.006153,7.0646,1774048401443
gate,bybit,VANRYUSDT,0.005746,0.006153,7.0832,1774048401743
gate,bybit,VANRYUSDT,0.005746,0.006152,7.0658,1774048402044
gate,bybit,VANRYUSDT,0.005745,0.006152,7.0844,1774048402350
gate,bybit,VANRYUSDT,0.005745,0.006152,7.0844,1774048402660
gate,bybit,VANRYUSDT,0.005745,0.006152,7.0844,1774048402960
gate,bybit,VANRYUSDT,0.005746,0.006152,7.0658,1774048403260
gate,bybit,VANRYUSDT,0.005745,0.006152,7.0844,1774048403565
gate,bybit,VANRYUSDT,0.005745,0.006152,7.0844,1774048403865
gate,bybit,VANRYUSDT,0.005745,0.006152,7.0844,1774048404165
gate,bybit,VANRYUSDT,0.005745,0.006152,7.0844,1774048404474
gate,bybit,VANRYUSDT,0.005746,0.006152,7.0658,1774048404781
gate,bybit,VANRYUSDT,0.005745,0.006152,7.0844,1774048405082
gate,bybit,VANRYUSDT,0.005745,0.006152,7.0844,1774048405382
gate,bybit,VANRYUSDT,0.005745,0.006152,7.0844,1774048405682
gate,bybit,VANRYUSDT,0.005748,0.006152,7.0285,1774048405989
gate,bybit,VANRYUSDT,0.005747,0.006152,7.0472,1774048406289
gate,bybit,VANRYUSDT,0.005747,0.006152,7.0472,1774048406589
gate,bybit,VANRYUSDT,0.005747,0.006152,7.0472,1774048406890
gate,bybit,VANRYUSDT,0.005745,0.006152,7.0844,1774048407190
gate,bybit,VANRYUSDT,0.005745,0.006152,7.0844,1774048407491
gate,bybit,VANRYUSDT,0.005745,0.006152,7.0844,1774048407791
gate,bybit,VANRYUSDT,0.005745,0.006152,7.0844,1774048408091
gate,bybit,VANRYUSDT,0.005744,0.006152,7.1031,1774048408391
gate,bybit,VANRYUSDT,0.005744,0.006152,7.1031,1774048408692
gate,bybit,VANRYUSDT,0.005745,0.006152,7.0844,1774048408992
gate,bybit,VANRYUSDT,0.005744,0.006152,7.1031,1774048409292
gate,bybit,VANRYUSDT,0.005744,0.006152,7.1031,1774048409592
gate,bybit,VANRYUSDT,0.005745,0.006152,7.0844,1774048409892
gate,bybit,VANRYUSDT,0.005744,0.006152,7.1031,1774048410193
gate,bybit,VANRYUSDT,0.005744,0.006152,7.1031,1774048410493
gate,bybit,VANRYUSDT,0.005744,0.006152,7.1031,1774048410795
gate,bybit,VANRYUSDT,0.005745,0.006152,7.0844,1774048411096
gate,bybit,VANRYUSDT,0.005745,0.006152,7.0844,1774048411397
gate,bybit,VANRYUSDT,0.005744,0.006152,7.1031,1774048411697
gate,bybit,VANRYUSDT,0.005744,0.006152,7.1031,1774048411999
gate,bybit,VANRYUSDT,0.005744,0.006152,7.1031,1774048412303
gate,bybit,VANRYUSDT,0.005744,0.006152,7.1031,1774048412607
gate,bybit,VANRYUSDT,0.005744,0.006152,7.1031,1774048412907
gate,bybit,VANRYUSDT,0.005744,0.006152,7.1031,1774048413207
gate,bybit,VANRYUSDT,0.005744,0.006152,7.1031,1774048413508
gate,bybit,VANRYUSDT,0.005744,0.006152,7.1031,1774048413808
gate,bybit,VANRYUSDT,0.005744,0.006152,7.1031,1774048414111
gate,bybit,VANRYUSDT,0.005744,0.006152,7.1031,1774048414412
gate,bybit,VANRYUSDT,0.005744,0.006152,7.1031,1774048414712
gate,bybit,VANRYUSDT,0.005745,0.006152,7.0844,1774048415012
gate,bybit,VANRYUSDT,0.005745,0.006152,7.0844,1774048415313
gate,bybit,VANRYUSDT,0.005745,0.006152,7.0844,1774048415614
gate,bybit,VANRYUSDT,0.005744,0.006152,7.1031,1774048415914
gate,bybit,VANRYUSDT,0.005744,0.006152,7.1031,1774048416215
gate,bybit,VANRYUSDT,0.005744,0.006152,7.1031,1774048416515
gate,bybit,VANRYUSDT,0.005744,0.006152,7.1031,1774048416816
gate,bybit,VANRYUSDT,0.005743,0.006152,7.1217,1774048417117
gate,bybit,VANRYUSDT,0.005743,0.006152,7.1217,1774048417417
gate,bybit,VANRYUSDT,0.005743,0.006152,7.1217,1774048417718
gate,bybit,VANRYUSDT,0.005743,0.006152,7.1217,1774048418023
gate,bybit,VANRYUSDT,0.005743,0.006152,7.1217,1774048418327
gate,bybit,VANRYUSDT,0.005742,0.006152,7.1404,1774048418632
gate,bybit,VANRYUSDT,0.005742,0.006152,7.1404,1774048418934
gate,bybit,VANRYUSDT,0.005742,0.006152,7.1404,1774048419237
gate,bybit,VANRYUSDT,0.005742,0.006152,7.1404,1774048419537
gate,bybit,VANRYUSDT,0.005743,0.006152,7.1217,1774048419838
gate,bybit,VANRYUSDT,0.005743,0.006152,7.1217,1774048420139
gate,bybit,VANRYUSDT,0.005743,0.006152,7.1217,1774048420440
gate,bybit,VANRYUSDT,0.005742,0.006152,7.1404,1774048420740
gate,bybit,VANRYUSDT,0.005742,0.006152,7.1404,1774048421040
gate,bybit,VANRYUSDT,0.005742,0.006152,7.1404,1774048421340
gate,bybit,VANRYUSDT,0.005742,0.006152,7.1404,1774048421640
gate,bybit,VANRYUSDT,0.005742,0.006152,7.1404,1774048421941
gate,bybit,VANRYUSDT,0.005743,0.006152,7.1217,1774048422241
gate,bybit,VANRYUSDT,0.005743,0.006152,7.1217,1774048422541
gate,bybit,VANRYUSDT,0.005742,0.006152,7.1404,1774048422842
gate,bybit,VANRYUSDT,0.005742,0.006152,7.1404,1774048423142
gate,bybit,VANRYUSDT,0.005742,0.006152,7.1404,1774048423442
gate,bybit,VANRYUSDT,0.005742,0.006152,7.1404,1774048423742
gate,bybit,VANRYUSDT,0.005745,0.006157,7.1715,1774048424050
gate,bybit,VANRYUSDT,0.005745,0.006156,7.154,1774048424350
gate,bybit,VANRYUSDT,0.005745,0.006156,7.154,1774048424651
gate,bybit,VANRYUSDT,0.005745,0.006156,7.154,1774048424951
gate,bybit,VANRYUSDT,0.005745,0.006156,7.154,1774048425251
gate,bybit,VANRYUSDT,0.005745,0.006155,7.1366,1774048425559
gate,bybit,VANRYUSDT,0.005745,0.006155,7.1366,1774048425871
gate,bybit,VANRYUSDT,0.005745,0.006155,7.1366,1774048426182
gate,bybit,VANRYUSDT,0.005745,0.006155,7.1366,1774048426488
gate,bybit,VANRYUSDT,0.005745,0.006155,7.1366,1774048426788
gate,bybit,VANRYUSDT,0.005745,0.006155,7.1366,1774048427089
gate,bybit,VANRYUSDT,0.005745,0.006155,7.1366,1774048427389
gate,bybit,VANRYUSDT,0.005745,0.006155,7.1366,1774048427689
gate,bybit,VANRYUSDT,0.005745,0.006155,7.1366,1774048427989
gate,bybit,VANRYUSDT,0.005745,0.006155,7.1366,1774048428289
gate,bybit,VANRYUSDT,0.005745,0.006155,7.1366,1774048428589
gate,bybit,VANRYUSDT,0.005745,0.006155,7.1366,1774048428889
gate,bybit,VANRYUSDT,0.005745,0.006155,7.1366,1774048429189
gate,bybit,VANRYUSDT,0.00574,0.006145,7.0557,1774048429490
gate,bybit,VANRYUSDT,0.005737,0.006144,7.0943,1774048429790
gate,bybit,VANRYUSDT,0.005735,0.006143,7.1142,1774048430090
gate,bybit,VANRYUSDT,0.005735,0.006143,7.1142,1774048430390
gate,bybit,VANRYUSDT,0.005735,0.006142,7.0968,1774048430690
gate,bybit,VANRYUSDT,0.005735,0.006142,7.0968,1774048430990
gate,bybit,VANRYUSDT,0.005734,0.006142,7.1155,1774048431290
gate,bybit,VANRYUSDT,0.005734,0.006142,7.1155,1774048431600
gate,bybit,VANRYUSDT,0.005734,0.006142,7.1155,1774048431910
gate,bybit,VANRYUSDT,0.005734,0.006142,7.1155,1774048432221
gate,bybit,VANRYUSDT,0.005734,0.006143,7.1329,1774048432534
gate,bybit,VANRYUSDT,0.005734,0.006143,7.1329,1774048432837
gate,bybit,VANRYUSDT,0.005735,0.006143,7.1142,1774048433138
gate,bybit,VANRYUSDT,0.005735,0.006143,7.1142,1774048433438
gate,bybit,VANRYUSDT,0.005735,0.006142,7.0968,1774048433739
gate,bybit,VANRYUSDT,0.005735,0.006142,7.0968,1774048434039
gate,bybit,VANRYUSDT,0.005735,0.006142,7.0968,1774048434339
gate,bybit,VANRYUSDT,0.005735,0.006142,7.0968,1774048434639
gate,bybit,VANRYUSDT,0.005735,0.006142,7.0968,1774048434939
gate,bybit,VANRYUSDT,0.005735,0.006142,7.0968,1774048435241
gate,bybit,VANRYUSDT,0.005735,0.006142,7.0968,1774048435541
gate,bybit,VANRYUSDT,0.005735,0.006142,7.0968,1774048435841
gate,bybit,VANRYUSDT,0.005735,0.006142,7.0968,1774048436156
gate,bybit,VANRYUSDT,0.005736,0.006145,7.1304,1774048436471
gate,bybit,VANRYUSDT,0.005736,0.006145,7.1304,1774048436771
gate,bybit,VANRYUSDT,0.005736,0.006145,7.1304,1774048437078
gate,bybit,VANRYUSDT,0.005736,0.006145,7.1304,1774048437378
gate,bybit,VANRYUSDT,0.005736,0.006145,7.1304,1774048437678
gate,bybit,VANRYUSDT,0.005736,0.006145,7.1304,1774048437978
gate,bybit,VANRYUSDT,0.005736,0.006145,7.1304,1774048438278
gate,bybit,VANRYUSDT,0.005736,0.006145,7.1304,1774048438578
gate,bybit,VANRYUSDT,0.005736,0.006145,7.1304,1774048438879
gate,bybit,VANRYUSDT,0.005737,0.006147,7.1466,1774048439179
gate,bybit,VANRYUSDT,0.005737,0.006147,7.1466,1774048439479
gate,bybit,VANRYUSDT,0.005737,0.006147,7.1466,1774048439779
gate,bybit,VANRYUSDT,0.005739,0.006147,7.1093,1774048440080
gate,bybit,VANRYUSDT,0.005739,0.006147,7.1093,1774048440380
gate,bybit,VANRYUSDT,0.005741,0.006148,7.0894,1774048440687
gate,bybit,VANRYUSDT,0.005745,0.006151,7.067,1774048440992
gate,bybit,VANRYUSDT,0.005745,0.006151,7.067,1774048441293
gate,bybit,VANRYUSDT,0.005745,0.006151,7.067,1774048441593
gate,bybit,VANRYUSDT,0.005745,0.006151,7.067,1774048441894
gate,bybit,VANRYUSDT,0.005745,0.006151,7.067,1774048442194
gate,bybit,VANRYUSDT,0.005745,0.006151,7.067,1774048442494
gate,bybit,VANRYUSDT,0.005745,0.006151,7.067,1774048442794
gate,bybit,VANRYUSDT,0.005743,0.006151,7.1043,1774048443095
gate,bybit,VANRYUSDT,0.005743,0.006151,7.1043,1774048443396
gate,bybit,VANRYUSDT,0.005743,0.006151,7.1043,1774048443698
gate,bybit,VANRYUSDT,0.005743,0.006151,7.1043,1774048444001
gate,bybit,VANRYUSDT,0.005743,0.006151,7.1043,1774048444307
gate,bybit,VANRYUSDT,0.005743,0.006151,7.1043,1774048444609
gate,bybit,VANRYUSDT,0.005743,0.006151,7.1043,1774048444919
gate,bybit,VANRYUSDT,0.005743,0.006151,7.1043,1774048445221
gate,bybit,VANRYUSDT,0.005743,0.006151,7.1043,1774048445524
gate,bybit,VANRYUSDT,0.005743,0.006151,7.1043,1774048445828
gate,bybit,VANRYUSDT,0.005743,0.006151,7.1043,1774048446134
gate,bybit,VANRYUSDT,0.005743,0.006151,7.1043,1774048446437
gate,bybit,VANRYUSDT,0.005745,0.006151,7.067,1774048446738
gate,bybit,VANRYUSDT,0.005745,0.006151,7.067,1774048447038
gate,bybit,VANRYUSDT,0.005745,0.006151,7.067,1774048447348
gate,bybit,VANRYUSDT,0.005745,0.006151,7.067,1774048447648
gate,bybit,VANRYUSDT,0.005745,0.006151,7.067,1774048447948
gate,bybit,VANRYUSDT,0.005745,0.006151,7.067,1774048448249
gate,bybit,VANRYUSDT,0.005745,0.006151,7.067,1774048448549
gate,bybit,VANRYUSDT,0.005745,0.006151,7.067,1774048448849
gate,bybit,VANRYUSDT,0.005745,0.006151,7.067,1774048449149
gate,bybit,VANRYUSDT,0.005745,0.006151,7.067,1774048449449
gate,bybit,VANRYUSDT,0.005743,0.00615,7.0869,1774048449750
gate,bybit,VANRYUSDT,0.005743,0.00615,7.0869,1774048450050
gate,bybit,VANRYUSDT,0.005743,0.00615,7.0869,1774048450360
gate,bybit,VANRYUSDT,0.005743,0.00615,7.0869,1774048450660
gate,bybit,VANRYUSDT,0.005744,0.00615,7.0682,1774048450960
gate,bybit,VANRYUSDT,0.005744,0.00615,7.0682,1774048451260
gate,bybit,VANRYUSDT,0.005744,0.00615,7.0682,1774048451560
gate,bybit,VANRYUSDT,0.005745,0.00615,7.0496,1774048451860
gate,bybit,VANRYUSDT,0.005745,0.00615,7.0496,1774048452166
gate,bybit,VANRYUSDT,0.005745,0.00615,7.0496,1774048452466
gate,bybit,VANRYUSDT,0.005745,0.00615,7.0496,1774048452766
gate,bybit,VANRYUSDT,0.005746,0.00615,7.031,1774048453067
gate,bybit,VANRYUSDT,0.005746,0.00615,7.031,1774048453367
gate,bybit,VANRYUSDT,0.005746,0.00615,7.031,1774048453667
gate,bybit,VANRYUSDT,0.005746,0.00615,7.031,1774048453968
gate,bybit,VANRYUSDT,0.005746,0.00615,7.031,1774048454268
gate,bybit,VANRYUSDT,0.005746,0.00615,7.031,1774048454568
gate,bybit,VANRYUSDT,0.005746,0.00615,7.031,1774048454868
gate,bybit,VANRYUSDT,0.005746,0.00615,7.031,1774048455168
gate,bybit,VANRYUSDT,0.005746,0.00615,7.031,1774048455469
gate,bybit,VANRYUSDT,0.005746,0.00615,7.031,1774048455769
gate,bybit,VANRYUSDT,0.005746,0.00615,7.031,1774048456069
gate,bybit,VANRYUSDT,0.005746,0.00615,7.031,1774048456370
gate,bybit,VANRYUSDT,0.005746,0.00615,7.031,1774048456670
gate,bybit,VANRYUSDT,0.005747,0.00615,7.0124,1774048456970
gate,bybit,VANRYUSDT,0.005747,0.00615,7.0124,1774048457270
gate,bybit,VANRYUSDT,0.005747,0.00615,7.0124,1774048457570
gate,bybit,VANRYUSDT,0.005747,0.00615,7.0124,1774048457871
gate,bybit,VANRYUSDT,0.005747,0.00615,7.0124,1774048458171
gate,bybit,VANRYUSDT,0.005745,0.00615,7.0496,1774048458471
gate,bybit,VANRYUSDT,0.005745,0.00615,7.0496,1774048458771
gate,bybit,VANRYUSDT,0.005745,0.00615,7.0496,1774048459072
gate,bybit,VANRYUSDT,0.005745,0.00615,7.0496,1774048459372
gate,bybit,VANRYUSDT,0.005745,0.00615,7.0496,1774048459672
gate,bybit,VANRYUSDT,0.005745,0.00615,7.0496,1774048459972
gate,bybit,VANRYUSDT,0.005745,0.00615,7.0496,1774048460272
gate,bybit,VANRYUSDT,0.005745,0.00615,7.0496,1774048460573
gate,bybit,VANRYUSDT,0.005745,0.00615,7.0496,1774048460873
gate,bybit,VANRYUSDT,0.005745,0.00615,7.0496,1774048461173
gate,bybit,VANRYUSDT,0.005745,0.00615,7.0496,1774048461473
gate,bybit,VANRYUSDT,0.005745,0.00615,7.0496,1774048461774
gate,bybit,VANRYUSDT,0.005745,0.00615,7.0496,1774048462074
gate,bybit,VANRYUSDT,0.005745,0.00615,7.0496,1774048462374
gate,bybit,VANRYUSDT,0.005745,0.00615,7.0496,1774048462687
gate,bybit,VANRYUSDT,0.005745,0.00615,7.0496,1774048462988
gate,bybit,VANRYUSDT,0.005745,0.00615,7.0496,1774048463289
gate,bybit,VANRYUSDT,0.005745,0.00615,7.0496,1774048463590
gate,bybit,VANRYUSDT,0.005745,0.00615,7.0496,1774048463890
gate,bybit,VANRYUSDT,0.005745,0.00615,7.0496,1774048464190
gate,bybit,VANRYUSDT,0.005745,0.00615,7.0496,1774048464490
gate,bybit,VANRYUSDT,0.005745,0.00615,7.0496,1774048464790
gate,bybit,VANRYUSDT,0.005745,0.00615,7.0496,1774048465091
gate,bybit,VANRYUSDT,0.005745,0.00615,7.0496,1774048465391
gate,bybit,VANRYUSDT,0.005745,0.00615,7.0496,1774048465691
gate,bybit,VANRYUSDT,0.005745,0.00615,7.0496,1774048465992
gate,bybit,VANRYUSDT,0.005745,0.00615,7.0496,1774048466292
gate,bybit,VANRYUSDT,0.005745,0.00615,7.0496,1774048466592
gate,bybit,VANRYUSDT,0.005745,0.00615,7.0496,1774048466894
gate,bybit,VANRYUSDT,0.005745,0.00615,7.0496,1774048467208
gate,bybit,VANRYUSDT,0.005745,0.00615,7.0496,1774048467523
gate,bybit,VANRYUSDT,0.005745,0.00615,7.0496,1774048467836
gate,bybit,VANRYUSDT,0.005745,0.00615,7.0496,1774048468148
gate,bybit,VANRYUSDT,0.005745,0.00615,7.0496,1774048468463
gate,bybit,VANRYUSDT,0.005745,0.00615,7.0496,1774048468763
gate,bybit,VANRYUSDT,0.005745,0.00615,7.0496,1774048469064
gate,bybit,VANRYUSDT,0.005738,0.006147,7.1279,1774048469364
gate,bybit,VANRYUSDT,0.005741,0.006147,7.0719,1774048469665
gate,bybit,VANRYUSDT,0.005741,0.006147,7.0719,1774048469965
gate,bybit,VANRYUSDT,0.005741,0.006149,7.1068,1774048470272
gate,bybit,VANRYUSDT,0.005743,0.006149,7.0695,1774048470580
gate,bybit,VANRYUSDT,0.005743,0.006149,7.0695,1774048470885
gate,bybit,VANRYUSDT,0.005743,0.006149,7.0695,1774048471185
gate,bybit,VANRYUSDT,0.005743,0.006149,7.0695,1774048471485
gate,bybit,VANRYUSDT,0.005743,0.00615,7.0869,1774048471798
gate,bybit,VANRYUSDT,0.005743,0.00615,7.0869,1774048472110
gate,bybit,VANRYUSDT,0.005743,0.00615,7.0869,1774048472422
gate,bybit,VANRYUSDT,0.005743,0.00615,7.0869,1774048472728
gate,bybit,VANRYUSDT,0.005743,0.00615,7.0869,1774048473035
gate,bybit,VANRYUSDT,0.00575,0.006156,7.0609,1774048473345
gate,bybit,VANRYUSDT,0.00575,0.006156,7.0609,1774048473651
gate,bybit,VANRYUSDT,0.00575,0.006156,7.0609,1774048473952
gate,bybit,VANRYUSDT,0.00575,0.006156,7.0609,1774048474252
gate,bybit,VANRYUSDT,0.00575,0.006156,7.0609,1774048474552
gate,bybit,VANRYUSDT,0.00575,0.006156,7.0609,1774048474852
gate,bybit,VANRYUSDT,0.00575,0.006156,7.0609,1774048475152
gate,bybit,VANRYUSDT,0.00575,0.006156,7.0609,1774048475453
gate,bybit,VANRYUSDT,0.00575,0.006156,7.0609,1774048475753
gate,bybit,VANRYUSDT,0.00575,0.006156,7.0609,1774048476053
gate,bybit,VANRYUSDT,0.00575,0.006156,7.0609,1774048476353
gate,bybit,VANRYUSDT,0.00575,0.006157,7.0783,1774048476653
gate,bybit,VANRYUSDT,0.005749,0.006155,7.0621,1774048476954
gate,bybit,VANRYUSDT,0.005749,0.006155,7.0621,1774048477254
gate,bybit,VANRYUSDT,0.005749,0.006155,7.0621,1774048477554
gate,bybit,VANRYUSDT,0.005749,0.006155,7.0621,1774048477856
gate,bybit,VANRYUSDT,0.005749,0.006155,7.0621,1774048478157
gate,bybit,VANRYUSDT,0.005749,0.006155,7.0621,1774048478464
gate,bybit,VANRYUSDT,0.005749,0.006155,7.0621,1774048478764
gate,bybit,VANRYUSDT,0.005749,0.006155,7.0621,1774048479065
gate,bybit,VANRYUSDT,0.005749,0.006155,7.0621,1774048479365
gate,bybit,VANRYUSDT,0.005749,0.006155,7.0621,1774048479665
gate,bybit,VANRYUSDT,0.005749,0.006155,7.0621,1774048479965
gate,bybit,VANRYUSDT,0.005749,0.006155,7.0621,1774048480266
gate,bybit,VANRYUSDT,0.005749,0.006155,7.0621,1774048480566
gate,bybit,VANRYUSDT,0.005747,0.006155,7.0994,1774048480866
gate,bybit,VANRYUSDT,0.005747,0.006155,7.0994,1774048481166
gate,bybit,VANRYUSDT,0.005747,0.006155,7.0994,1774048481466
gate,bybit,VANRYUSDT,0.005747,0.006155,7.0994,1774048481779
gate,bybit,VANRYUSDT,0.005747,0.006155,7.0994,1774048482079
gate,bybit,VANRYUSDT,0.005747,0.006155,7.0994,1774048482380
gate,bybit,VANRYUSDT,0.005747,0.006155,7.0994,1774048482680
gate,bybit,VANRYUSDT,0.005749,0.006155,7.0621,1774048482980
gate,bybit,VANRYUSDT,0.005749,0.006155,7.0621,1774048483280
gate,bybit,VANRYUSDT,0.005749,0.006155,7.0621,1774048483580
gate,bybit,VANRYUSDT,0.005749,0.006155,7.0621,1774048483880
gate,bybit,VANRYUSDT,0.005749,0.006155,7.0621,1774048484193
gate,bybit,VANRYUSDT,0.005749,0.006155,7.0621,1774048484506
gate,bybit,VANRYUSDT,0.005749,0.006155,7.0621,1774048484815
gate,bybit,VANRYUSDT,0.005749,0.006155,7.0621,1774048485130
gate,bybit,VANRYUSDT,0.005749,0.006155,7.0621,1774048485445
gate,bybit,VANRYUSDT,0.005749,0.006155,7.0621,1774048485753
gate,bybit,VANRYUSDT,0.005749,0.006155,7.0621,1774048486062
gate,bybit,VANRYUSDT,0.005749,0.006155,7.0621,1774048486369
gate,bybit,VANRYUSDT,0.005749,0.006155,7.0621,1774048486674
gate,bybit,VANRYUSDT,0.005749,0.006155,7.0621,1774048486975
gate,bybit,VANRYUSDT,0.005749,0.006155,7.0621,1774048487275
gate,bybit,VANRYUSDT,0.005749,0.006155,7.0621,1774048487575
gate,bybit,VANRYUSDT,0.005749,0.006155,7.0621,1774048487875
gate,bybit,VANRYUSDT,0.005749,0.006155,7.0621,1774048488175
gate,bybit,VANRYUSDT,0.005749,0.006155,7.0621,1774048488476
gate,bybit,VANRYUSDT,0.005749,0.006155,7.0621,1774048488776
gate,bybit,VANRYUSDT,0.005749,0.006155,7.0621,1774048489076
gate,bybit,VANRYUSDT,0.005749,0.006155,7.0621,1774048489376
gate,bybit,VANRYUSDT,0.005749,0.006155,7.0621,1774048489677
gate,bybit,VANRYUSDT,0.005749,0.006155,7.0621,1774048489977
gate,bybit,VANRYUSDT,0.005749,0.006155,7.0621,1774048490278
gate,bybit,VANRYUSDT,0.005749,0.006155,7.0621,1774048490578
gate,bybit,VANRYUSDT,0.005749,0.006155,7.0621,1774048490879
gate,bybit,VANRYUSDT,0.005749,0.006155,7.0621,1774048491179
gate,bybit,VANRYUSDT,0.005749,0.006155,7.0621,1774048491480
gate,bybit,VANRYUSDT,0.005749,0.006155,7.0621,1774048491780
gate,bybit,VANRYUSDT,0.005749,0.006155,7.0621,1774048492091
gate,bybit,VANRYUSDT,0.005747,0.006155,7.0994,1774048492403
gate,bybit,VANRYUSDT,0.005747,0.006155,7.0994,1774048492714
gate,bybit,VANRYUSDT,0.005747,0.006155,7.0994,1774048493025
gate,bybit,VANRYUSDT,0.005747,0.006155,7.0994,1774048493334
gate,bybit,VANRYUSDT,0.005747,0.006155,7.0994,1774048493643
gate,bybit,VANRYUSDT,0.005747,0.006155,7.0994,1774048493943
gate,bybit,VANRYUSDT,0.005747,0.006155,7.0994,1774048494243
gate,bybit,VANRYUSDT,0.005747,0.006155,7.0994,1774048494543
gate,bybit,VANRYUSDT,0.005747,0.006155,7.0994,1774048494844
gate,bybit,VANRYUSDT,0.005747,0.006155,7.0994,1774048495144
gate,bybit,VANRYUSDT,0.005749,0.006155,7.0621,1774048495445
gate,bybit,VANRYUSDT,0.005749,0.006155,7.0621,1774048495745
gate,bybit,VANRYUSDT,0.005749,0.006155,7.0621,1774048496046
gate,bybit,VANRYUSDT,0.005749,0.006155,7.0621,1774048496346
gate,bybit,VANRYUSDT,0.005749,0.006155,7.0621,1774048496646
gate,bybit,VANRYUSDT,0.005749,0.006155,7.0621,1774048496947
gate,bybit,VANRYUSDT,0.005749,0.006155,7.0621,1774048497247
gate,bybit,VANRYUSDT,0.005749,0.006155,7.0621,1774048497547
gate,bybit,VANRYUSDT,0.005749,0.006155,7.0621,1774048497847
