spot_exch,fut_exch,symbol,ask_spot,bid_futures,spread_pct,ts,bn_fr,bn_fr_next,bn_fr_time,bb_fr,bb_fr_next,bb_fr_time,ok_fr,ok_fr_next,ok_fr_time,gt_fr,gt_fr_next,gt_fr_time,s_b1,s_b2,s_b3,s_b4,s_b5,s_b6,s_b7,s_b8,s_b9,s_b10,s_bq1,s_bq2,s_bq3,s_bq4,s_bq5,s_bq6,s_bq7,s_bq8,s_bq9,s_bq10,s_a1,s_a2,s_a3,s_a4,s_a5,s_a6,s_a7,s_a8,s_a9,s_a10,s_aq1,s_aq2,s_aq3,s_aq4,s_aq5,s_aq6,s_aq7,s_aq8,s_aq9,s_aq10,f_b1,f_b2,f_b3,f_b4,f_b5,f_b6,f_b7,f_b8,f_b9,f_b10,f_bq1,f_bq2,f_bq3,f_bq4,f_bq5,f_bq6,f_bq7,f_bq8,f_bq9,f_bq10,f_a1,f_a2,f_a3,f_a4,f_a5,f_a6,f_a7,f_a8,f_a9,f_a10,f_aq1,f_aq2,f_aq3,f_aq4,f_aq5,f_aq6,f_aq7,f_aq8,f_aq9,f_aq10
binance,gate,FUNUSDT,0.00145000,0.03208,2112.4138,1774091530000,,,,,,,,,,,,,0.00144800,54577.00000000,0.00144700,1288301.00000000,0.00144600,68338.00000000,0.00144500,1283133.00000000,0.00144400,276265.00000000,0.00144300,556321.00000000,0.00144200,462294.00000000,0.00144100,691040.00000000,0.00144000,874070.00000000,0.00143900,728317.00000000,0.00145100,17452.00000000,0.00145200,487601.00000000,0.00145300,204023.00000000,0.00145400,588089.00000000,0.00145500,789547.00000000,0.00145600,547997.00000000,0.00145700,799340.00000000,0.00145800,758213.00000000,0.00145900,2043810.00000000,0.00146000,917822.00000000,0.03207,125,0.03205,15,0.03204,140,0.03203,15,0.03202,69,0.03201,139,0.03198,14,0.03195,140,0.03192,14,0.03189,140,0.03212,17,0.03215,15,0.03216,86,0.03217,15,0.0322,125,0.03223,125,0.03225,15,0.03226,140,0.03228,15,0.03229,140
binance,gate,FUNUSDT,0.00145400,0.03207,2105.6396,1774091545000,,,,,,,,,,,,,0.00145200,67984.00000000,0.00145100,565142.00000000,0.00145000,790412.00000000,0.00144900,564895.00000000,0.00144800,433016.00000000,0.00144700,904327.00000000,0.00144600,616732.00000000,0.00144500,585943.00000000,0.00144400,535183.00000000,0.00144300,1201981.00000000,0.00145400,24164.00000000,0.00145500,113842.00000000,0.00145600,689694.00000000,0.00145700,792227.00000000,0.00145800,1495351.00000000,0.00145900,1836083.00000000,0.00146000,569524.00000000,0.00146100,260292.00000000,0.00146200,775464.00000000,0.00146300,1092511.00000000,0.03207,125,0.03205,15,0.03204,140,0.03203,15,0.03202,69,0.03201,139,0.03198,14,0.03195,140,0.03192,14,0.03189,140,0.03212,17,0.03215,15,0.03216,72,0.03217,15,0.0322,125,0.03223,125,0.03225,15,0.03226,140,0.03228,15,0.03229,140
binance,gate,FUNUSDT,0.00145300,0.03207,2107.1576,1774091548313,,,,,,,,,,0.00005,0.00005,,0.00145100,68247.00000000,0.00145000,68247.00000000,0.00144900,1276390.00000000,0.00144800,54577.00000000,0.00144700,938442.00000000,0.00144600,616732.00000000,0.00144500,585943.00000000,0.00144400,60850.00000000,0.00144300,1201981.00000000,0.00144200,594081.00000000,0.00145300,26294.00000000,0.00145400,68353.00000000,0.00145500,78827.00000000,0.00145600,1401189.00000000,0.00145700,449318.00000000,0.00145800,1117815.00000000,0.00145900,1836083.00000000,0.00146000,569524.00000000,0.00146100,260292.00000000,0.00146200,775464.00000000,0.03207,125,0.03205,15,0.03204,140,0.03203,15,0.03202,69,0.03201,139,0.03198,14,0.03195,140,0.03192,14,0.03189,140,0.03211,14,0.03212,17,0.03215,15,0.03216,72,0.03217,140,0.0322,125,0.03223,125,0.03225,15,0.03226,140,0.03228,15
binance,gate,FUNUSDT,0.00145300,0.03207,2107.1576,1774091548615,,,,,,,,,,0.00005,0.00005,,0.00145100,68247.00000000,0.00145000,68247.00000000,0.00144900,1276390.00000000,0.00144800,54577.00000000,0.00144700,938442.00000000,0.00144600,616732.00000000,0.00144500,585943.00000000,0.00144400,60850.00000000,0.00144300,1201981.00000000,0.00144200,594081.00000000,0.00145300,26294.00000000,0.00145400,68353.00000000,0.00145500,78827.00000000,0.00145600,1401189.00000000,0.00145700,449318.00000000,0.00145800,1117815.00000000,0.00145900,1836083.00000000,0.00146000,569524.00000000,0.00146100,260292.00000000,0.00146200,775464.00000000,0.03207,125,0.03205,15,0.03204,140,0.03203,15,0.03202,69,0.03201,139,0.03198,14,0.03195,140,0.03192,14,0.03189,140,0.03211,14,0.03212,17,0.03215,15,0.03216,72,0.03217,140,0.0322,125,0.03223,125,0.03225,15,0.03226,140,0.03228,15
binance,gate,FUNUSDT,0.00145300,0.03207,2107.1576,1774091548916,,,,,,,,,,0.00005,0.00005,,0.00145100,68247.00000000,0.00145000,68247.00000000,0.00144900,1276390.00000000,0.00144800,54577.00000000,0.00144700,938442.00000000,0.00144600,616732.00000000,0.00144500,585943.00000000,0.00144400,60850.00000000,0.00144300,1201981.00000000,0.00144200,594081.00000000,0.00145300,26294.00000000,0.00145400,68353.00000000,0.00145500,78827.00000000,0.00145600,1401189.00000000,0.00145700,449318.00000000,0.00145800,1117815.00000000,0.00145900,1836083.00000000,0.00146000,569524.00000000,0.00146100,260292.00000000,0.00146200,775464.00000000,0.03207,125,0.03205,15,0.03204,140,0.03203,15,0.03202,69,0.03201,139,0.03198,14,0.03195,140,0.03192,14,0.03189,140,0.03211,14,0.03212,17,0.03215,15,0.03216,72,0.03217,140,0.0322,125,0.03223,125,0.03225,15,0.03226,140,0.03228,15
binance,gate,FUNUSDT,0.00145300,0.03207,2107.1576,1774091549222,,,,,,,,,,0.00005,0.00005,,0.00145100,68247.00000000,0.00145000,68247.00000000,0.00144900,1276390.00000000,0.00144800,54577.00000000,0.00144700,938442.00000000,0.00144600,616732.00000000,0.00144500,585943.00000000,0.00144400,60850.00000000,0.00144300,1201981.00000000,0.00144200,594081.00000000,0.00145300,26294.00000000,0.00145400,68353.00000000,0.00145500,78827.00000000,0.00145600,1401189.00000000,0.00145700,449318.00000000,0.00145800,1117815.00000000,0.00145900,1836083.00000000,0.00146000,569524.00000000,0.00146100,260292.00000000,0.00146200,775464.00000000,0.03207,125,0.03205,15,0.03204,140,0.03203,15,0.03202,69,0.03201,139,0.03198,14,0.03195,140,0.03192,14,0.03189,140,0.03211,14,0.03212,17,0.03215,15,0.03216,72,0.03217,140,0.0322,125,0.03223,125,0.03225,15,0.03226,140,0.03228,15
binance,gate,FUNUSDT,0.00145300,0.03207,2107.1576,1774091549524,,,,,,,,,,0.00005,0.00005,,0.00145100,68247.00000000,0.00145000,68247.00000000,0.00144900,1276390.00000000,0.00144800,54577.00000000,0.00144700,938442.00000000,0.00144600,616732.00000000,0.00144500,585943.00000000,0.00144400,60850.00000000,0.00144300,1201981.00000000,0.00144200,594081.00000000,0.00145300,26294.00000000,0.00145400,68353.00000000,0.00145500,78827.00000000,0.00145600,1401189.00000000,0.00145700,449318.00000000,0.00145800,1117815.00000000,0.00145900,1836083.00000000,0.00146000,569524.00000000,0.00146100,260292.00000000,0.00146200,775464.00000000,0.03207,125,0.03205,15,0.03204,140,0.03203,15,0.03202,69,0.03201,139,0.03198,14,0.03195,140,0.03192,14,0.03189,140,0.03211,14,0.03212,17,0.03215,15,0.03216,72,0.03217,140,0.0322,125,0.03223,125,0.03225,15,0.03226,140,0.03228,15
binance,gate,FUNUSDT,0.00145300,0.03207,2107.1576,1774091549825,,,,,,,,,,0.00005,0.00005,,0.00145100,68247.00000000,0.00145000,68247.00000000,0.00144900,1276390.00000000,0.00144800,54577.00000000,0.00144700,938442.00000000,0.00144600,616732.00000000,0.00144500,585943.00000000,0.00144400,60850.00000000,0.00144300,1201981.00000000,0.00144200,594081.00000000,0.00145300,26294.00000000,0.00145400,68353.00000000,0.00145500,78827.00000000,0.00145600,1401189.00000000,0.00145700,449318.00000000,0.00145800,1117815.00000000,0.00145900,1836083.00000000,0.00146000,569524.00000000,0.00146100,260292.00000000,0.00146200,775464.00000000,0.03207,125,0.03205,15,0.03204,140,0.03203,15,0.03202,69,0.03201,139,0.03198,14,0.03195,140,0.03192,14,0.03189,140,0.03211,14,0.03212,17,0.03215,15,0.03216,72,0.03217,140,0.0322,125,0.03223,125,0.03225,15,0.03226,140,0.03228,15
binance,gate,FUNUSDT,0.00145300,0.03207,2107.1576,1774091550128,,,,,,,,,,0.00005,0.00005,,0.00145100,68247.00000000,0.00145000,68247.00000000,0.00144900,1276390.00000000,0.00144800,54577.00000000,0.00144700,938442.00000000,0.00144600,616732.00000000,0.00144500,585943.00000000,0.00144400,60850.00000000,0.00144300,1201981.00000000,0.00144200,594081.00000000,0.00145300,26294.00000000,0.00145400,68353.00000000,0.00145500,78827.00000000,0.00145600,1401189.00000000,0.00145700,449318.00000000,0.00145800,1117815.00000000,0.00145900,1836083.00000000,0.00146000,569524.00000000,0.00146100,260292.00000000,0.00146200,775464.00000000,0.03207,125,0.03205,15,0.03204,140,0.03203,15,0.03202,69,0.03201,139,0.03198,14,0.03195,140,0.03192,14,0.03189,140,0.03211,14,0.03212,17,0.03215,15,0.03216,72,0.03217,140,0.0322,125,0.03223,125,0.03225,15,0.03226,140,0.03228,15
binance,gate,FUNUSDT,0.00145300,0.03207,2107.1576,1774091550429,,,,,,,,,,0.00005,0.00005,,0.00145100,68247.00000000,0.00145000,68247.00000000,0.00144900,1276390.00000000,0.00144800,54577.00000000,0.00144700,938442.00000000,0.00144600,616732.00000000,0.00144500,585943.00000000,0.00144400,60850.00000000,0.00144300,1201981.00000000,0.00144200,594081.00000000,0.00145300,26294.00000000,0.00145400,68353.00000000,0.00145500,78827.00000000,0.00145600,1401189.00000000,0.00145700,449318.00000000,0.00145800,1117815.00000000,0.00145900,1836083.00000000,0.00146000,569524.00000000,0.00146100,260292.00000000,0.00146200,775464.00000000,0.03207,125,0.03205,15,0.03204,140,0.03203,15,0.03202,69,0.03201,139,0.03198,14,0.03195,140,0.03192,14,0.03189,140,0.03211,14,0.03212,17,0.03215,15,0.03216,72,0.03217,140,0.0322,125,0.03223,125,0.03225,15,0.03226,140,0.03228,15
binance,gate,FUNUSDT,0.00145300,0.03207,2107.1576,1774091550729,,,,,,,,,,0.00005,0.00005,,0.00145100,68247.00000000,0.00145000,68247.00000000,0.00144900,1276390.00000000,0.00144800,54577.00000000,0.00144700,938442.00000000,0.00144600,616732.00000000,0.00144500,585943.00000000,0.00144400,60850.00000000,0.00144300,1201981.00000000,0.00144200,594081.00000000,0.00145300,26294.00000000,0.00145400,68353.00000000,0.00145500,78827.00000000,0.00145600,1401189.00000000,0.00145700,449318.00000000,0.00145800,1117815.00000000,0.00145900,1836083.00000000,0.00146000,569524.00000000,0.00146100,260292.00000000,0.00146200,775464.00000000,0.03207,125,0.03205,15,0.03204,140,0.03203,15,0.03202,69,0.03201,139,0.03198,14,0.03195,140,0.03192,14,0.03189,140,0.03211,14,0.03212,17,0.03215,15,0.03216,72,0.03217,140,0.0322,125,0.03223,125,0.03225,15,0.03226,140,0.03228,15
binance,gate,FUNUSDT,0.00145300,0.03207,2107.1576,1774091551031,,,,,,,,,,0.00005,0.00005,,0.00145100,68247.00000000,0.00145000,68247.00000000,0.00144900,1276390.00000000,0.00144800,54577.00000000,0.00144700,938442.00000000,0.00144600,616732.00000000,0.00144500,585943.00000000,0.00144400,60850.00000000,0.00144300,1201981.00000000,0.00144200,594081.00000000,0.00145300,26294.00000000,0.00145400,68353.00000000,0.00145500,78827.00000000,0.00145600,1401189.00000000,0.00145700,449318.00000000,0.00145800,1117815.00000000,0.00145900,1836083.00000000,0.00146000,569524.00000000,0.00146100,260292.00000000,0.00146200,775464.00000000,0.03207,125,0.03205,15,0.03204,140,0.03203,15,0.03202,69,0.03201,139,0.03198,14,0.03195,140,0.03192,14,0.03189,140,0.03211,14,0.03212,17,0.03215,15,0.03216,72,0.03217,140,0.0322,125,0.03223,125,0.03225,15,0.03226,140,0.03228,15
binance,gate,FUNUSDT,0.00145300,0.03207,2107.1576,1774091551331,,,,,,,,,,0.00005,0.00005,,0.00145100,68247.00000000,0.00145000,68247.00000000,0.00144900,1276390.00000000,0.00144800,54577.00000000,0.00144700,938442.00000000,0.00144600,616732.00000000,0.00144500,585943.00000000,0.00144400,60850.00000000,0.00144300,1201981.00000000,0.00144200,594081.00000000,0.00145300,26294.00000000,0.00145400,68353.00000000,0.00145500,78827.00000000,0.00145600,1401189.00000000,0.00145700,449318.00000000,0.00145800,1117815.00000000,0.00145900,1836083.00000000,0.00146000,569524.00000000,0.00146100,260292.00000000,0.00146200,775464.00000000,0.03207,125,0.03205,15,0.03204,140,0.03203,15,0.03202,69,0.03201,139,0.03198,14,0.03195,140,0.03192,14,0.03189,140,0.03211,14,0.03212,17,0.03215,87,0.03217,140,0.0322,125,0.03223,125,0.03225,15,0.03226,140,0.03228,15,0.03229,140
binance,gate,FUNUSDT,0.00145300,0.03207,2107.1576,1774091551631,,,,,,,,,,0.00005,0.00005,,0.00145100,68247.00000000,0.00145000,68247.00000000,0.00144900,1276390.00000000,0.00144800,54577.00000000,0.00144700,938442.00000000,0.00144600,616732.00000000,0.00144500,585943.00000000,0.00144400,60850.00000000,0.00144300,1201981.00000000,0.00144200,594081.00000000,0.00145300,26294.00000000,0.00145400,68353.00000000,0.00145500,78827.00000000,0.00145600,1401189.00000000,0.00145700,449318.00000000,0.00145800,1117815.00000000,0.00145900,1836083.00000000,0.00146000,569524.00000000,0.00146100,260292.00000000,0.00146200,775464.00000000,0.03207,125,0.03205,15,0.03204,140,0.03203,15,0.03202,69,0.03201,139,0.03198,14,0.03195,140,0.03192,14,0.03189,140,0.03211,14,0.03212,17,0.03215,87,0.03217,140,0.0322,125,0.03223,125,0.03225,15,0.03226,140,0.03228,15,0.03229,140
binance,gate,FUNUSDT,0.00145300,0.03207,2107.1576,1774091551932,,,,,,,,,,0.00005,0.00005,,0.00145100,68247.00000000,0.00145000,68247.00000000,0.00144900,1276390.00000000,0.00144800,54577.00000000,0.00144700,938442.00000000,0.00144600,616732.00000000,0.00144500,585943.00000000,0.00144400,60850.00000000,0.00144300,1201981.00000000,0.00144200,594081.00000000,0.00145300,26294.00000000,0.00145400,68353.00000000,0.00145500,78827.00000000,0.00145600,1401189.00000000,0.00145700,449318.00000000,0.00145800,1117815.00000000,0.00145900,1836083.00000000,0.00146000,569524.00000000,0.00146100,260292.00000000,0.00146200,775464.00000000,0.03207,125,0.03205,15,0.03204,140,0.03203,15,0.03202,69,0.03201,139,0.03198,14,0.03195,140,0.03192,14,0.03189,140,0.03211,14,0.03212,17,0.03215,87,0.03217,140,0.0322,125,0.03223,125,0.03225,15,0.03226,140,0.03228,15,0.03229,140
binance,gate,FUNUSDT,0.00145300,0.03207,2107.1576,1774091552232,,,,,,,,,,0.00005,0.00005,,0.00145100,68247.00000000,0.00145000,68247.00000000,0.00144900,1276390.00000000,0.00144800,54577.00000000,0.00144700,938442.00000000,0.00144600,616732.00000000,0.00144500,585943.00000000,0.00144400,60850.00000000,0.00144300,1201981.00000000,0.00144200,594081.00000000,0.00145300,26294.00000000,0.00145400,68353.00000000,0.00145500,78827.00000000,0.00145600,1401189.00000000,0.00145700,449318.00000000,0.00145800,1117815.00000000,0.00145900,1836083.00000000,0.00146000,569524.00000000,0.00146100,260292.00000000,0.00146200,775464.00000000,0.03207,125,0.03205,15,0.03204,140,0.03203,15,0.03202,69,0.03201,139,0.03198,14,0.03195,140,0.03192,14,0.03189,140,0.03211,14,0.03212,17,0.03215,87,0.03217,140,0.0322,125,0.03223,125,0.03225,15,0.03226,140,0.03228,15,0.03229,140
binance,gate,FUNUSDT,0.00145300,0.03207,2107.1576,1774091552532,,,,,,,,,,0.00005,0.00005,,0.00145100,68247.00000000,0.00145000,68247.00000000,0.00144900,1276390.00000000,0.00144800,54577.00000000,0.00144700,938442.00000000,0.00144600,616732.00000000,0.00144500,585943.00000000,0.00144400,60850.00000000,0.00144300,1201981.00000000,0.00144200,594081.00000000,0.00145300,26294.00000000,0.00145400,68353.00000000,0.00145500,78827.00000000,0.00145600,1401189.00000000,0.00145700,449318.00000000,0.00145800,1117815.00000000,0.00145900,1836083.00000000,0.00146000,569524.00000000,0.00146100,260292.00000000,0.00146200,775464.00000000,0.03207,125,0.03205,15,0.03204,140,0.03203,15,0.03202,69,0.03201,139,0.03198,14,0.03195,140,0.03192,14,0.03189,140,0.03211,14,0.03212,17,0.03215,87,0.03217,140,0.0322,125,0.03223,125,0.03225,15,0.03226,140,0.03228,15,0.03229,140
binance,gate,FUNUSDT,0.00145300,0.03207,2107.1576,1774091552832,,,,,,,,,,0.00005,0.00005,,0.00145100,68247.00000000,0.00145000,68247.00000000,0.00144900,1276390.00000000,0.00144800,54577.00000000,0.00144700,938442.00000000,0.00144600,616732.00000000,0.00144500,585943.00000000,0.00144400,60850.00000000,0.00144300,1201981.00000000,0.00144200,594081.00000000,0.00145300,26294.00000000,0.00145400,68353.00000000,0.00145500,78827.00000000,0.00145600,1401189.00000000,0.00145700,449318.00000000,0.00145800,1117815.00000000,0.00145900,1836083.00000000,0.00146000,569524.00000000,0.00146100,260292.00000000,0.00146200,775464.00000000,0.03207,125,0.03205,15,0.03204,140,0.03203,15,0.03202,69,0.03201,139,0.03198,14,0.03195,140,0.03192,14,0.03189,140,0.03211,14,0.03212,17,0.03215,87,0.03217,140,0.0322,125,0.03223,125,0.03225,15,0.03226,140,0.03228,15,0.03229,140
binance,gate,FUNUSDT,0.00145300,0.03207,2107.1576,1774091553132,,,,,,,,,,0.00005,0.00005,,0.00145100,68247.00000000,0.00145000,68247.00000000,0.00144900,1276390.00000000,0.00144800,54577.00000000,0.00144700,938442.00000000,0.00144600,616732.00000000,0.00144500,585943.00000000,0.00144400,60850.00000000,0.00144300,1201981.00000000,0.00144200,594081.00000000,0.00145300,26294.00000000,0.00145400,68353.00000000,0.00145500,78827.00000000,0.00145600,1401189.00000000,0.00145700,449318.00000000,0.00145800,1117815.00000000,0.00145900,1836083.00000000,0.00146000,569524.00000000,0.00146100,260292.00000000,0.00146200,775464.00000000,0.03207,125,0.03205,15,0.03204,140,0.03203,15,0.03202,69,0.03201,139,0.03198,14,0.03195,140,0.03192,14,0.03189,140,0.03211,14,0.03212,17,0.03215,87,0.03217,140,0.0322,125,0.03223,125,0.03225,15,0.03226,140,0.03228,15,0.03229,140
binance,gate,FUNUSDT,0.00145300,0.03207,2107.1576,1774091553433,,,,,,,,,,0.00005,0.00005,,0.00145100,68247.00000000,0.00145000,68247.00000000,0.00144900,1276390.00000000,0.00144800,54577.00000000,0.00144700,938442.00000000,0.00144600,616732.00000000,0.00144500,585943.00000000,0.00144400,60850.00000000,0.00144300,1201981.00000000,0.00144200,594081.00000000,0.00145300,26294.00000000,0.00145400,68353.00000000,0.00145500,78827.00000000,0.00145600,1401189.00000000,0.00145700,449318.00000000,0.00145800,1117815.00000000,0.00145900,1836083.00000000,0.00146000,569524.00000000,0.00146100,260292.00000000,0.00146200,775464.00000000,0.03207,125,0.03205,15,0.03204,140,0.03203,15,0.03202,15,0.03201,139,0.032,54,0.03198,14,0.03195,140,0.03192,14,0.03211,14,0.03212,17,0.03215,87,0.03217,140,0.0322,125,0.03223,125,0.03225,15,0.03226,140,0.03228,15,0.03229,140
binance,gate,FUNUSDT,0.00145300,0.03207,2107.1576,1774091553733,,,,,,,,,,0.00005,0.00005,,0.00145100,68247.00000000,0.00145000,68247.00000000,0.00144900,1276390.00000000,0.00144800,54577.00000000,0.00144700,938442.00000000,0.00144600,616732.00000000,0.00144500,585943.00000000,0.00144400,60850.00000000,0.00144300,1201981.00000000,0.00144200,594081.00000000,0.00145300,26294.00000000,0.00145400,68353.00000000,0.00145500,78827.00000000,0.00145600,1401189.00000000,0.00145700,449318.00000000,0.00145800,1117815.00000000,0.00145900,1836083.00000000,0.00146000,569524.00000000,0.00146100,260292.00000000,0.00146200,775464.00000000,0.03207,125,0.03205,15,0.03204,140,0.03203,15,0.03202,15,0.03201,139,0.032,54,0.03198,14,0.03195,140,0.03192,14,0.03211,14,0.03212,17,0.03215,87,0.03217,140,0.0322,125,0.03223,125,0.03225,15,0.03226,140,0.03228,15,0.03229,140
binance,gate,FUNUSDT,0.00145300,0.03207,2107.1576,1774091554033,,,,,,,,,,0.00005,0.00005,,0.00145100,68247.00000000,0.00145000,68247.00000000,0.00144900,1276390.00000000,0.00144800,54577.00000000,0.00144700,938442.00000000,0.00144600,616732.00000000,0.00144500,585943.00000000,0.00144400,60850.00000000,0.00144300,1201981.00000000,0.00144200,594081.00000000,0.00145300,26294.00000000,0.00145400,68353.00000000,0.00145500,78827.00000000,0.00145600,1401189.00000000,0.00145700,449318.00000000,0.00145800,1117815.00000000,0.00145900,1836083.00000000,0.00146000,569524.00000000,0.00146100,260292.00000000,0.00146200,775464.00000000,0.03207,125,0.03205,15,0.03204,140,0.03203,15,0.03202,15,0.03201,139,0.032,54,0.03198,14,0.03195,140,0.03192,14,0.03211,14,0.03212,17,0.03215,87,0.03217,140,0.0322,125,0.03223,125,0.03225,15,0.03226,140,0.03228,15,0.03229,140
binance,gate,FUNUSDT,0.00145300,0.03207,2107.1576,1774091554333,,,,,,,,,,0.00005,0.00005,,0.00145100,68247.00000000,0.00145000,68247.00000000,0.00144900,1276390.00000000,0.00144800,54577.00000000,0.00144700,938442.00000000,0.00144600,616732.00000000,0.00144500,585943.00000000,0.00144400,60850.00000000,0.00144300,1201981.00000000,0.00144200,594081.00000000,0.00145300,26294.00000000,0.00145400,68353.00000000,0.00145500,78827.00000000,0.00145600,1401189.00000000,0.00145700,449318.00000000,0.00145800,1117815.00000000,0.00145900,1836083.00000000,0.00146000,569524.00000000,0.00146100,260292.00000000,0.00146200,775464.00000000,0.03207,125,0.03205,15,0.03204,140,0.03203,15,0.03202,15,0.03201,139,0.032,54,0.03198,14,0.03195,140,0.03192,14,0.03211,14,0.03212,17,0.03215,87,0.03217,140,0.0322,125,0.03223,125,0.03225,15,0.03226,140,0.03228,15,0.03229,140
binance,gate,FUNUSDT,0.00145300,0.03207,2107.1576,1774091554633,,,,,,,,,,0.00005,0.00005,,0.00145100,68247.00000000,0.00145000,68247.00000000,0.00144900,1276390.00000000,0.00144800,54577.00000000,0.00144700,938442.00000000,0.00144600,616732.00000000,0.00144500,585943.00000000,0.00144400,60850.00000000,0.00144300,1201981.00000000,0.00144200,594081.00000000,0.00145300,26294.00000000,0.00145400,68353.00000000,0.00145500,78827.00000000,0.00145600,1401189.00000000,0.00145700,449318.00000000,0.00145800,1117815.00000000,0.00145900,1836083.00000000,0.00146000,569524.00000000,0.00146100,260292.00000000,0.00146200,775464.00000000,0.03207,125,0.03205,15,0.03204,140,0.03203,15,0.03202,15,0.03201,139,0.032,54,0.03198,14,0.03195,140,0.03192,14,0.03211,14,0.03212,17,0.03215,87,0.03217,140,0.0322,125,0.03223,125,0.03225,15,0.03226,140,0.03228,15,0.03229,140
binance,gate,FUNUSDT,0.00145300,0.03207,2107.1576,1774091554936,,,,,,,,,,0.00005,0.00005,,0.00145100,68247.00000000,0.00145000,68247.00000000,0.00144900,1276390.00000000,0.00144800,54577.00000000,0.00144700,938442.00000000,0.00144600,616732.00000000,0.00144500,585943.00000000,0.00144400,60850.00000000,0.00144300,1201981.00000000,0.00144200,594081.00000000,0.00145300,26294.00000000,0.00145400,68353.00000000,0.00145500,78827.00000000,0.00145600,1401189.00000000,0.00145700,449318.00000000,0.00145800,1117815.00000000,0.00145900,1836083.00000000,0.00146000,569524.00000000,0.00146100,260292.00000000,0.00146200,775464.00000000,0.03207,125,0.03205,15,0.03204,140,0.03203,15,0.03202,15,0.03201,139,0.032,54,0.03198,14,0.03195,140,0.03192,14,0.03211,14,0.03212,17,0.03215,87,0.03217,140,0.0322,125,0.03223,125,0.03225,15,0.03226,140,0.03228,15,0.03229,140
binance,gate,FUNUSDT,0.00145300,0.03207,2107.1576,1774091555237,,,,,,,,,,0.00005,0.00005,,0.00145100,68247.00000000,0.00145000,68247.00000000,0.00144900,1276390.00000000,0.00144800,54577.00000000,0.00144700,938442.00000000,0.00144600,616732.00000000,0.00144500,585943.00000000,0.00144400,60850.00000000,0.00144300,1201981.00000000,0.00144200,594081.00000000,0.00145300,26294.00000000,0.00145400,68353.00000000,0.00145500,78827.00000000,0.00145600,1401189.00000000,0.00145700,449318.00000000,0.00145800,1117815.00000000,0.00145900,1836083.00000000,0.00146000,569524.00000000,0.00146100,260292.00000000,0.00146200,775464.00000000,0.03207,125,0.03205,15,0.03204,140,0.03203,15,0.03202,15,0.03201,139,0.032,54,0.03198,14,0.03195,140,0.03192,14,0.03211,14,0.03212,17,0.03215,87,0.03217,140,0.0322,125,0.03223,125,0.03225,15,0.03226,140,0.03228,15,0.03229,140
binance,gate,FUNUSDT,0.00145300,0.03207,2107.1576,1774091555537,,,,,,,,,,0.00005,0.00005,,0.00145100,68247.00000000,0.00145000,68247.00000000,0.00144900,1276390.00000000,0.00144800,54577.00000000,0.00144700,938442.00000000,0.00144600,616732.00000000,0.00144500,585943.00000000,0.00144400,60850.00000000,0.00144300,1201981.00000000,0.00144200,594081.00000000,0.00145300,26294.00000000,0.00145400,68353.00000000,0.00145500,78827.00000000,0.00145600,1401189.00000000,0.00145700,449318.00000000,0.00145800,1117815.00000000,0.00145900,1836083.00000000,0.00146000,569524.00000000,0.00146100,260292.00000000,0.00146200,775464.00000000,0.03207,125,0.03205,15,0.03204,140,0.03203,15,0.03202,15,0.03201,139,0.032,54,0.03198,14,0.03195,140,0.03192,14,0.03211,14,0.03212,17,0.03215,87,0.03217,140,0.0322,125,0.03223,125,0.03225,15,0.03226,140,0.03228,15,0.03229,140
binance,gate,FUNUSDT,0.00145300,0.03207,2107.1576,1774091555837,,,,,,,,,,0.00005,0.00005,,0.00145100,68247.00000000,0.00145000,68247.00000000,0.00144900,898699.00000000,0.00144800,54577.00000000,0.00144700,560491.00000000,0.00144600,616732.00000000,0.00144500,585943.00000000,0.00144400,60850.00000000,0.00144300,1201981.00000000,0.00144200,594081.00000000,0.00145300,26294.00000000,0.00145400,68353.00000000,0.00145500,78827.00000000,0.00145600,1023498.00000000,0.00145700,71530.00000000,0.00145800,1117815.00000000,0.00145900,68159.00000000,0.00146000,569524.00000000,0.00146100,260292.00000000,0.00146200,775464.00000000,0.03207,125,0.03205,15,0.03204,140,0.03203,15,0.03202,15,0.03201,139,0.032,54,0.03198,14,0.03195,140,0.03192,14,0.03211,14,0.03212,17,0.03215,87,0.03217,140,0.0322,125,0.03223,125,0.03225,15,0.03226,140,0.03228,15,0.03229,140
binance,gate,FUNUSDT,0.00145300,0.03207,2107.1576,1774091556137,,,,,,,,,,0.00005,0.00005,,0.00145100,68247.00000000,0.00145000,68247.00000000,0.00144900,898699.00000000,0.00144800,54577.00000000,0.00144700,560491.00000000,0.00144600,616732.00000000,0.00144500,585943.00000000,0.00144400,60850.00000000,0.00144300,1201981.00000000,0.00144200,594081.00000000,0.00145300,26294.00000000,0.00145400,68353.00000000,0.00145500,78827.00000000,0.00145600,1023498.00000000,0.00145700,71530.00000000,0.00145800,1117815.00000000,0.00145900,68159.00000000,0.00146000,569524.00000000,0.00146100,260292.00000000,0.00146200,775464.00000000,0.03207,125,0.03205,15,0.03204,140,0.03203,15,0.03202,15,0.03201,139,0.032,54,0.03198,14,0.03195,140,0.03192,14,0.03211,14,0.03212,17,0.03215,87,0.03217,140,0.0322,125,0.03223,125,0.03225,15,0.03226,140,0.03228,15,0.03229,140
binance,gate,FUNUSDT,0.00145300,0.03207,2107.1576,1774091556437,,,,,,,,,,0.00005,0.00005,,0.00145100,68247.00000000,0.00145000,68247.00000000,0.00144900,898699.00000000,0.00144800,54577.00000000,0.00144700,560491.00000000,0.00144600,616732.00000000,0.00144500,585943.00000000,0.00144400,60850.00000000,0.00144300,1201981.00000000,0.00144200,594081.00000000,0.00145300,26294.00000000,0.00145400,68353.00000000,0.00145500,78827.00000000,0.00145600,1023498.00000000,0.00145700,71530.00000000,0.00145800,908268.00000000,0.00145900,68159.00000000,0.00146000,569524.00000000,0.00146100,260292.00000000,0.00146200,775464.00000000,0.03207,125,0.03205,15,0.03204,140,0.03202,15,0.03201,139,0.032,54,0.03198,14,0.03195,140,0.03192,14,0.03189,140,0.03211,14,0.03212,17,0.03215,87,0.03217,140,0.0322,125,0.03223,125,0.03225,15,0.03226,140,0.03228,15,0.03229,140
binance,gate,FUNUSDT,0.00145300,0.03207,2107.1576,1774091556738,,,,,,,,,,0.00005,0.00005,,0.00145100,68247.00000000,0.00145000,68247.00000000,0.00144900,898699.00000000,0.00144800,54577.00000000,0.00144700,560491.00000000,0.00144600,616732.00000000,0.00144500,585943.00000000,0.00144400,60850.00000000,0.00144300,1201981.00000000,0.00144200,594081.00000000,0.00145300,26294.00000000,0.00145400,68353.00000000,0.00145500,78827.00000000,0.00145600,1233332.00000000,0.00145700,71530.00000000,0.00145800,908268.00000000,0.00145900,68159.00000000,0.00146000,569524.00000000,0.00146100,260292.00000000,0.00146200,775464.00000000,0.03207,125,0.03205,15,0.03204,140,0.03202,15,0.03201,139,0.032,54,0.03198,14,0.03195,140,0.03192,14,0.03189,140,0.03211,14,0.03212,17,0.03215,87,0.03217,140,0.0322,125,0.03223,125,0.03225,15,0.03226,140,0.03228,15,0.03229,140
binance,gate,FUNUSDT,0.00145300,0.03207,2107.1576,1774091557038,,,,,,,,,,0.00005,0.00005,,0.00145100,68247.00000000,0.00145000,68247.00000000,0.00144900,1265621.00000000,0.00144800,54577.00000000,0.00144700,927413.00000000,0.00144600,616732.00000000,0.00144500,585943.00000000,0.00144400,60850.00000000,0.00144300,2026757.00000000,0.00144200,594081.00000000,0.00145300,26294.00000000,0.00145400,565248.00000000,0.00145500,445749.00000000,0.00145600,1233332.00000000,0.00145700,438452.00000000,0.00145800,908268.00000000,0.00145900,68159.00000000,0.00146000,569524.00000000,0.00146100,260292.00000000,0.00146200,775464.00000000,0.03207,125,0.03205,15,0.03204,140,0.03202,15,0.03201,139,0.032,54,0.03198,14,0.03195,140,0.03192,14,0.03189,140,0.03211,14,0.03212,17,0.03215,87,0.03217,140,0.0322,125,0.03223,125,0.03225,15,0.03226,140,0.03228,15,0.03229,140
binance,gate,FUNUSDT,0.00145300,0.03207,2107.1576,1774091557338,,,,,,,,,,0.00005,0.00005,,0.00145100,68247.00000000,0.00145000,68247.00000000,0.00144900,1265621.00000000,0.00144800,54577.00000000,0.00144700,927413.00000000,0.00144600,616732.00000000,0.00144500,585943.00000000,0.00144400,60850.00000000,0.00144300,2026757.00000000,0.00144200,594081.00000000,0.00145300,26294.00000000,0.00145400,565248.00000000,0.00145500,445749.00000000,0.00145600,1233332.00000000,0.00145700,438452.00000000,0.00145800,908268.00000000,0.00145900,68159.00000000,0.00146000,569524.00000000,0.00146100,260292.00000000,0.00146200,775464.00000000,0.03207,125,0.03205,15,0.03204,140,0.03202,15,0.03201,139,0.032,54,0.03198,14,0.03195,140,0.03192,14,0.03189,140,0.03211,14,0.03212,17,0.03215,87,0.03217,140,0.0322,125,0.03223,125,0.03225,15,0.03226,140,0.03228,15,0.03229,140
binance,gate,FUNUSDT,0.00145300,0.03207,2107.1576,1774091557638,,,,,,,,,,0.00005,0.00005,,0.00145100,68247.00000000,0.00145000,68247.00000000,0.00144900,1265621.00000000,0.00144800,54577.00000000,0.00144700,927413.00000000,0.00144600,616732.00000000,0.00144500,585943.00000000,0.00144400,60850.00000000,0.00144300,2026757.00000000,0.00144200,594081.00000000,0.00145300,26294.00000000,0.00145400,565248.00000000,0.00145500,445749.00000000,0.00145600,1233332.00000000,0.00145700,438452.00000000,0.00145800,908268.00000000,0.00145900,68159.00000000,0.00146000,569524.00000000,0.00146100,260292.00000000,0.00146200,775464.00000000,0.03207,125,0.03205,15,0.03204,140,0.03202,15,0.03201,139,0.032,54,0.03198,14,0.03195,140,0.03192,14,0.03189,140,0.03211,14,0.03212,17,0.03215,87,0.03217,140,0.0322,125,0.03223,125,0.03225,15,0.03226,140,0.03228,15,0.03229,140
binance,gate,FUNUSDT,0.00145300,0.03207,2107.1576,1774091557938,,,,,,,,,,0.00005,0.00005,,0.00145100,68247.00000000,0.00145000,68247.00000000,0.00144900,1265621.00000000,0.00144800,54577.00000000,0.00144700,927413.00000000,0.00144600,616732.00000000,0.00144500,585943.00000000,0.00144400,60850.00000000,0.00144300,2026757.00000000,0.00144200,594081.00000000,0.00145300,26294.00000000,0.00145400,565248.00000000,0.00145500,445749.00000000,0.00145600,1233332.00000000,0.00145700,438452.00000000,0.00145800,908268.00000000,0.00145900,68159.00000000,0.00146000,569524.00000000,0.00146100,260292.00000000,0.00146200,775464.00000000,0.03207,125,0.03205,15,0.03204,140,0.03202,15,0.03201,139,0.032,54,0.03198,14,0.03195,140,0.03192,14,0.03189,140,0.03211,14,0.03212,17,0.03215,87,0.03217,140,0.0322,125,0.03223,125,0.03225,15,0.03226,140,0.03228,15,0.03229,140
binance,gate,FUNUSDT,0.00145300,0.03207,2107.1576,1774091558238,,,,,,,,,,0.00005,0.00005,,0.00145100,68247.00000000,0.00145000,68247.00000000,0.00144900,1265621.00000000,0.00144800,54577.00000000,0.00144700,927413.00000000,0.00144600,616732.00000000,0.00144500,585943.00000000,0.00144400,60850.00000000,0.00144300,2026757.00000000,0.00144200,594081.00000000,0.00145300,26294.00000000,0.00145400,565248.00000000,0.00145500,445749.00000000,0.00145600,1233332.00000000,0.00145700,438452.00000000,0.00145800,908268.00000000,0.00145900,68159.00000000,0.00146000,569524.00000000,0.00146100,260292.00000000,0.00146200,775464.00000000,0.03207,125,0.03205,15,0.03204,140,0.03202,15,0.03201,139,0.032,54,0.03198,14,0.03195,140,0.03192,14,0.03189,140,0.03211,14,0.03212,17,0.03215,87,0.03217,140,0.0322,125,0.03223,125,0.03225,15,0.03226,140,0.03228,15,0.03229,140
binance,gate,FUNUSDT,0.00145300,0.03207,2107.1576,1774091558539,,,,,,,,,,0.00005,0.00005,,0.00145100,68247.00000000,0.00145000,68247.00000000,0.00144900,1265621.00000000,0.00144800,54577.00000000,0.00144700,927413.00000000,0.00144600,616732.00000000,0.00144500,585943.00000000,0.00144400,60850.00000000,0.00144300,2026757.00000000,0.00144200,594081.00000000,0.00145300,26294.00000000,0.00145400,565248.00000000,0.00145500,445749.00000000,0.00145600,1233332.00000000,0.00145700,438452.00000000,0.00145800,908268.00000000,0.00145900,68159.00000000,0.00146000,569524.00000000,0.00146100,260292.00000000,0.00146200,775464.00000000,0.03207,125,0.03205,15,0.03204,140,0.03202,15,0.03201,139,0.032,54,0.03198,14,0.03195,140,0.03192,14,0.03189,140,0.03211,14,0.03212,17,0.03215,87,0.03217,140,0.0322,125,0.03223,125,0.03225,15,0.03226,140,0.03228,15,0.03229,140
binance,gate,FUNUSDT,0.00145300,0.03207,2107.1576,1774091558841,,,,,,,,,,0.00005,0.00005,,0.00145100,68247.00000000,0.00145000,68247.00000000,0.00144900,1265621.00000000,0.00144800,54577.00000000,0.00144700,927413.00000000,0.00144600,616732.00000000,0.00144500,585943.00000000,0.00144400,60850.00000000,0.00144300,2026757.00000000,0.00144200,594081.00000000,0.00145300,26294.00000000,0.00145400,565248.00000000,0.00145500,445749.00000000,0.00145600,1233332.00000000,0.00145700,438452.00000000,0.00145800,908268.00000000,0.00145900,68159.00000000,0.00146000,569524.00000000,0.00146100,260292.00000000,0.00146200,775464.00000000,0.03207,125,0.03205,15,0.03204,140,0.03202,15,0.03201,139,0.032,54,0.03198,14,0.03195,140,0.03192,14,0.03189,140,0.03211,14,0.03212,17,0.03215,87,0.03217,140,0.0322,125,0.03223,125,0.03225,15,0.03226,140,0.03228,15,0.03229,140
binance,gate,FUNUSDT,0.00145300,0.03207,2107.1576,1774091559141,,,,,,,,,,0.00005,0.00005,,0.00145100,68247.00000000,0.00145000,68247.00000000,0.00144900,1265621.00000000,0.00144800,54577.00000000,0.00144700,927413.00000000,0.00144600,616732.00000000,0.00144500,585943.00000000,0.00144400,60850.00000000,0.00144300,2026757.00000000,0.00144200,594081.00000000,0.00145300,26294.00000000,0.00145400,565248.00000000,0.00145500,445749.00000000,0.00145600,1233332.00000000,0.00145700,438452.00000000,0.00145800,908268.00000000,0.00145900,68159.00000000,0.00146000,569524.00000000,0.00146100,260292.00000000,0.00146200,775464.00000000,0.03207,125,0.03205,15,0.03204,140,0.03202,15,0.03201,139,0.032,54,0.03198,14,0.03195,140,0.03192,14,0.03189,140,0.03211,14,0.03212,17,0.03215,87,0.03217,140,0.0322,125,0.03223,125,0.03225,15,0.03226,140,0.03228,15,0.03229,140
binance,gate,FUNUSDT,0.00145300,0.03207,2107.1576,1774091559441,,,,,,,,,,0.00005,0.00005,,0.00145100,68247.00000000,0.00145000,68247.00000000,0.00144900,1265621.00000000,0.00144800,54577.00000000,0.00144700,927413.00000000,0.00144600,616732.00000000,0.00144500,585943.00000000,0.00144400,60850.00000000,0.00144300,2026757.00000000,0.00144200,594081.00000000,0.00145300,26294.00000000,0.00145400,565248.00000000,0.00145500,445749.00000000,0.00145600,1233332.00000000,0.00145700,438452.00000000,0.00145800,908268.00000000,0.00145900,68159.00000000,0.00146000,569524.00000000,0.00146100,260292.00000000,0.00146200,775464.00000000,0.03207,125,0.03205,15,0.03204,140,0.03202,15,0.03201,139,0.032,54,0.03198,14,0.03195,140,0.03192,14,0.03189,140,0.03211,14,0.03212,17,0.03215,87,0.03217,140,0.0322,125,0.03223,125,0.03225,15,0.03226,140,0.03228,15,0.03229,140
binance,gate,FUNUSDT,0.00145300,0.03207,2107.1576,1774091559741,,,,,,,,,,0.00005,0.00005,,0.00145100,68247.00000000,0.00145000,68247.00000000,0.00144900,1265621.00000000,0.00144800,54577.00000000,0.00144700,927413.00000000,0.00144600,616732.00000000,0.00144500,585943.00000000,0.00144400,60850.00000000,0.00144300,2026757.00000000,0.00144200,594081.00000000,0.00145300,26294.00000000,0.00145400,565248.00000000,0.00145500,445749.00000000,0.00145600,1233332.00000000,0.00145700,438452.00000000,0.00145800,908268.00000000,0.00145900,68159.00000000,0.00146000,569524.00000000,0.00146100,260292.00000000,0.00146200,775464.00000000,0.03207,125,0.03205,15,0.03204,140,0.03202,15,0.03201,139,0.032,54,0.03198,14,0.03195,140,0.03192,14,0.03189,140,0.03211,14,0.03212,17,0.03215,87,0.03217,140,0.0322,125,0.03223,125,0.03225,15,0.03226,140,0.03228,15,0.03229,140
binance,gate,FUNUSDT,0.00145300,0.03207,2107.1576,1774091560041,,,,,,,,,,0.00005,0.00005,,0.00145100,68247.00000000,0.00145000,68247.00000000,0.00144900,1265621.00000000,0.00144800,54577.00000000,0.00144700,927413.00000000,0.00144600,616732.00000000,0.00144500,585943.00000000,0.00144400,60850.00000000,0.00144300,2026757.00000000,0.00144200,594081.00000000,0.00145300,26294.00000000,0.00145400,565248.00000000,0.00145500,445749.00000000,0.00145600,1233332.00000000,0.00145700,438452.00000000,0.00145800,908268.00000000,0.00145900,68159.00000000,0.00146000,569524.00000000,0.00146100,260292.00000000,0.00146200,775464.00000000,0.03207,125,0.03205,15,0.03204,140,0.03202,15,0.03201,139,0.032,54,0.03198,14,0.03195,140,0.03192,14,0.03189,140,0.03211,14,0.03212,17,0.03215,87,0.03217,140,0.0322,125,0.03223,125,0.03225,15,0.03226,140,0.03228,15,0.03229,140
binance,gate,FUNUSDT,0.00145300,0.03207,2107.1576,1774091560342,,,,,,,,,,0.00005,0.00005,,0.00145100,68247.00000000,0.00145000,68247.00000000,0.00144900,1265621.00000000,0.00144800,54577.00000000,0.00144700,927413.00000000,0.00144600,616732.00000000,0.00144500,585943.00000000,0.00144400,60850.00000000,0.00144300,2026757.00000000,0.00144200,594081.00000000,0.00145300,26294.00000000,0.00145400,565248.00000000,0.00145500,445749.00000000,0.00145600,1233332.00000000,0.00145700,438452.00000000,0.00145800,908268.00000000,0.00145900,68159.00000000,0.00146000,569524.00000000,0.00146100,260292.00000000,0.00146200,775464.00000000,0.03207,125,0.03205,15,0.03204,140,0.03202,15,0.03201,139,0.032,54,0.03198,14,0.03195,140,0.03192,14,0.03189,140,0.03211,14,0.03212,17,0.03215,87,0.03217,140,0.0322,125,0.03223,125,0.03225,15,0.03226,140,0.03228,15,0.03229,140
binance,gate,FUNUSDT,0.00145300,0.03207,2107.1576,1774091560642,,,,,,,,,,0.00005,0.00005,,0.00145100,68247.00000000,0.00145000,68247.00000000,0.00144900,1265621.00000000,0.00144800,54577.00000000,0.00144700,927413.00000000,0.00144600,616732.00000000,0.00144500,585943.00000000,0.00144400,60850.00000000,0.00144300,2026757.00000000,0.00144200,594081.00000000,0.00145300,26294.00000000,0.00145400,565248.00000000,0.00145500,445749.00000000,0.00145600,1233332.00000000,0.00145700,438452.00000000,0.00145800,908268.00000000,0.00145900,68159.00000000,0.00146000,569524.00000000,0.00146100,260292.00000000,0.00146200,775464.00000000,0.03207,125,0.03205,15,0.03204,140,0.03202,15,0.03201,139,0.032,54,0.03198,14,0.03195,140,0.03192,14,0.03189,140,0.03211,14,0.03212,17,0.03215,87,0.03217,140,0.0322,125,0.03223,125,0.03225,15,0.03226,140,0.03228,15,0.03229,140
binance,gate,FUNUSDT,0.00145300,0.03207,2107.1576,1774091560942,,,,,,,,,,0.00005,0.00005,,0.00145100,68247.00000000,0.00145000,68247.00000000,0.00144900,1265621.00000000,0.00144800,54577.00000000,0.00144700,927413.00000000,0.00144600,616732.00000000,0.00144500,585943.00000000,0.00144400,60850.00000000,0.00144300,2026757.00000000,0.00144200,594081.00000000,0.00145300,26294.00000000,0.00145400,565248.00000000,0.00145500,445749.00000000,0.00145600,1233332.00000000,0.00145700,438452.00000000,0.00145800,908268.00000000,0.00145900,68159.00000000,0.00146000,569524.00000000,0.00146100,260292.00000000,0.00146200,775464.00000000,0.03207,125,0.03205,15,0.03204,140,0.03202,15,0.03201,139,0.032,54,0.03198,14,0.03195,140,0.03192,14,0.03189,140,0.03211,14,0.03212,17,0.03215,87,0.03217,140,0.0322,125,0.03223,125,0.03225,15,0.03226,140,0.03228,15,0.03229,140
binance,gate,FUNUSDT,0.00145300,0.03207,2107.1576,1774091561242,,,,,,,,,,0.00005,0.00005,,0.00145100,68247.00000000,0.00145000,68247.00000000,0.00144900,1265621.00000000,0.00144800,54577.00000000,0.00144700,927413.00000000,0.00144600,616732.00000000,0.00144500,585943.00000000,0.00144400,60850.00000000,0.00144300,2026757.00000000,0.00144200,594081.00000000,0.00145300,26294.00000000,0.00145400,565248.00000000,0.00145500,445749.00000000,0.00145600,1233332.00000000,0.00145700,438452.00000000,0.00145800,908268.00000000,0.00145900,68159.00000000,0.00146000,569524.00000000,0.00146100,260292.00000000,0.00146200,775464.00000000,0.03207,125,0.03205,15,0.03204,140,0.03202,15,0.03201,139,0.032,54,0.03198,14,0.03195,140,0.03192,14,0.03189,140,0.03211,14,0.03212,17,0.03215,87,0.03217,140,0.0322,125,0.03223,125,0.03225,15,0.03226,140,0.03228,15,0.03229,140
binance,gate,FUNUSDT,0.00145300,0.03207,2107.1576,1774091561542,,,,,,,,,,0.00005,0.00005,,0.00145100,68247.00000000,0.00145000,68247.00000000,0.00144900,1265621.00000000,0.00144800,54577.00000000,0.00144700,927413.00000000,0.00144600,413898.00000000,0.00144500,585943.00000000,0.00144400,60850.00000000,0.00144300,2026757.00000000,0.00144200,594081.00000000,0.00145300,26294.00000000,0.00145400,565248.00000000,0.00145500,445749.00000000,0.00145600,1233332.00000000,0.00145700,438452.00000000,0.00145800,908268.00000000,0.00145900,68159.00000000,0.00146000,569524.00000000,0.00146100,260292.00000000,0.00146200,775464.00000000,0.03207,125,0.03205,15,0.03204,140,0.03202,15,0.03201,193,0.03198,14,0.03195,140,0.03192,14,0.03189,140,0.03187,14,0.03211,14,0.03212,17,0.03215,87,0.03217,140,0.0322,125,0.03223,125,0.03225,15,0.03226,140,0.03228,15,0.03229,140
binance,gate,FUNUSDT,0.00145300,0.03207,2107.1576,1774091561842,,,,,,,,,,0.00005,0.00005,,0.00145100,68247.00000000,0.00145000,68247.00000000,0.00144900,1265621.00000000,0.00144800,54577.00000000,0.00144700,927413.00000000,0.00144600,413898.00000000,0.00144500,585943.00000000,0.00144400,60850.00000000,0.00144300,2026757.00000000,0.00144200,594081.00000000,0.00145300,26294.00000000,0.00145400,565248.00000000,0.00145500,445749.00000000,0.00145600,1233332.00000000,0.00145700,438452.00000000,0.00145800,908268.00000000,0.00145900,68159.00000000,0.00146000,569524.00000000,0.00146100,260292.00000000,0.00146200,775464.00000000,0.03207,125,0.03205,15,0.03204,140,0.03202,15,0.03201,193,0.03198,14,0.03195,140,0.03192,14,0.03189,140,0.03187,14,0.03211,14,0.03212,17,0.03215,87,0.03217,140,0.0322,125,0.03223,125,0.03225,15,0.03226,140,0.03228,15,0.03229,140
binance,gate,FUNUSDT,0.00145300,0.03207,2107.1576,1774091562142,,,,,,,,,,0.00005,0.00005,,0.00145100,68247.00000000,0.00145000,68247.00000000,0.00144900,1265621.00000000,0.00144800,54577.00000000,0.00144700,1133579.00000000,0.00144600,413898.00000000,0.00144500,585943.00000000,0.00144400,60850.00000000,0.00144300,2026757.00000000,0.00144200,594081.00000000,0.00145300,26294.00000000,0.00145400,565248.00000000,0.00145500,445749.00000000,0.00145600,1233332.00000000,0.00145700,438452.00000000,0.00145800,908268.00000000,0.00145900,68159.00000000,0.00146000,569524.00000000,0.00146100,260292.00000000,0.00146200,775464.00000000,0.03207,125,0.03205,15,0.03204,140,0.03202,15,0.03201,193,0.03198,14,0.03195,140,0.03192,14,0.03189,140,0.03187,14,0.03211,14,0.03212,17,0.03215,87,0.03217,140,0.0322,125,0.03223,125,0.03225,15,0.03226,140,0.03228,15,0.03229,140
binance,gate,FUNUSDT,0.00145300,0.03207,2107.1576,1774091562443,,,,,,,,,,0.00005,0.00005,,0.00145100,68247.00000000,0.00145000,68247.00000000,0.00144900,1265621.00000000,0.00144800,54577.00000000,0.00144700,1133579.00000000,0.00144600,413898.00000000,0.00144500,585943.00000000,0.00144400,60850.00000000,0.00144300,2026757.00000000,0.00144200,594081.00000000,0.00145300,26294.00000000,0.00145400,565248.00000000,0.00145500,445749.00000000,0.00145600,1233332.00000000,0.00145700,438452.00000000,0.00145800,908268.00000000,0.00145900,68159.00000000,0.00146000,569524.00000000,0.00146100,260292.00000000,0.00146200,775464.00000000,0.03207,125,0.03205,15,0.03204,140,0.03202,15,0.03201,193,0.03198,14,0.03195,140,0.03192,14,0.03189,140,0.03187,14,0.03211,14,0.03212,17,0.03215,87,0.03217,140,0.0322,125,0.03223,125,0.03225,15,0.03226,140,0.03228,15,0.03229,140
binance,gate,FUNUSDT,0.00145300,0.03207,2107.1576,1774091562743,,,,,,,,,,0.00005,0.00005,,0.00145100,68247.00000000,0.00145000,68247.00000000,0.00144900,1265621.00000000,0.00144800,54577.00000000,0.00144700,1133579.00000000,0.00144600,413898.00000000,0.00144500,585943.00000000,0.00144400,60850.00000000,0.00144300,2026757.00000000,0.00144200,594081.00000000,0.00145300,26294.00000000,0.00145400,565248.00000000,0.00145500,445749.00000000,0.00145600,1233332.00000000,0.00145700,438452.00000000,0.00145800,908268.00000000,0.00145900,68159.00000000,0.00146000,569524.00000000,0.00146100,260292.00000000,0.00146200,775464.00000000,0.03207,125,0.03205,15,0.03204,140,0.03202,15,0.03201,193,0.03198,14,0.03195,140,0.03192,14,0.03189,140,0.03187,14,0.03211,14,0.03212,17,0.03215,87,0.03217,140,0.0322,125,0.03223,125,0.03225,15,0.03226,140,0.03228,15,0.03229,140
binance,gate,FUNUSDT,0.00145300,0.03207,2107.1576,1774091563046,,,,,,,,,,0.00005,0.00005,,0.00145100,68247.00000000,0.00145000,68247.00000000,0.00144900,1265621.00000000,0.00144800,54577.00000000,0.00144700,1133579.00000000,0.00144600,413898.00000000,0.00144500,585943.00000000,0.00144400,60850.00000000,0.00144300,2026757.00000000,0.00144200,594081.00000000,0.00145300,26294.00000000,0.00145400,565248.00000000,0.00145500,445749.00000000,0.00145600,1233332.00000000,0.00145700,438452.00000000,0.00145800,908268.00000000,0.00145900,68159.00000000,0.00146000,569524.00000000,0.00146100,260292.00000000,0.00146200,775464.00000000,0.03207,125,0.03205,15,0.03204,140,0.03202,15,0.03201,193,0.03198,14,0.03195,140,0.03192,14,0.03189,140,0.03187,14,0.03211,14,0.03212,17,0.03215,87,0.03217,140,0.0322,125,0.03223,125,0.03225,15,0.03226,140,0.03228,15,0.03229,140
binance,gate,FUNUSDT,0.00145300,0.03207,2107.1576,1774091563346,,,,,,,,,,0.00005,0.00005,,0.00145100,68247.00000000,0.00145000,68247.00000000,0.00144900,1265621.00000000,0.00144800,54577.00000000,0.00144700,1133579.00000000,0.00144600,413898.00000000,0.00144500,585943.00000000,0.00144400,60850.00000000,0.00144300,2026757.00000000,0.00144200,594081.00000000,0.00145300,26294.00000000,0.00145400,565248.00000000,0.00145500,445749.00000000,0.00145600,1233332.00000000,0.00145700,438452.00000000,0.00145800,908268.00000000,0.00145900,68159.00000000,0.00146000,569524.00000000,0.00146100,260292.00000000,0.00146200,775464.00000000,0.03207,125,0.03205,15,0.03204,140,0.03202,15,0.03201,193,0.03198,14,0.03195,140,0.03192,14,0.03189,140,0.03187,14,0.03211,14,0.03212,17,0.03215,87,0.03217,140,0.0322,125,0.03223,125,0.03225,15,0.03226,140,0.03228,15,0.03229,140
binance,gate,FUNUSDT,0.00145300,0.03207,2107.1576,1774091563646,,,,,,,,,,0.00005,0.00005,,0.00145100,68247.00000000,0.00145000,68247.00000000,0.00144900,1265621.00000000,0.00144800,54577.00000000,0.00144700,1133579.00000000,0.00144600,413898.00000000,0.00144500,585943.00000000,0.00144400,60850.00000000,0.00144300,2026757.00000000,0.00144200,594081.00000000,0.00145300,26294.00000000,0.00145400,565248.00000000,0.00145500,445749.00000000,0.00145600,1233332.00000000,0.00145700,438452.00000000,0.00145800,908268.00000000,0.00145900,68159.00000000,0.00146000,569524.00000000,0.00146100,260292.00000000,0.00146200,775464.00000000,0.03207,125,0.03205,15,0.03204,140,0.03202,15,0.03201,193,0.03198,14,0.03195,140,0.03192,14,0.03189,140,0.03187,14,0.03211,14,0.03212,17,0.03215,87,0.03217,140,0.0322,125,0.03223,125,0.03225,15,0.03226,140,0.03228,15,0.03229,140
binance,gate,FUNUSDT,0.00145300,0.03207,2107.1576,1774091563946,,,,,,,,,,0.00005,0.00005,,0.00145100,68247.00000000,0.00145000,68247.00000000,0.00144900,1265621.00000000,0.00144800,54577.00000000,0.00144700,1133579.00000000,0.00144600,413898.00000000,0.00144500,585943.00000000,0.00144400,60850.00000000,0.00144300,2026757.00000000,0.00144200,594081.00000000,0.00145300,26294.00000000,0.00145400,565248.00000000,0.00145500,445749.00000000,0.00145600,1233332.00000000,0.00145700,438452.00000000,0.00145800,908268.00000000,0.00145900,68159.00000000,0.00146000,569524.00000000,0.00146100,260292.00000000,0.00146200,775464.00000000,0.03207,125,0.03205,15,0.03204,140,0.03202,15,0.03201,193,0.03198,14,0.03195,140,0.03192,14,0.03189,140,0.03187,14,0.03211,14,0.03212,17,0.03215,87,0.03217,140,0.0322,125,0.03223,125,0.03225,15,0.03226,140,0.03228,15,0.03229,140
binance,gate,FUNUSDT,0.00145300,0.03207,2107.1576,1774091564246,,,,,,,,,,0.00005,0.00005,,0.00145100,68247.00000000,0.00145000,68247.00000000,0.00144900,1265621.00000000,0.00144800,54577.00000000,0.00144700,1133579.00000000,0.00144600,413898.00000000,0.00144500,585943.00000000,0.00144400,60850.00000000,0.00144300,2026757.00000000,0.00144200,594081.00000000,0.00145300,26294.00000000,0.00145400,565248.00000000,0.00145500,445749.00000000,0.00145600,1233332.00000000,0.00145700,438452.00000000,0.00145800,908268.00000000,0.00145900,68159.00000000,0.00146000,569524.00000000,0.00146100,260292.00000000,0.00146200,775464.00000000,0.03207,125,0.03205,15,0.03204,140,0.03202,15,0.03201,193,0.03198,14,0.03195,140,0.03192,14,0.03189,140,0.03187,14,0.03211,14,0.03212,17,0.03215,87,0.03217,140,0.0322,125,0.03223,125,0.03225,15,0.03226,140,0.03228,15,0.03229,140
binance,gate,FUNUSDT,0.00145300,0.03207,2107.1576,1774091564547,,,,,,,,,,0.00005,0.00005,,0.00145100,68247.00000000,0.00145000,68247.00000000,0.00144900,1265621.00000000,0.00144800,54577.00000000,0.00144700,1133579.00000000,0.00144600,413898.00000000,0.00144500,585943.00000000,0.00144400,60850.00000000,0.00144300,2026757.00000000,0.00144200,594081.00000000,0.00145300,26294.00000000,0.00145400,565248.00000000,0.00145500,445749.00000000,0.00145600,1233332.00000000,0.00145700,438452.00000000,0.00145800,908268.00000000,0.00145900,68159.00000000,0.00146000,569524.00000000,0.00146100,260292.00000000,0.00146200,775464.00000000,0.03207,125,0.03205,15,0.03204,140,0.03202,15,0.03201,193,0.03198,14,0.03195,140,0.03192,14,0.03189,140,0.03187,14,0.03211,14,0.03212,17,0.03215,87,0.03217,140,0.0322,125,0.03223,125,0.03225,15,0.03226,140,0.03228,15,0.03229,140
binance,gate,FUNUSDT,0.00145300,0.03207,2107.1576,1774091564847,,,,,,,,,,0.00005,0.00005,,0.00145100,68247.00000000,0.00145000,68247.00000000,0.00144900,1265621.00000000,0.00144800,54577.00000000,0.00144700,1133579.00000000,0.00144600,413898.00000000,0.00144500,585943.00000000,0.00144400,60850.00000000,0.00144300,2026757.00000000,0.00144200,594081.00000000,0.00145300,26294.00000000,0.00145400,565248.00000000,0.00145500,445749.00000000,0.00145600,1233332.00000000,0.00145700,438452.00000000,0.00145800,908268.00000000,0.00145900,68159.00000000,0.00146000,569524.00000000,0.00146100,260292.00000000,0.00146200,775464.00000000,0.03207,125,0.03205,15,0.03204,140,0.03202,15,0.03201,193,0.03198,14,0.03195,140,0.03192,14,0.03189,140,0.03187,14,0.03211,14,0.03212,17,0.03215,87,0.03217,140,0.0322,125,0.03223,125,0.03225,15,0.03226,140,0.03228,15,0.03229,140
binance,gate,FUNUSDT,0.00145300,0.03207,2107.1576,1774091565147,,,,,,,,,,0.00005,0.00005,,0.00145100,68247.00000000,0.00145000,68247.00000000,0.00144900,1265621.00000000,0.00144800,54577.00000000,0.00144700,1133579.00000000,0.00144600,413898.00000000,0.00144500,585943.00000000,0.00144400,60850.00000000,0.00144300,2026757.00000000,0.00144200,594081.00000000,0.00145300,26294.00000000,0.00145400,565248.00000000,0.00145500,445749.00000000,0.00145600,1233332.00000000,0.00145700,438452.00000000,0.00145800,908268.00000000,0.00145900,68159.00000000,0.00146000,569524.00000000,0.00146100,260292.00000000,0.00146200,775464.00000000,0.03207,125,0.03205,15,0.03204,140,0.03202,15,0.03201,193,0.03198,14,0.03195,140,0.03192,14,0.03189,140,0.03187,14,0.03211,14,0.03212,17,0.03215,87,0.03217,140,0.0322,125,0.03223,125,0.03225,15,0.03226,140,0.03228,15,0.03229,140
binance,gate,FUNUSDT,0.00145300,0.03207,2107.1576,1774091565448,,,,,,,,,,0.00005,0.00005,,0.00145100,68247.00000000,0.00145000,68247.00000000,0.00144900,1265621.00000000,0.00144800,54577.00000000,0.00144700,1133579.00000000,0.00144600,413898.00000000,0.00144500,585943.00000000,0.00144400,60850.00000000,0.00144300,2026757.00000000,0.00144200,594081.00000000,0.00145300,26294.00000000,0.00145400,565248.00000000,0.00145500,445749.00000000,0.00145600,1233332.00000000,0.00145700,438452.00000000,0.00145800,908268.00000000,0.00145900,68159.00000000,0.00146000,569524.00000000,0.00146100,260292.00000000,0.00146200,775464.00000000,0.03207,125,0.03205,15,0.03204,140,0.03202,15,0.03201,193,0.03198,14,0.03195,140,0.03192,14,0.03189,140,0.03187,14,0.03211,14,0.03212,17,0.03215,87,0.03217,140,0.0322,125,0.03223,125,0.03225,15,0.03226,140,0.03228,15,0.03229,140
binance,gate,FUNUSDT,0.00145300,0.03207,2107.1576,1774091565748,,,,,,,,,,0.00005,0.00005,,0.00145100,68247.00000000,0.00145000,68247.00000000,0.00144900,1265621.00000000,0.00144800,54577.00000000,0.00144700,1133579.00000000,0.00144600,413898.00000000,0.00144500,585943.00000000,0.00144400,60850.00000000,0.00144300,2026757.00000000,0.00144200,594081.00000000,0.00145300,26294.00000000,0.00145400,565248.00000000,0.00145500,445749.00000000,0.00145600,1233332.00000000,0.00145700,438452.00000000,0.00145800,908268.00000000,0.00145900,68159.00000000,0.00146000,569524.00000000,0.00146100,260292.00000000,0.00146200,775464.00000000,0.03207,125,0.03205,15,0.03204,140,0.03202,15,0.03201,193,0.03198,14,0.03195,140,0.03192,14,0.03189,140,0.03187,14,0.03211,14,0.03212,17,0.03215,87,0.03217,140,0.0322,125,0.03223,125,0.03225,15,0.03226,140,0.03228,15,0.03229,140
binance,gate,FUNUSDT,0.00145300,0.03207,2107.1576,1774091566049,,,,,,,,,,0.00005,0.00005,,0.00145100,68247.00000000,0.00145000,68247.00000000,0.00144900,1265621.00000000,0.00144800,54577.00000000,0.00144700,1133579.00000000,0.00144600,413898.00000000,0.00144500,585943.00000000,0.00144400,60850.00000000,0.00144300,2026757.00000000,0.00144200,594081.00000000,0.00145300,26294.00000000,0.00145400,565248.00000000,0.00145500,445749.00000000,0.00145600,1233332.00000000,0.00145700,438452.00000000,0.00145800,908268.00000000,0.00145900,68159.00000000,0.00146000,569524.00000000,0.00146100,260292.00000000,0.00146200,775464.00000000,0.03207,125,0.03205,15,0.03204,140,0.03202,15,0.03201,193,0.03198,14,0.03195,140,0.03192,14,0.03189,140,0.03187,14,0.03211,14,0.03212,17,0.03215,87,0.03217,140,0.0322,125,0.03223,125,0.03225,15,0.03226,140,0.03228,15,0.03229,140
binance,gate,FUNUSDT,0.00145300,0.03207,2107.1576,1774091566349,,,,,,,,,,0.00005,0.00005,,0.00145100,68247.00000000,0.00145000,68247.00000000,0.00144900,1265621.00000000,0.00144800,54577.00000000,0.00144700,1133579.00000000,0.00144600,413898.00000000,0.00144500,585943.00000000,0.00144400,60850.00000000,0.00144300,2026757.00000000,0.00144200,594081.00000000,0.00145300,26294.00000000,0.00145400,565248.00000000,0.00145500,445749.00000000,0.00145600,1233332.00000000,0.00145700,438452.00000000,0.00145800,908268.00000000,0.00145900,68159.00000000,0.00146000,569524.00000000,0.00146100,260292.00000000,0.00146200,775464.00000000,0.03207,125,0.03205,15,0.03204,140,0.03202,15,0.03201,193,0.03198,14,0.03195,140,0.03192,14,0.03189,140,0.03187,14,0.03211,14,0.03212,17,0.03215,87,0.03217,140,0.0322,125,0.03223,125,0.03225,15,0.03226,140,0.03228,15,0.03229,140
binance,gate,FUNUSDT,0.00145300,0.03207,2107.1576,1774091566649,,,,,,,,,,0.00005,0.00005,,0.00145100,68247.00000000,0.00145000,68247.00000000,0.00144900,1265621.00000000,0.00144800,54577.00000000,0.00144700,1133579.00000000,0.00144600,413898.00000000,0.00144500,585943.00000000,0.00144400,60850.00000000,0.00144300,2026757.00000000,0.00144200,594081.00000000,0.00145300,26294.00000000,0.00145400,565248.00000000,0.00145500,445749.00000000,0.00145600,1233332.00000000,0.00145700,438452.00000000,0.00145800,908268.00000000,0.00145900,68159.00000000,0.00146000,569524.00000000,0.00146100,260292.00000000,0.00146200,775464.00000000,0.03207,125,0.03205,15,0.03204,140,0.03202,15,0.03201,193,0.03198,14,0.03195,140,0.03192,14,0.03189,140,0.03187,14,0.03211,14,0.03212,17,0.03215,87,0.03217,140,0.0322,125,0.03223,125,0.03225,15,0.03226,140,0.03228,15,0.03229,140
binance,gate,FUNUSDT,0.00145300,0.03207,2107.1576,1774091566949,,,,,,,,,,0.00005,0.00005,,0.00145100,68247.00000000,0.00145000,68247.00000000,0.00144900,1265621.00000000,0.00144800,54577.00000000,0.00144700,1133579.00000000,0.00144600,413898.00000000,0.00144500,585943.00000000,0.00144400,60850.00000000,0.00144300,2026757.00000000,0.00144200,594081.00000000,0.00145300,26294.00000000,0.00145400,565248.00000000,0.00145500,445749.00000000,0.00145600,1233332.00000000,0.00145700,438452.00000000,0.00145800,908268.00000000,0.00145900,68159.00000000,0.00146000,569524.00000000,0.00146100,260292.00000000,0.00146200,775464.00000000,0.03207,125,0.03205,15,0.03204,140,0.03202,15,0.03201,193,0.03198,14,0.03195,140,0.03192,14,0.03189,140,0.03187,14,0.03211,14,0.03212,17,0.03215,15,0.03217,212,0.0322,125,0.03223,125,0.03225,15,0.03226,140,0.03228,15,0.03229,140
binance,gate,FUNUSDT,0.00145300,0.03207,2107.1576,1774091567250,,,,,,,,,,0.00005,0.00005,,0.00145100,68247.00000000,0.00145000,68247.00000000,0.00144900,1265621.00000000,0.00144800,54577.00000000,0.00144700,1133579.00000000,0.00144600,413898.00000000,0.00144500,585943.00000000,0.00144400,60850.00000000,0.00144300,2026757.00000000,0.00144200,594081.00000000,0.00145300,26294.00000000,0.00145400,565248.00000000,0.00145500,445749.00000000,0.00145600,1233332.00000000,0.00145700,438452.00000000,0.00145800,908268.00000000,0.00145900,68159.00000000,0.00146000,569524.00000000,0.00146100,260292.00000000,0.00146200,775464.00000000,0.03207,125,0.03205,15,0.03204,140,0.03202,15,0.03201,193,0.03198,14,0.03195,140,0.03192,14,0.03189,140,0.03187,14,0.03211,14,0.03212,17,0.03215,15,0.03217,212,0.0322,125,0.03223,125,0.03225,15,0.03226,140,0.03228,15,0.03229,140
binance,gate,FUNUSDT,0.00145300,0.03207,2107.1576,1774091567550,,,,,,,,,,0.00005,0.00005,,0.00145100,68247.00000000,0.00145000,68247.00000000,0.00144900,1265621.00000000,0.00144800,54577.00000000,0.00144700,1133579.00000000,0.00144600,413898.00000000,0.00144500,585943.00000000,0.00144400,60850.00000000,0.00144300,2026757.00000000,0.00144200,594081.00000000,0.00145300,26294.00000000,0.00145400,565248.00000000,0.00145500,445749.00000000,0.00145600,1233332.00000000,0.00145700,438452.00000000,0.00145800,908268.00000000,0.00145900,68159.00000000,0.00146000,569524.00000000,0.00146100,260292.00000000,0.00146200,775464.00000000,0.03207,125,0.03205,15,0.03204,140,0.03202,15,0.03201,193,0.03198,14,0.03195,140,0.03192,14,0.03189,140,0.03187,14,0.03211,14,0.03212,17,0.03215,15,0.03217,212,0.0322,125,0.03223,125,0.03225,15,0.03226,140,0.03228,15,0.03229,140
binance,gate,FUNUSDT,0.00145300,0.03207,2107.1576,1774091567850,,,,,,,,,,0.00005,0.00005,,0.00145100,68247.00000000,0.00145000,68247.00000000,0.00144900,1265621.00000000,0.00144800,54577.00000000,0.00144700,1133579.00000000,0.00144600,413898.00000000,0.00144500,585943.00000000,0.00144400,60850.00000000,0.00144300,2026757.00000000,0.00144200,594081.00000000,0.00145300,26294.00000000,0.00145400,565248.00000000,0.00145500,445749.00000000,0.00145600,1233332.00000000,0.00145700,438452.00000000,0.00145800,908268.00000000,0.00145900,68159.00000000,0.00146000,569524.00000000,0.00146100,260292.00000000,0.00146200,775464.00000000,0.03207,125,0.03205,15,0.03204,140,0.03202,15,0.03201,193,0.03198,14,0.03195,140,0.03192,14,0.03189,140,0.03187,14,0.03211,14,0.03212,17,0.03215,15,0.03217,212,0.0322,125,0.03223,125,0.03225,15,0.03226,140,0.03228,15,0.03229,140
binance,gate,FUNUSDT,0.00145300,0.03207,2107.1576,1774091568151,,,,,,,,,,0.00005,0.00005,,0.00145100,68247.00000000,0.00145000,68247.00000000,0.00144900,1265621.00000000,0.00144800,54577.00000000,0.00144700,1133579.00000000,0.00144600,413898.00000000,0.00144500,585943.00000000,0.00144400,60850.00000000,0.00144300,2026757.00000000,0.00144200,594081.00000000,0.00145300,26294.00000000,0.00145400,565248.00000000,0.00145500,445749.00000000,0.00145600,1233332.00000000,0.00145700,438452.00000000,0.00145800,908268.00000000,0.00145900,68159.00000000,0.00146000,569524.00000000,0.00146100,260292.00000000,0.00146200,775464.00000000,0.03207,125,0.03205,15,0.03204,140,0.03202,15,0.03201,193,0.03198,14,0.03195,140,0.03192,14,0.03189,140,0.03187,14,0.03211,14,0.03212,17,0.03215,15,0.03217,212,0.0322,125,0.03223,125,0.03225,15,0.03226,140,0.03228,15,0.03229,140
binance,gate,FUNUSDT,0.00145300,0.03207,2107.1576,1774091568451,,,,,,,,,,0.00005,0.00005,,0.00145100,68247.00000000,0.00145000,68247.00000000,0.00144900,1265621.00000000,0.00144800,54577.00000000,0.00144700,1133579.00000000,0.00144600,413898.00000000,0.00144500,585943.00000000,0.00144400,60850.00000000,0.00144300,2026757.00000000,0.00144200,594081.00000000,0.00145300,26294.00000000,0.00145400,565248.00000000,0.00145500,445749.00000000,0.00145600,899528.00000000,0.00145700,438452.00000000,0.00145800,908268.00000000,0.00145900,68159.00000000,0.00146000,569524.00000000,0.00146100,260292.00000000,0.00146200,775464.00000000,0.03207,125,0.03205,15,0.03204,140,0.03202,15,0.03201,193,0.03198,14,0.03195,140,0.03192,14,0.03189,140,0.03187,14,0.03211,14,0.03212,17,0.03215,87,0.03217,140,0.0322,125,0.03223,125,0.03225,15,0.03226,140,0.03228,15,0.03229,140
binance,gate,FUNUSDT,0.00145300,0.03207,2107.1576,1774091568751,,,,,,,,,,0.00005,0.00005,,0.00145100,68247.00000000,0.00145000,68247.00000000,0.00144900,1265621.00000000,0.00144800,54577.00000000,0.00144700,1133579.00000000,0.00144600,413898.00000000,0.00144500,585943.00000000,0.00144400,60850.00000000,0.00144300,2026757.00000000,0.00144200,594081.00000000,0.00145300,26294.00000000,0.00145400,565248.00000000,0.00145500,445749.00000000,0.00145600,899528.00000000,0.00145700,438452.00000000,0.00145800,908268.00000000,0.00145900,68159.00000000,0.00146000,569524.00000000,0.00146100,260292.00000000,0.00146200,775464.00000000,0.03207,125,0.03205,15,0.03204,140,0.03202,15,0.03201,193,0.03198,14,0.03195,140,0.03192,14,0.03189,140,0.03187,14,0.03211,14,0.03212,17,0.03215,87,0.03217,140,0.0322,125,0.03223,125,0.03225,15,0.03226,140,0.03228,15,0.03229,140
binance,gate,FUNUSDT,0.00145300,0.03207,2107.1576,1774091569051,,,,,,,,,,0.00005,0.00005,,0.00145100,68247.00000000,0.00145000,68247.00000000,0.00144900,1265621.00000000,0.00144800,54577.00000000,0.00144700,1133579.00000000,0.00144600,413898.00000000,0.00144500,585943.00000000,0.00144400,60850.00000000,0.00144300,2026757.00000000,0.00144200,594081.00000000,0.00145300,26294.00000000,0.00145400,565248.00000000,0.00145500,445749.00000000,0.00145600,899528.00000000,0.00145700,438452.00000000,0.00145800,908268.00000000,0.00145900,68159.00000000,0.00146000,569524.00000000,0.00146100,260292.00000000,0.00146200,775464.00000000,0.03207,125,0.03205,15,0.03204,140,0.03202,15,0.03201,193,0.03198,14,0.03195,140,0.03192,14,0.03189,140,0.03187,14,0.03211,14,0.03212,17,0.03215,87,0.03217,140,0.0322,125,0.03223,125,0.03225,15,0.03226,140,0.03228,15,0.03229,140
binance,gate,FUNUSDT,0.00145300,0.03207,2107.1576,1774091569351,,,,,,,,,,0.00005,0.00005,,0.00145100,68247.00000000,0.00145000,68247.00000000,0.00144900,1265621.00000000,0.00144800,54577.00000000,0.00144700,1133579.00000000,0.00144600,413898.00000000,0.00144500,585943.00000000,0.00144400,60850.00000000,0.00144300,2026757.00000000,0.00144200,594081.00000000,0.00145300,26294.00000000,0.00145400,565248.00000000,0.00145500,445749.00000000,0.00145600,899528.00000000,0.00145700,438452.00000000,0.00145800,908268.00000000,0.00145900,68159.00000000,0.00146000,569524.00000000,0.00146100,260292.00000000,0.00146200,775464.00000000,0.03207,125,0.03205,15,0.03204,140,0.03202,15,0.03201,193,0.03198,14,0.03195,140,0.03192,14,0.03189,140,0.03187,14,0.03211,14,0.03212,17,0.03215,87,0.03217,140,0.0322,125,0.03223,125,0.03225,15,0.03226,140,0.03228,15,0.03229,140
binance,gate,FUNUSDT,0.00145300,0.03207,2107.1576,1774091569651,,,,,,,,,,0.00005,0.00005,,0.00145100,68247.00000000,0.00145000,68247.00000000,0.00144900,1265621.00000000,0.00144800,54577.00000000,0.00144700,1133579.00000000,0.00144600,413898.00000000,0.00144500,585943.00000000,0.00144400,60850.00000000,0.00144300,2026757.00000000,0.00144200,594081.00000000,0.00145300,26294.00000000,0.00145400,565248.00000000,0.00145500,445749.00000000,0.00145600,899528.00000000,0.00145700,438452.00000000,0.00145800,908268.00000000,0.00145900,68159.00000000,0.00146000,569524.00000000,0.00146100,260292.00000000,0.00146200,775464.00000000,0.03207,125,0.03205,15,0.03204,140,0.03202,15,0.03201,193,0.03198,14,0.03195,140,0.03192,14,0.03189,140,0.03187,14,0.03211,14,0.03212,17,0.03215,87,0.03217,140,0.0322,125,0.03223,125,0.03225,15,0.03226,140,0.03228,15,0.03229,140
binance,gate,FUNUSDT,0.00145300,0.03207,2107.1576,1774091569951,,,,,,,,,,0.00005,0.00005,,0.00145100,68247.00000000,0.00145000,68247.00000000,0.00144900,1265621.00000000,0.00144800,54577.00000000,0.00144700,1133579.00000000,0.00144600,413898.00000000,0.00144500,585943.00000000,0.00144400,60850.00000000,0.00144300,2026757.00000000,0.00144200,594081.00000000,0.00145300,26294.00000000,0.00145400,565248.00000000,0.00145500,445749.00000000,0.00145600,899528.00000000,0.00145700,438452.00000000,0.00145800,908268.00000000,0.00145900,68159.00000000,0.00146000,569524.00000000,0.00146100,260292.00000000,0.00146200,775464.00000000,0.03207,125,0.03205,15,0.03204,140,0.03202,15,0.03201,193,0.03198,14,0.03195,140,0.03192,14,0.03189,140,0.03187,14,0.03211,14,0.03212,17,0.03215,87,0.03217,140,0.0322,125,0.03223,125,0.03225,15,0.03226,140,0.03228,15,0.03229,140
binance,gate,FUNUSDT,0.00145300,0.03207,2107.1576,1774091570251,,,,,,,,,,0.00005,0.00005,,0.00145100,68247.00000000,0.00145000,68247.00000000,0.00144900,1265621.00000000,0.00144800,54577.00000000,0.00144700,1133579.00000000,0.00144600,413898.00000000,0.00144500,585943.00000000,0.00144400,60850.00000000,0.00144300,2026757.00000000,0.00144200,594081.00000000,0.00145300,26294.00000000,0.00145400,565248.00000000,0.00145500,445749.00000000,0.00145600,899528.00000000,0.00145700,438452.00000000,0.00145800,908268.00000000,0.00145900,68159.00000000,0.00146000,569524.00000000,0.00146100,260292.00000000,0.00146200,775464.00000000,0.03207,125,0.03205,15,0.03204,140,0.03202,15,0.03201,193,0.03198,14,0.03195,140,0.03192,14,0.03189,140,0.03187,14,0.03211,14,0.03212,17,0.03215,87,0.03217,140,0.0322,125,0.03223,125,0.03225,15,0.03226,140,0.03228,15,0.03229,140
binance,gate,FUNUSDT,0.00145300,0.03207,2107.1576,1774091570551,,,,,,,,,,0.00005,0.00005,,0.00145100,68247.00000000,0.00145000,68247.00000000,0.00144900,1265621.00000000,0.00144800,54577.00000000,0.00144700,1133579.00000000,0.00144600,413898.00000000,0.00144500,585943.00000000,0.00144400,60850.00000000,0.00144300,2026757.00000000,0.00144200,594081.00000000,0.00145300,26294.00000000,0.00145400,565248.00000000,0.00145500,445749.00000000,0.00145600,899528.00000000,0.00145700,438452.00000000,0.00145800,908268.00000000,0.00145900,68159.00000000,0.00146000,569524.00000000,0.00146100,260292.00000000,0.00146200,775464.00000000,0.03207,125,0.03205,15,0.03204,140,0.03202,15,0.03201,193,0.03198,14,0.03195,140,0.03192,14,0.03189,140,0.03187,14,0.03211,14,0.03212,17,0.03215,87,0.03217,140,0.0322,125,0.03223,125,0.03225,15,0.03226,140,0.03228,15,0.03229,140
binance,gate,FUNUSDT,0.00145300,0.03207,2107.1576,1774091570852,,,,,,,,,,0.00005,0.00005,,0.00145100,68247.00000000,0.00145000,68247.00000000,0.00144900,1265621.00000000,0.00144800,54577.00000000,0.00144700,1133579.00000000,0.00144600,413898.00000000,0.00144500,585943.00000000,0.00144400,60850.00000000,0.00144300,2026757.00000000,0.00144200,594081.00000000,0.00145300,26294.00000000,0.00145400,565248.00000000,0.00145500,771932.00000000,0.00145600,899528.00000000,0.00145700,438452.00000000,0.00145800,908268.00000000,0.00145900,68159.00000000,0.00146000,569524.00000000,0.00146100,260292.00000000,0.00146200,775464.00000000,0.03207,125,0.03205,15,0.03204,140,0.03202,15,0.03201,193,0.03198,14,0.03195,140,0.03192,14,0.03189,140,0.03187,14,0.03211,14,0.03212,17,0.03215,87,0.03217,140,0.0322,125,0.03223,125,0.03225,15,0.03226,140,0.03228,15,0.03229,140
binance,gate,FUNUSDT,0.00145300,0.03207,2107.1576,1774091571152,,,,,,,,,,0.00005,0.00005,,0.00145100,68247.00000000,0.00145000,68247.00000000,0.00144900,1265621.00000000,0.00144800,54577.00000000,0.00144700,1133579.00000000,0.00144600,413898.00000000,0.00144500,585943.00000000,0.00144400,60850.00000000,0.00144300,2026757.00000000,0.00144200,594081.00000000,0.00145300,26294.00000000,0.00145400,565248.00000000,0.00145500,771932.00000000,0.00145600,899528.00000000,0.00145700,438452.00000000,0.00145800,908268.00000000,0.00145900,68159.00000000,0.00146000,569524.00000000,0.00146100,260292.00000000,0.00146200,775464.00000000,0.03207,125,0.03205,15,0.03204,140,0.03202,15,0.03201,193,0.03198,14,0.03195,140,0.03192,14,0.03189,140,0.03187,14,0.03211,14,0.03212,17,0.03215,87,0.03217,140,0.0322,125,0.03223,125,0.03225,15,0.03226,140,0.03228,15,0.03229,140
binance,gate,FUNUSDT,0.00145300,0.03207,2107.1576,1774091571452,,,,,,,,,,0.00005,0.00005,,0.00145100,68247.00000000,0.00145000,68247.00000000,0.00144900,1265621.00000000,0.00144800,54577.00000000,0.00144700,1133579.00000000,0.00144600,413898.00000000,0.00144500,585943.00000000,0.00144400,60850.00000000,0.00144300,2026757.00000000,0.00144200,594081.00000000,0.00145300,26294.00000000,0.00145400,565248.00000000,0.00145500,771932.00000000,0.00145600,899528.00000000,0.00145700,438452.00000000,0.00145800,908268.00000000,0.00145900,68159.00000000,0.00146000,569524.00000000,0.00146100,260292.00000000,0.00146200,775464.00000000,0.03207,125,0.03205,15,0.03204,140,0.03202,15,0.03201,193,0.03198,14,0.03195,140,0.03192,14,0.03189,140,0.03187,14,0.03211,14,0.03212,17,0.03215,87,0.03217,140,0.0322,125,0.03223,125,0.03225,15,0.03226,140,0.03228,15,0.03229,140
binance,gate,FUNUSDT,0.00145300,0.03207,2107.1576,1774091571752,,,,,,,,,,0.00005,0.00005,,0.00145100,68247.00000000,0.00145000,68247.00000000,0.00144900,1265621.00000000,0.00144800,54577.00000000,0.00144700,1133579.00000000,0.00144600,413898.00000000,0.00144500,585943.00000000,0.00144400,60850.00000000,0.00144300,2026757.00000000,0.00144200,594081.00000000,0.00145300,26294.00000000,0.00145400,565248.00000000,0.00145500,771932.00000000,0.00145600,899528.00000000,0.00145700,438452.00000000,0.00145800,908268.00000000,0.00145900,68159.00000000,0.00146000,569524.00000000,0.00146100,260292.00000000,0.00146200,775464.00000000,0.03207,125,0.03205,15,0.03204,140,0.03202,15,0.03201,193,0.03198,14,0.03195,140,0.03192,14,0.03189,140,0.03187,14,0.03211,14,0.03212,17,0.03215,15,0.03217,212,0.0322,125,0.03223,125,0.03225,15,0.03226,140,0.03228,15,0.03229,140
binance,gate,FUNUSDT,0.00145300,0.03207,2107.1576,1774091572053,,,,,,,,,,0.00005,0.00005,,0.00145100,68247.00000000,0.00145000,68247.00000000,0.00144900,1265621.00000000,0.00144800,54577.00000000,0.00144700,1133579.00000000,0.00144600,413898.00000000,0.00144500,585943.00000000,0.00144400,60850.00000000,0.00144300,2026757.00000000,0.00144200,594081.00000000,0.00145300,26294.00000000,0.00145400,565248.00000000,0.00145500,771932.00000000,0.00145600,899528.00000000,0.00145700,438452.00000000,0.00145800,908268.00000000,0.00145900,68159.00000000,0.00146000,569524.00000000,0.00146100,260292.00000000,0.00146200,775464.00000000,0.03207,125,0.03205,15,0.03204,140,0.03202,15,0.03201,193,0.03198,14,0.03195,140,0.03192,14,0.03189,140,0.03187,14,0.03211,14,0.03212,17,0.03215,15,0.03217,212,0.0322,125,0.03223,125,0.03225,15,0.03226,140,0.03228,15,0.03229,140
binance,gate,FUNUSDT,0.00145300,0.03207,2107.1576,1774091572353,,,,,,,,,,0.00005,0.00005,,0.00145100,68247.00000000,0.00145000,68247.00000000,0.00144900,1265621.00000000,0.00144800,54577.00000000,0.00144700,1133579.00000000,0.00144600,413898.00000000,0.00144500,585943.00000000,0.00144400,60850.00000000,0.00144300,2026757.00000000,0.00144200,594081.00000000,0.00145300,26294.00000000,0.00145400,565248.00000000,0.00145500,771932.00000000,0.00145600,899528.00000000,0.00145700,438452.00000000,0.00145800,908268.00000000,0.00145900,68159.00000000,0.00146000,569524.00000000,0.00146100,260292.00000000,0.00146200,775464.00000000,0.03208,14,0.03207,125,0.03205,15,0.03204,140,0.03202,15,0.03201,193,0.03198,14,0.03195,140,0.03192,14,0.03189,140,0.03211,14,0.03212,17,0.03215,87,0.03217,140,0.0322,125,0.03223,125,0.03225,15,0.03226,140,0.03228,15,0.03229,140
binance,gate,FUNUSDT,0.00145300,0.03208,2107.8458,1774091572653,,,,,,,,,,0.00005,0.00005,,0.00145100,68247.00000000,0.00145000,68247.00000000,0.00144900,1265621.00000000,0.00144800,54577.00000000,0.00144700,1133579.00000000,0.00144600,413898.00000000,0.00144500,585943.00000000,0.00144400,60850.00000000,0.00144300,2026757.00000000,0.00144200,594081.00000000,0.00145300,26294.00000000,0.00145400,565248.00000000,0.00145500,771932.00000000,0.00145600,899528.00000000,0.00145700,438452.00000000,0.00145800,908268.00000000,0.00145900,68159.00000000,0.00146000,569524.00000000,0.00146100,260292.00000000,0.00146200,775464.00000000,0.03208,14,0.03207,125,0.03205,15,0.03204,140,0.03202,15,0.03201,193,0.03198,14,0.03195,140,0.03192,14,0.03189,140,0.03211,14,0.03212,17,0.03215,87,0.03217,140,0.0322,125,0.03223,125,0.03225,15,0.03226,140,0.03228,15,0.03229,140
binance,gate,FUNUSDT,0.00145300,0.03208,2107.8458,1774091572953,,,,,,,,,,0.00005,0.00005,,0.00145100,68247.00000000,0.00145000,68247.00000000,0.00144900,1265621.00000000,0.00144800,54577.00000000,0.00144700,1133579.00000000,0.00144600,413898.00000000,0.00144500,585943.00000000,0.00144400,60850.00000000,0.00144300,2026757.00000000,0.00144200,594081.00000000,0.00145300,26294.00000000,0.00145400,565248.00000000,0.00145500,771932.00000000,0.00145600,899528.00000000,0.00145700,438452.00000000,0.00145800,908268.00000000,0.00145900,68159.00000000,0.00146000,569524.00000000,0.00146100,260292.00000000,0.00146200,775464.00000000,0.03208,14,0.03207,125,0.03205,15,0.03204,140,0.03202,15,0.03201,193,0.03198,14,0.03195,140,0.03192,14,0.03189,140,0.03211,14,0.03212,17,0.03215,87,0.03217,140,0.0322,125,0.03223,125,0.03225,15,0.03226,140,0.03228,15,0.03229,140
binance,gate,FUNUSDT,0.00145300,0.03208,2107.8458,1774091573253,,,,,,,,,,0.00005,0.00005,,0.00145100,68247.00000000,0.00145000,68247.00000000,0.00144900,1265621.00000000,0.00144800,54577.00000000,0.00144700,1133579.00000000,0.00144600,413898.00000000,0.00144500,585943.00000000,0.00144400,60850.00000000,0.00144300,2026757.00000000,0.00144200,594081.00000000,0.00145300,26294.00000000,0.00145400,565248.00000000,0.00145500,771932.00000000,0.00145600,899528.00000000,0.00145700,438452.00000000,0.00145800,908268.00000000,0.00145900,68159.00000000,0.00146000,569524.00000000,0.00146100,260292.00000000,0.00146200,775464.00000000,0.03208,14,0.03207,125,0.03205,15,0.03204,140,0.03202,15,0.03201,193,0.03198,14,0.03195,140,0.03192,14,0.03189,140,0.03211,14,0.03212,17,0.03215,87,0.03217,140,0.0322,125,0.03223,125,0.03225,15,0.03226,140,0.03228,15,0.03229,140
binance,gate,FUNUSDT,0.00145300,0.03208,2107.8458,1774091573553,,,,,,,,,,0.00005,0.00005,,0.00145100,68247.00000000,0.00145000,68247.00000000,0.00144900,1265621.00000000,0.00144800,54577.00000000,0.00144700,1133579.00000000,0.00144600,413898.00000000,0.00144500,585943.00000000,0.00144400,60850.00000000,0.00144300,2026757.00000000,0.00144200,594081.00000000,0.00145300,26294.00000000,0.00145400,565248.00000000,0.00145500,771932.00000000,0.00145600,899528.00000000,0.00145700,438452.00000000,0.00145800,908268.00000000,0.00145900,68159.00000000,0.00146000,569524.00000000,0.00146100,260292.00000000,0.00146200,775464.00000000,0.03208,14,0.03207,125,0.03205,15,0.03204,140,0.03202,15,0.03201,193,0.03198,14,0.03195,140,0.03192,14,0.03189,140,0.03211,14,0.03212,17,0.03215,87,0.03217,140,0.0322,125,0.03223,125,0.03225,15,0.03226,140,0.03228,15,0.03229,140
binance,gate,FUNUSDT,0.00145300,0.03208,2107.8458,1774091573853,,,,,,,,,,0.00005,0.00005,,0.00145100,68247.00000000,0.00145000,68247.00000000,0.00144900,1265621.00000000,0.00144800,54577.00000000,0.00144700,1133579.00000000,0.00144600,413898.00000000,0.00144500,585943.00000000,0.00144400,60850.00000000,0.00144300,2026757.00000000,0.00144200,594081.00000000,0.00145300,26294.00000000,0.00145400,565248.00000000,0.00145500,771932.00000000,0.00145600,899528.00000000,0.00145700,438452.00000000,0.00145800,908268.00000000,0.00145900,68159.00000000,0.00146000,569524.00000000,0.00146100,274605.00000000,0.00146200,775464.00000000,0.03208,14,0.03207,125,0.03205,15,0.03204,140,0.03202,15,0.03201,193,0.03198,14,0.03195,140,0.03192,14,0.03189,140,0.03211,14,0.03212,17,0.03215,87,0.03217,140,0.0322,125,0.03223,125,0.03225,15,0.03226,140,0.03228,15,0.03229,140
binance,gate,FUNUSDT,0.00145300,0.03208,2107.8458,1774091574154,,,,,,,,,,0.00005,0.00005,,0.00145100,68247.00000000,0.00145000,68247.00000000,0.00144900,1265621.00000000,0.00144800,54577.00000000,0.00144700,1133579.00000000,0.00144600,413898.00000000,0.00144500,585943.00000000,0.00144400,60850.00000000,0.00144300,2026757.00000000,0.00144200,594081.00000000,0.00145300,26294.00000000,0.00145400,565248.00000000,0.00145500,771932.00000000,0.00145600,899528.00000000,0.00145700,438452.00000000,0.00145800,908268.00000000,0.00145900,68159.00000000,0.00146000,569524.00000000,0.00146100,274605.00000000,0.00146200,775464.00000000,0.03208,14,0.03207,125,0.03205,15,0.03204,140,0.03202,15,0.03201,193,0.03198,14,0.03195,140,0.03192,14,0.03189,140,0.03211,14,0.03212,17,0.03215,87,0.03217,140,0.0322,125,0.03223,125,0.03225,15,0.03226,140,0.03228,15,0.03229,140
binance,gate,FUNUSDT,0.00145300,0.03208,2107.8458,1774091574454,,,,,,,,,,0.00005,0.00005,,0.00145100,68247.00000000,0.00145000,68247.00000000,0.00144900,1265621.00000000,0.00144800,54577.00000000,0.00144700,1133579.00000000,0.00144600,413898.00000000,0.00144500,585943.00000000,0.00144400,60850.00000000,0.00144300,2026757.00000000,0.00144200,594081.00000000,0.00145300,26294.00000000,0.00145400,565248.00000000,0.00145500,771932.00000000,0.00145600,899528.00000000,0.00145700,438452.00000000,0.00145800,908268.00000000,0.00145900,68159.00000000,0.00146000,569524.00000000,0.00146100,274605.00000000,0.00146200,775464.00000000,0.03208,14,0.03207,125,0.03205,15,0.03204,140,0.03202,15,0.03201,193,0.03198,14,0.03195,140,0.03192,14,0.03189,140,0.03211,14,0.03212,17,0.03215,87,0.03217,140,0.0322,125,0.03223,125,0.03225,15,0.03226,140,0.03228,15,0.03229,140
binance,gate,FUNUSDT,0.00145300,0.03208,2107.8458,1774091574754,,,,,,,,,,0.00005,0.00005,,0.00145100,68247.00000000,0.00145000,68247.00000000,0.00144900,931817.00000000,0.00144800,380795.00000000,0.00144700,766657.00000000,0.00144600,413898.00000000,0.00144500,585943.00000000,0.00144400,60850.00000000,0.00144300,1201981.00000000,0.00144200,594081.00000000,0.00145300,26294.00000000,0.00145400,565248.00000000,0.00145500,771932.00000000,0.00145600,899528.00000000,0.00145700,438452.00000000,0.00145800,908268.00000000,0.00145900,68159.00000000,0.00146000,569524.00000000,0.00146100,274605.00000000,0.00146200,775464.00000000,0.03208,14,0.03207,125,0.03205,15,0.03204,140,0.03202,15,0.03201,193,0.03198,14,0.03195,140,0.03192,14,0.03189,140,0.03211,14,0.03212,17,0.03215,87,0.03217,140,0.0322,125,0.03223,125,0.03225,15,0.03226,140,0.03228,15,0.03229,140
binance,gate,FUNUSDT,0.00145300,0.03208,2107.8458,1774091575054,,,,,,,,,,0.00005,0.00005,,0.00145100,68247.00000000,0.00145000,68247.00000000,0.00144900,931817.00000000,0.00144800,380795.00000000,0.00144700,766657.00000000,0.00144600,413898.00000000,0.00144500,585943.00000000,0.00144400,60850.00000000,0.00144300,1201981.00000000,0.00144200,594081.00000000,0.00145300,26294.00000000,0.00145400,565248.00000000,0.00145500,771932.00000000,0.00145600,899528.00000000,0.00145700,438452.00000000,0.00145800,908268.00000000,0.00145900,68159.00000000,0.00146000,569524.00000000,0.00146100,274605.00000000,0.00146200,775464.00000000,0.03208,14,0.03207,125,0.03205,15,0.03204,140,0.03202,15,0.03201,193,0.03198,14,0.03195,140,0.03192,14,0.03189,140,0.03211,14,0.03212,17,0.03215,87,0.03217,140,0.0322,125,0.03223,125,0.03225,15,0.03226,140,0.03228,15,0.03229,140
binance,gate,FUNUSDT,0.00145300,0.03208,2107.8458,1774091575354,,,,,,,,,,0.00005,0.00005,,0.00145100,68247.00000000,0.00145000,68247.00000000,0.00144900,931817.00000000,0.00144800,380795.00000000,0.00144700,766657.00000000,0.00144600,413898.00000000,0.00144500,585943.00000000,0.00144400,60850.00000000,0.00144300,683910.00000000,0.00144200,594081.00000000,0.00145300,26294.00000000,0.00145400,565248.00000000,0.00145500,771932.00000000,0.00145600,899528.00000000,0.00145700,438452.00000000,0.00145800,908268.00000000,0.00145900,68159.00000000,0.00146000,569524.00000000,0.00146100,274605.00000000,0.00146200,775464.00000000,0.03208,14,0.03207,125,0.03205,15,0.03204,140,0.03202,15,0.03201,193,0.03198,14,0.03195,140,0.03192,14,0.03189,140,0.03211,14,0.03212,17,0.03215,87,0.03217,140,0.0322,125,0.03223,125,0.03225,15,0.03226,140,0.03228,15,0.03229,140
binance,gate,FUNUSDT,0.00145300,0.03208,2107.8458,1774091575654,,,,,,,,,,0.00005,0.00005,,0.00145100,68247.00000000,0.00145000,68247.00000000,0.00144900,931817.00000000,0.00144800,380795.00000000,0.00144700,766657.00000000,0.00144600,413898.00000000,0.00144500,585943.00000000,0.00144400,60850.00000000,0.00144300,683910.00000000,0.00144200,594081.00000000,0.00145300,26294.00000000,0.00145400,565248.00000000,0.00145500,771932.00000000,0.00145600,899528.00000000,0.00145700,438452.00000000,0.00145800,908268.00000000,0.00145900,68159.00000000,0.00146000,569524.00000000,0.00146100,274605.00000000,0.00146200,775464.00000000,0.03208,14,0.03207,125,0.03205,15,0.03204,140,0.03202,15,0.03201,193,0.03198,14,0.03195,140,0.03192,14,0.03189,140,0.03211,14,0.03212,17,0.03215,87,0.03217,140,0.0322,125,0.03223,125,0.03225,15,0.03226,140,0.03228,15,0.03229,140
binance,gate,FUNUSDT,0.00145300,0.03208,2107.8458,1774091575955,,,,,,,,,,0.00005,0.00005,,0.00145100,68247.00000000,0.00145000,68247.00000000,0.00144900,564895.00000000,0.00144800,746839.00000000,0.00144700,766657.00000000,0.00144600,413898.00000000,0.00144500,585943.00000000,0.00144400,60850.00000000,0.00144300,683910.00000000,0.00144200,594081.00000000,0.00145300,26294.00000000,0.00145400,565248.00000000,0.00145500,771932.00000000,0.00145600,899528.00000000,0.00145700,438452.00000000,0.00145800,908268.00000000,0.00145900,68159.00000000,0.00146000,569524.00000000,0.00146100,274605.00000000,0.00146200,775464.00000000,0.03208,14,0.03207,125,0.03205,15,0.03204,140,0.03202,15,0.03201,193,0.03198,14,0.03195,140,0.03192,14,0.03189,140,0.03211,14,0.03212,17,0.03215,87,0.03217,140,0.0322,125,0.03223,125,0.03225,15,0.03226,140,0.03228,15,0.03229,140
binance,gate,FUNUSDT,0.00145300,0.03208,2107.8458,1774091576255,,,,,,,,,,0.00005,0.00005,,0.00145100,68247.00000000,0.00145000,68247.00000000,0.00144900,564895.00000000,0.00144800,746839.00000000,0.00144700,766657.00000000,0.00144600,413898.00000000,0.00144500,585943.00000000,0.00144400,60850.00000000,0.00144300,683910.00000000,0.00144200,594081.00000000,0.00145300,26294.00000000,0.00145400,565248.00000000,0.00145500,771932.00000000,0.00145600,899528.00000000,0.00145700,438452.00000000,0.00145800,908268.00000000,0.00145900,68159.00000000,0.00146000,569524.00000000,0.00146100,274605.00000000,0.00146200,775464.00000000,0.03208,14,0.03207,125,0.03205,15,0.03204,140,0.03202,15,0.03201,193,0.03198,14,0.03195,140,0.03192,14,0.03189,140,0.03211,14,0.03212,17,0.03215,87,0.03217,140,0.0322,125,0.03223,125,0.03225,15,0.03226,140,0.03228,15,0.03229,140
binance,gate,FUNUSDT,0.00145300,0.03208,2107.8458,1774091576555,,,,,,,,,,0.00005,0.00005,,0.00145100,68247.00000000,0.00145000,68247.00000000,0.00144900,564895.00000000,0.00144800,746839.00000000,0.00144700,560491.00000000,0.00144600,413898.00000000,0.00144500,585943.00000000,0.00144400,60850.00000000,0.00144300,683910.00000000,0.00144200,594081.00000000,0.00145300,26294.00000000,0.00145400,565248.00000000,0.00145500,771932.00000000,0.00145600,689694.00000000,0.00145700,438452.00000000,0.00145800,908268.00000000,0.00145900,68159.00000000,0.00146000,569524.00000000,0.00146100,274605.00000000,0.00146200,775464.00000000,0.03208,14,0.03207,125,0.03205,15,0.03204,140,0.03202,15,0.03201,193,0.03198,14,0.03195,140,0.03192,14,0.03189,140,0.03211,14,0.03212,17,0.03215,87,0.03217,140,0.0322,125,0.03223,125,0.03225,15,0.03226,140,0.03228,15,0.03229,140
binance,gate,FUNUSDT,0.00145300,0.03208,2107.8458,1774091576855,,,,,,,,,,0.00005,0.00005,,0.00145100,68247.00000000,0.00145000,68247.00000000,0.00144900,564895.00000000,0.00144800,746839.00000000,0.00144700,560491.00000000,0.00144600,413898.00000000,0.00144500,585943.00000000,0.00144400,60850.00000000,0.00144300,683910.00000000,0.00144200,594081.00000000,0.00145300,26294.00000000,0.00145400,565248.00000000,0.00145500,771932.00000000,0.00145600,689694.00000000,0.00145700,438452.00000000,0.00145800,908268.00000000,0.00145900,68159.00000000,0.00146000,569524.00000000,0.00146100,274605.00000000,0.00146200,775464.00000000,0.03208,14,0.03207,125,0.03205,15,0.03204,140,0.03202,15,0.03201,193,0.03198,14,0.03195,140,0.03192,14,0.03189,140,0.03211,14,0.03212,17,0.03215,87,0.03217,140,0.0322,125,0.03223,125,0.03225,15,0.03226,140,0.03228,15,0.03229,140
binance,gate,FUNUSDT,0.00145300,0.03208,2107.8458,1774091577156,,,,,,,,,,0.00005,0.00005,,0.00145100,68247.00000000,0.00145000,68247.00000000,0.00144900,564895.00000000,0.00144800,950229.00000000,0.00144700,560491.00000000,0.00144600,413898.00000000,0.00144500,585943.00000000,0.00144400,60850.00000000,0.00144300,683910.00000000,0.00144200,594081.00000000,0.00145300,26294.00000000,0.00145400,565248.00000000,0.00145500,974776.00000000,0.00145600,689694.00000000,0.00145700,438452.00000000,0.00145800,908268.00000000,0.00145900,68159.00000000,0.00146000,569524.00000000,0.00146100,274605.00000000,0.00146200,775464.00000000,0.03208,14,0.03207,125,0.03205,15,0.03204,140,0.03202,15,0.03201,193,0.03198,14,0.03195,140,0.03192,14,0.03189,140,0.03211,14,0.03212,17,0.03215,87,0.03217,140,0.0322,125,0.03223,125,0.03225,15,0.03226,140,0.03228,15,0.03229,140
binance,gate,FUNUSDT,0.00145300,0.03208,2107.8458,1774091577456,,,,,,,,,,0.00005,0.00005,,0.00145100,68247.00000000,0.00145000,68247.00000000,0.00144900,564895.00000000,0.00144800,950229.00000000,0.00144700,560491.00000000,0.00144600,413898.00000000,0.00144500,585943.00000000,0.00144400,60850.00000000,0.00144300,683910.00000000,0.00144200,594081.00000000,0.00145300,26294.00000000,0.00145400,565248.00000000,0.00145500,974776.00000000,0.00145600,689694.00000000,0.00145700,438452.00000000,0.00145800,908268.00000000,0.00145900,68159.00000000,0.00146000,569524.00000000,0.00146100,274605.00000000,0.00146200,775464.00000000,0.03208,14,0.03207,125,0.03205,15,0.03204,140,0.03202,15,0.03201,193,0.03198,14,0.03195,140,0.03192,14,0.03189,140,0.03211,14,0.03212,17,0.03215,87,0.03217,140,0.0322,125,0.03223,125,0.03225,15,0.03226,140,0.03228,15,0.03229,140
binance,gate,FUNUSDT,0.00145300,0.03208,2107.8458,1774091577756,,,,,,,,,,0.00005,0.00005,,0.00145100,68247.00000000,0.00145000,68247.00000000,0.00144900,564895.00000000,0.00144800,950229.00000000,0.00144700,560491.00000000,0.00144600,413898.00000000,0.00144500,585943.00000000,0.00144400,60850.00000000,0.00144300,683910.00000000,0.00144200,594081.00000000,0.00145300,26294.00000000,0.00145400,565248.00000000,0.00145500,974776.00000000,0.00145600,689694.00000000,0.00145700,438452.00000000,0.00145800,908268.00000000,0.00145900,68159.00000000,0.00146000,569524.00000000,0.00146100,274605.00000000,0.00146200,775464.00000000,0.03208,14,0.03207,125,0.03205,15,0.03204,140,0.03202,15,0.03201,193,0.03198,14,0.03195,140,0.03192,14,0.03189,140,0.03211,14,0.03212,17,0.03215,87,0.03217,140,0.0322,125,0.03223,125,0.03225,15,0.03226,140,0.03228,15,0.03229,140
binance,gate,FUNUSDT,0.00145300,0.03208,2107.8458,1774091578057,,,,,,,,,,0.00005,0.00005,,0.00145100,68247.00000000,0.00145000,68247.00000000,0.00144900,564895.00000000,0.00144800,950229.00000000,0.00144700,560491.00000000,0.00144600,413898.00000000,0.00144500,585943.00000000,0.00144400,60850.00000000,0.00144300,683910.00000000,0.00144200,594081.00000000,0.00145300,26294.00000000,0.00145400,565248.00000000,0.00145500,974776.00000000,0.00145600,689694.00000000,0.00145700,438452.00000000,0.00145800,908268.00000000,0.00145900,68159.00000000,0.00146000,569524.00000000,0.00146100,274605.00000000,0.00146200,775464.00000000,0.03208,14,0.03207,125,0.03205,15,0.03204,140,0.03202,15,0.03201,193,0.03198,14,0.03195,140,0.03192,14,0.03189,140,0.03211,14,0.03212,17,0.03215,87,0.03217,140,0.0322,125,0.03223,125,0.03225,15,0.03226,140,0.03228,15,0.03229,140
binance,gate,FUNUSDT,0.00145300,0.03208,2107.8458,1774091578357,,,,,,,,,,0.00005,0.00005,,0.00145100,68247.00000000,0.00145000,68247.00000000,0.00144900,564895.00000000,0.00144800,950229.00000000,0.00144700,560491.00000000,0.00144600,413898.00000000,0.00144500,585943.00000000,0.00144400,60850.00000000,0.00144300,683910.00000000,0.00144200,594081.00000000,0.00145300,26294.00000000,0.00145400,565248.00000000,0.00145500,974776.00000000,0.00145600,689694.00000000,0.00145700,438452.00000000,0.00145800,908268.00000000,0.00145900,68159.00000000,0.00146000,569524.00000000,0.00146100,274605.00000000,0.00146200,775464.00000000,0.03208,14,0.03207,125,0.03205,15,0.03204,140,0.03202,15,0.03201,193,0.03198,14,0.03195,140,0.03192,14,0.03189,140,0.03211,14,0.03212,17,0.03215,87,0.03217,140,0.0322,125,0.03223,125,0.03225,15,0.03226,140,0.03228,15,0.03229,140
binance,gate,FUNUSDT,0.00145300,0.03208,2107.8458,1774091578657,,,,,,,,,,0.00005,0.00005,,0.00145100,68247.00000000,0.00145000,68247.00000000,0.00144900,564895.00000000,0.00144800,950229.00000000,0.00144700,560491.00000000,0.00144600,413898.00000000,0.00144500,585943.00000000,0.00144400,60850.00000000,0.00144300,683910.00000000,0.00144200,594081.00000000,0.00145300,26294.00000000,0.00145400,565248.00000000,0.00145500,974776.00000000,0.00145600,689694.00000000,0.00145700,438452.00000000,0.00145800,908268.00000000,0.00145900,68159.00000000,0.00146000,569524.00000000,0.00146100,274605.00000000,0.00146200,775464.00000000,0.03208,14,0.03207,125,0.03205,15,0.03204,140,0.03202,15,0.03201,193,0.03198,14,0.03195,140,0.03192,14,0.03189,140,0.03211,14,0.03212,17,0.03215,87,0.03217,140,0.0322,125,0.03223,125,0.03225,15,0.03226,140,0.03228,15,0.03229,140
binance,gate,FUNUSDT,0.00145300,0.03208,2107.8458,1774091578957,,,,,,,,,,0.00005,0.00005,,0.00145100,68247.00000000,0.00145000,68247.00000000,0.00144900,564895.00000000,0.00144800,950229.00000000,0.00144700,560491.00000000,0.00144600,413898.00000000,0.00144500,585943.00000000,0.00144400,60850.00000000,0.00144300,683910.00000000,0.00144200,594081.00000000,0.00145300,26294.00000000,0.00145400,565248.00000000,0.00145500,974776.00000000,0.00145600,689694.00000000,0.00145700,438452.00000000,0.00145800,908268.00000000,0.00145900,68159.00000000,0.00146000,569524.00000000,0.00146100,274605.00000000,0.00146200,775464.00000000,0.03208,14,0.03207,125,0.03205,15,0.03204,140,0.03202,15,0.03201,193,0.03198,14,0.03195,140,0.03192,14,0.03189,140,0.03211,14,0.03212,17,0.03215,87,0.03217,140,0.0322,125,0.03223,125,0.03225,15,0.03226,140,0.03228,15,0.03229,140
binance,gate,FUNUSDT,0.00145300,0.03208,2107.8458,1774091579257,,,,,,,,,,0.00005,0.00005,,0.00145100,68247.00000000,0.00145000,68247.00000000,0.00144900,564895.00000000,0.00144800,950229.00000000,0.00144700,560491.00000000,0.00144600,413898.00000000,0.00144500,585943.00000000,0.00144400,60850.00000000,0.00144300,683910.00000000,0.00144200,594081.00000000,0.00145300,26294.00000000,0.00145400,565248.00000000,0.00145500,974776.00000000,0.00145600,689694.00000000,0.00145700,438452.00000000,0.00145800,908268.00000000,0.00145900,68159.00000000,0.00146000,569524.00000000,0.00146100,274605.00000000,0.00146200,775464.00000000,0.03208,14,0.03207,125,0.03205,15,0.03204,140,0.03202,15,0.03201,193,0.03198,14,0.03195,140,0.03192,14,0.03189,140,0.03211,14,0.03212,17,0.03215,87,0.03217,140,0.0322,125,0.03223,125,0.03225,15,0.03226,140,0.03228,15,0.03229,140
binance,gate,FUNUSDT,0.00145300,0.03208,2107.8458,1774091579557,,,,,,,,,,0.00005,0.00005,,0.00145100,68247.00000000,0.00145000,68247.00000000,0.00144900,564895.00000000,0.00144800,950229.00000000,0.00144700,560491.00000000,0.00144600,413898.00000000,0.00144500,585943.00000000,0.00144400,60850.00000000,0.00144300,683910.00000000,0.00144200,594081.00000000,0.00145300,26294.00000000,0.00145400,565248.00000000,0.00145500,974776.00000000,0.00145600,689694.00000000,0.00145700,438452.00000000,0.00145800,908268.00000000,0.00145900,68159.00000000,0.00146000,569524.00000000,0.00146100,274605.00000000,0.00146200,775464.00000000,0.03208,14,0.03207,125,0.03205,15,0.03204,140,0.03202,15,0.03201,193,0.03198,14,0.03195,140,0.03192,14,0.03189,140,0.03211,14,0.03212,17,0.03215,87,0.03217,140,0.0322,125,0.03223,125,0.03225,15,0.03226,140,0.03228,15,0.03229,140
binance,gate,FUNUSDT,0.00145300,0.03208,2107.8458,1774091579857,,,,,,,,,,0.00005,0.00005,,0.00145100,68247.00000000,0.00145000,68247.00000000,0.00144900,564895.00000000,0.00144800,950229.00000000,0.00144700,560491.00000000,0.00144600,413898.00000000,0.00144500,585943.00000000,0.00144400,60850.00000000,0.00144300,683910.00000000,0.00144200,594081.00000000,0.00145300,26294.00000000,0.00145400,565248.00000000,0.00145500,974776.00000000,0.00145600,689694.00000000,0.00145700,438452.00000000,0.00145800,908268.00000000,0.00145900,68159.00000000,0.00146000,569524.00000000,0.00146100,274605.00000000,0.00146200,775464.00000000,0.03208,14,0.03207,125,0.03205,15,0.03204,140,0.03202,15,0.03201,193,0.03198,14,0.03195,140,0.03192,14,0.03189,140,0.03211,14,0.03212,17,0.03215,87,0.03217,140,0.0322,125,0.03223,125,0.03225,15,0.03226,140,0.03228,15,0.03229,140
binance,gate,FUNUSDT,0.00145300,0.03208,2107.8458,1774091580158,,,,,,,,,,0.00005,0.00005,,0.00145100,68247.00000000,0.00145000,68247.00000000,0.00144900,564895.00000000,0.00144800,950229.00000000,0.00144700,926572.00000000,0.00144600,413898.00000000,0.00144500,585943.00000000,0.00144400,60850.00000000,0.00144300,683910.00000000,0.00144200,594081.00000000,0.00145300,26294.00000000,0.00145400,565248.00000000,0.00145500,974776.00000000,0.00145600,689694.00000000,0.00145700,764740.00000000,0.00145800,565134.00000000,0.00145900,68159.00000000,0.00146000,569524.00000000,0.00146100,274605.00000000,0.00146200,775464.00000000,0.03208,14,0.03207,125,0.03205,15,0.03204,140,0.03202,15,0.03201,193,0.03198,14,0.03195,140,0.03192,14,0.03189,140,0.03211,14,0.03212,17,0.03215,87,0.03217,140,0.0322,125,0.03223,125,0.03225,15,0.03226,140,0.03228,15,0.03229,140
binance,gate,FUNUSDT,0.00145300,0.03208,2107.8458,1774091580462,,,,,,,,,,0.00005,0.00005,,0.00145100,68247.00000000,0.00145000,68247.00000000,0.00144900,564895.00000000,0.00144800,950229.00000000,0.00144700,926572.00000000,0.00144600,413898.00000000,0.00144500,585943.00000000,0.00144400,60850.00000000,0.00144300,683910.00000000,0.00144200,594081.00000000,0.00145300,26294.00000000,0.00145400,565248.00000000,0.00145500,974776.00000000,0.00145600,689694.00000000,0.00145700,764740.00000000,0.00145800,565134.00000000,0.00145900,68159.00000000,0.00146000,569524.00000000,0.00146100,274605.00000000,0.00146200,775464.00000000,0.03208,14,0.03207,125,0.03205,15,0.03204,140,0.03202,15,0.03201,193,0.03198,14,0.03195,140,0.03192,14,0.03189,140,0.03212,15,0.03215,87,0.03217,140,0.0322,125,0.03223,125,0.03225,15,0.03226,140,0.03228,15,0.03229,140,0.03231,14
binance,gate,FUNUSDT,0.00145300,0.03208,2107.8458,1774091580768,,,,,,,,,,0.00005,0.00005,,0.00145100,68247.00000000,0.00145000,68247.00000000,0.00144900,564895.00000000,0.00144800,950229.00000000,0.00144700,926572.00000000,0.00144600,413898.00000000,0.00144500,585943.00000000,0.00144400,60850.00000000,0.00144300,1498955.00000000,0.00144200,594081.00000000,0.00145300,26294.00000000,0.00145400,565248.00000000,0.00145500,974776.00000000,0.00145600,689694.00000000,0.00145700,764740.00000000,0.00145800,565134.00000000,0.00145900,68159.00000000,0.00146000,569524.00000000,0.00146100,274605.00000000,0.00146200,775464.00000000,0.03208,14,0.03207,125,0.03205,15,0.03204,140,0.03202,15,0.03201,193,0.03198,14,0.03195,140,0.03192,14,0.03189,140,0.03212,15,0.03215,87,0.03217,140,0.0322,125,0.03223,125,0.03225,15,0.03226,140,0.03228,15,0.03229,140,0.03231,14
binance,gate,FUNUSDT,0.00145500,0.03208,2104.811,1774091581068,,,,,,,,,,0.00005,0.00005,,0.00145100,68247.00000000,0.00145000,68247.00000000,0.00144900,930985.00000000,0.00144800,584185.00000000,0.00144700,926572.00000000,0.00144600,413898.00000000,0.00144500,585943.00000000,0.00144400,60850.00000000,0.00144300,1498955.00000000,0.00144200,594081.00000000,0.00145500,444917.00000000,0.00145600,1015993.00000000,0.00145700,764740.00000000,0.00145800,565134.00000000,0.00145900,68159.00000000,0.00146000,569524.00000000,0.00146100,274605.00000000,0.00146200,775464.00000000,0.00146300,1041578.00000000,0.00146400,1320810.00000000,0.03208,14,0.03207,125,0.03205,15,0.03204,140,0.03202,15,0.03201,193,0.03198,14,0.03195,140,0.03192,14,0.03189,140,0.03212,15,0.03215,87,0.03217,140,0.0322,125,0.03223,125,0.03225,15,0.03226,140,0.03228,15,0.03229,140,0.03231,14
binance,gate,FUNUSDT,0.00145500,0.03208,2104.811,1774091581369,,,,,,,,,,0.00005,0.00005,,0.00145100,68247.00000000,0.00145000,68247.00000000,0.00144900,930985.00000000,0.00144800,584185.00000000,0.00144700,926572.00000000,0.00144600,413898.00000000,0.00144500,585943.00000000,0.00144400,60850.00000000,0.00144300,1498955.00000000,0.00144200,594081.00000000,0.00145500,444917.00000000,0.00145600,1015993.00000000,0.00145700,764740.00000000,0.00145800,565134.00000000,0.00145900,68159.00000000,0.00146000,569524.00000000,0.00146100,274605.00000000,0.00146200,775464.00000000,0.00146300,1041578.00000000,0.00146400,1320810.00000000,0.03208,14,0.03207,125,0.03205,15,0.03204,140,0.03202,15,0.03201,193,0.03198,14,0.03195,140,0.03192,14,0.03189,140,0.03212,15,0.03215,87,0.03217,140,0.0322,125,0.03223,125,0.03225,15,0.03226,140,0.03228,15,0.03229,140,0.03231,14
binance,gate,FUNUSDT,0.00145500,0.03208,2104.811,1774091581669,,,,,,,,,,0.00005,0.00005,,0.00145100,68247.00000000,0.00145000,68247.00000000,0.00144900,930985.00000000,0.00144800,584185.00000000,0.00144700,926572.00000000,0.00144600,413898.00000000,0.00144500,585943.00000000,0.00144400,60850.00000000,0.00144300,2017026.00000000,0.00144200,594081.00000000,0.00145500,444917.00000000,0.00145600,1015993.00000000,0.00145700,764740.00000000,0.00145800,565134.00000000,0.00145900,68159.00000000,0.00146000,569524.00000000,0.00146100,274605.00000000,0.00146200,775464.00000000,0.00146300,1041578.00000000,0.00146400,1320810.00000000,0.03208,14,0.03207,125,0.03205,15,0.03204,140,0.03202,15,0.03201,193,0.03198,14,0.03195,140,0.03192,14,0.03189,140,0.03212,15,0.03215,87,0.03217,140,0.0322,125,0.03223,125,0.03225,15,0.03226,140,0.03228,15,0.03229,140,0.03231,14
binance,gate,FUNUSDT,0.00145500,0.03208,2104.811,1774091581969,,,,,,,,,,0.00005,0.00005,,0.00145100,68247.00000000,0.00145000,68247.00000000,0.00144900,930985.00000000,0.00144800,584185.00000000,0.00144700,926572.00000000,0.00144600,413898.00000000,0.00144500,585943.00000000,0.00144400,60850.00000000,0.00144300,2017026.00000000,0.00144200,594081.00000000,0.00145500,444917.00000000,0.00145600,1223025.00000000,0.00145700,764740.00000000,0.00145800,565134.00000000,0.00145900,68159.00000000,0.00146000,569524.00000000,0.00146100,274605.00000000,0.00146200,775464.00000000,0.00146300,1041578.00000000,0.00146400,1320810.00000000,0.03208,14,0.03207,125,0.03205,15,0.03204,140,0.03202,15,0.03201,193,0.03198,14,0.03195,140,0.03192,14,0.03189,140,0.03212,15,0.03215,87,0.03217,140,0.0322,125,0.03223,125,0.03225,15,0.03226,140,0.03228,15,0.03229,140,0.03231,14
binance,gate,FUNUSDT,0.00145700,0.03208,2101.7845,1774091582270,,,,,,,,,,0.00005,0.00005,,0.00145400,68514.00000000,0.00145300,707679.00000000,0.00145200,68514.00000000,0.00145100,759930.00000000,0.00145000,68247.00000000,0.00144900,930985.00000000,0.00144800,598122.00000000,0.00144700,916845.00000000,0.00144600,345560.00000000,0.00144500,496895.00000000,0.00145700,79296.00000000,0.00145800,885675.00000000,0.00145900,434361.00000000,0.00146000,895361.00000000,0.00146100,68342.00000000,0.00146200,582652.00000000,0.00146300,1608897.00000000,0.00146400,1389324.00000000,0.00146500,587384.00000000,0.00146600,222658.00000000,0.03208,14,0.03207,125,0.03205,15,0.03204,140,0.03202,15,0.03201,193,0.03198,14,0.03195,140,0.03192,14,0.03189,140,0.03212,15,0.03215,87,0.03217,140,0.0322,125,0.03223,125,0.03225,15,0.03226,140,0.03228,15,0.03229,140,0.03231,14
