spot_exch,fut_exch,symbol,ask_spot,bid_futures,spread_pct,ts,s_b1,s_b2,s_b3,s_b4,s_b5,s_b6,s_b7,s_b8,s_b9,s_b10,s_bq1,s_bq2,s_bq3,s_bq4,s_bq5,s_bq6,s_bq7,s_bq8,s_bq9,s_bq10,s_a1,s_a2,s_a3,s_a4,s_a5,s_a6,s_a7,s_a8,s_a9,s_a10,s_aq1,s_aq2,s_aq3,s_aq4,s_aq5,s_aq6,s_aq7,s_aq8,s_aq9,s_aq10,f_b1,f_b2,f_b3,f_b4,f_b5,f_b6,f_b7,f_b8,f_b9,f_b10,f_bq1,f_bq2,f_bq3,f_bq4,f_bq5,f_bq6,f_bq7,f_bq8,f_bq9,f_bq10,f_a1,f_a2,f_a3,f_a4,f_a5,f_a6,f_a7,f_a8,f_a9,f_a10,f_aq1,f_aq2,f_aq3,f_aq4,f_aq5,f_aq6,f_aq7,f_aq8,f_aq9,f_aq10
binance,bybit,RDNTUSDT,0.00609000,0.006136,0.7553,1774107038000,0.00607000,80260.00000000,0.00606000,159891.00000000,0.00605000,348129.00000000,0.00604000,264725.00000000,0.00603000,177232.00000000,0.00602000,271331.00000000,0.00601000,117081.00000000,0.00600000,198458.00000000,0.00599000,119677.00000000,0.00598000,801870.00000000,0.00609000,102251.00000000,0.00610000,146453.00000000,0.00611000,96906.00000000,0.00612000,270898.00000000,0.00613000,141602.00000000,0.00614000,70231.00000000,0.00615000,103359.00000000,0.00616000,118271.00000000,0.00617000,61698.00000000,0.00618000,110830.00000000,0.006133,7921,0.006130,131421,0.006129,113,0.006126,2036,0.006124,4369,0.006122,12878,0.006121,78135,0.006120,52081,0.006119,15174,0.006118,115297,0.006138,20594,0.006139,11558,0.006140,42479,0.006144,10000,0.006145,10000,0.006146,42374,0.006147,43057,0.006148,2143,0.006150,20129,0.006151,62538
binance,bybit,RDNTUSDT,0.00609000,0.006131,0.6732,1774107039000,0.00607000,73846.00000000,0.00606000,159849.00000000,0.00605000,460888.00000000,0.00604000,151779.00000000,0.00603000,177232.00000000,0.00602000,271331.00000000,0.00601000,117081.00000000,0.00600000,223452.00000000,0.00599000,119677.00000000,0.00598000,801870.00000000,0.00609000,90237.00000000,0.00610000,146453.00000000,0.00611000,96906.00000000,0.00612000,245496.00000000,0.00613000,171716.00000000,0.00614000,70231.00000000,0.00615000,98631.00000000,0.00616000,116250.00000000,0.00617000,86253.00000000,0.00618000,110830.00000000,0.006136,6699,0.006133,4302,0.006131,48933,0.006130,131421,0.006129,113,0.006128,5142,0.006124,38767,0.006123,17509,0.006122,14284,0.006121,27036,0.006138,10499,0.006141,32568,0.006142,42781,0.006143,51427,0.006144,10000,0.006145,10000,0.006146,33545,0.006147,5035,0.006148,140499,0.006149,16263
binance,bybit,RDNTUSDT,0.00610000,0.006138,0.623,1774107040000,0.00608000,31051.00000000,0.00607000,104897.00000000,0.00606000,210778.00000000,0.00605000,379180.00000000,0.00604000,292799.00000000,0.00603000,128753.00000000,0.00602000,291780.00000000,0.00601000,117081.00000000,0.00600000,200124.00000000,0.00599000,211803.00000000,0.00610000,75245.00000000,0.00611000,96906.00000000,0.00612000,137418.00000000,0.00613000,279895.00000000,0.00614000,70231.00000000,0.00615000,98631.00000000,0.00616000,116250.00000000,0.00617000,83738.00000000,0.00618000,136363.00000000,0.00619000,48980.00000000,0.006138,88258,0.006134,3910,0.006133,52168,0.006132,170132,0.006130,53033,0.006129,113,0.006127,4588,0.006126,37532,0.006125,9733,0.006124,12,0.006144,10000,0.006145,10000,0.006146,18641,0.006147,54859,0.006148,139187,0.006149,9785,0.006150,38925,0.006151,158241,0.006152,2442,0.006153,88198
binance,bybit,RDNTUSDT,0.00608000,0.006132,0.8553,1774107041000,0.00607000,3916.00000000,0.00606000,90251.00000000,0.00605000,300095.00000000,0.00604000,317321.00000000,0.00603000,150964.00000000,0.00602000,291780.00000000,0.00601000,192023.00000000,0.00600000,225423.00000000,0.00599000,188496.00000000,0.00598000,866108.00000000,0.00608000,21063.00000000,0.00609000,96182.00000000,0.00610000,95054.00000000,0.00611000,126138.00000000,0.00612000,245919.00000000,0.00613000,141737.00000000,0.00614000,70231.00000000,0.00615000,98631.00000000,0.00616000,116250.00000000,0.00617000,83738.00000000,0.006132,64190,0.006130,53033,0.006129,113,0.006128,1447,0.006124,45185,0.006121,39497,0.006120,41780,0.006119,8010,0.006118,32690,0.006117,49472,0.006133,19974,0.006137,3817,0.006138,10000,0.006140,3717,0.006141,59751,0.006142,9480,0.006143,77391,0.006144,16056,0.006145,28859,0.006146,37534
binance,bybit,RDNTUSDT,0.00607000,0.00613,0.9885,1774107042000,0.00606000,95224.00000000,0.00605000,190207.00000000,0.00604000,252294.00000000,0.00603000,263814.00000000,0.00602000,307473.00000000,0.00601000,253449.00000000,0.00600000,200124.00000000,0.00599000,240579.00000000,0.00598000,933229.00000000,0.00597000,324846.00000000,0.00608000,83491.00000000,0.00609000,83356.00000000,0.00610000,197377.00000000,0.00611000,171094.00000000,0.00612000,232252.00000000,0.00613000,89651.00000000,0.00614000,70231.00000000,0.00615000,61150.00000000,0.00616000,90127.00000000,0.00617000,59183.00000000,0.006127,2295,0.006124,12,0.006119,84,0.006118,36259,0.006117,2377,0.006116,84063,0.006115,44137,0.006114,26274,0.006113,42838,0.006112,44092,0.006133,56374,0.006135,32600,0.006136,7727,0.006137,40833,0.006141,21604,0.006142,62513,0.006143,21948,0.006144,15296,0.006145,65773,0.006146,43663
binance,bybit,RDNTUSDT,0.00607000,0.006114,0.7249,1774107043000,0.00605000,99149.00000000,0.00604000,149253.00000000,0.00603000,227280.00000000,0.00602000,365135.00000000,0.00601000,357641.00000000,0.00600000,205987.00000000,0.00599000,209621.00000000,0.00598000,929017.00000000,0.00597000,316327.00000000,0.00596000,69079.00000000,0.00607000,70715.00000000,0.00608000,105060.00000000,0.00609000,330765.00000000,0.00610000,244359.00000000,0.00611000,171079.00000000,0.00612000,124679.00000000,0.00613000,129792.00000000,0.00614000,57956.00000000,0.00615000,61150.00000000,0.00616000,63786.00000000,0.006119,500000,0.006118,27025,0.006114,52389,0.006113,16861,0.006112,32722,0.006111,38834,0.006110,4562,0.006109,2513,0.006108,2194,0.006107,85345,0.006125,2867,0.006126,14308,0.006127,21552,0.006128,3924,0.006129,1496,0.006130,12573,0.006131,7074,0.006132,12539,0.006133,139607,0.006134,2442
binance,bybit,RDNTUSDT,0.00608000,0.006123,0.7072,1774107044000,0.00605000,90445.00000000,0.00604000,91288.00000000,0.00603000,172717.00000000,0.00602000,405918.00000000,0.00601000,269292.00000000,0.00600000,176612.00000000,0.00599000,182251.00000000,0.00598000,859938.00000000,0.00597000,392092.00000000,0.00596000,62809.00000000,0.00607000,79208.00000000,0.00608000,100216.00000000,0.00609000,337416.00000000,0.00610000,213289.00000000,0.00611000,171079.00000000,0.00612000,125996.00000000,0.00613000,129792.00000000,0.00614000,57956.00000000,0.00615000,61150.00000000,0.00616000,63786.00000000,0.006123,6380,0.006122,8366,0.006121,9469,0.006120,25049,0.006119,496060,0.006118,2447,0.006115,46699,0.006113,4814,0.006112,40630,0.006111,13815,0.006129,29580,0.006131,10000,0.006132,11876,0.006133,135697,0.006136,28664,0.006137,35999,0.006140,2442,0.006142,113,0.006143,30955,0.006144,32351
binance,bybit,RDNTUSDT,0.00604000,0.006095,0.9106,1774107045000,0.00603000,79208.00000000,0.00602000,267697.00000000,0.00601000,231846.00000000,0.00600000,316068.00000000,0.00599000,183537.00000000,0.00598000,939146.00000000,0.00597000,391998.00000000,0.00596000,62809.00000000,0.00595000,200019.00000000,0.00594000,50000.00000000,0.00605000,35503.00000000,0.00606000,107229.00000000,0.00607000,210440.00000000,0.00608000,180260.00000000,0.00609000,335014.00000000,0.00610000,102651.00000000,0.00611000,152640.00000000,0.00612000,124794.00000000,0.00613000,85124.00000000,0.00614000,34295.00000000,0.006096,16404,0.006095,27405,0.006094,237402,0.006092,30826,0.006091,1843,0.006090,1386,0.006089,111433,0.006088,3100,0.006087,10097,0.006086,130837,0.006102,4357,0.006110,22120,0.006111,3259,0.006113,3982,0.006114,27169,0.006115,113,0.006116,1695,0.006117,32838,0.006118,10000,0.006119,6381
binance,bybit,RDNTUSDT,0.00605000,0.006092,0.6942,1774107046000,0.00603000,69012.00000000,0.00602000,83450.00000000,0.00601000,236041.00000000,0.00600000,456318.00000000,0.00599000,158251.00000000,0.00598000,971497.00000000,0.00597000,244006.00000000,0.00596000,143175.00000000,0.00595000,263397.00000000,0.00594000,66973.00000000,0.00605000,139395.00000000,0.00606000,111774.00000000,0.00607000,240766.00000000,0.00608000,180260.00000000,0.00609000,309634.00000000,0.00610000,133668.00000000,0.00611000,152640.00000000,0.00612000,118140.00000000,0.00613000,59114.00000000,0.00614000,34295.00000000,0.006092,480486,0.006091,1843,0.006090,1386,0.006089,1913,0.006088,14017,0.006087,10097,0.006086,107467,0.006083,27440,0.006082,10518,0.006081,54012,0.006097,102457,0.006101,3259,0.006106,41770,0.006108,4131,0.006109,30663,0.006110,27442,0.006114,6381,0.006115,30667,0.006117,11147,0.006118,39889
binance,bybit,RDNTUSDT,0.00604000,0.006083,0.7119,1774107047000,0.00602000,1492.00000000,0.00601000,103861.00000000,0.00600000,311747.00000000,0.00599000,269969.00000000,0.00598000,1096549.00000000,0.00597000,197786.00000000,0.00596000,263955.00000000,0.00595000,315480.00000000,0.00594000,146181.00000000,0.00593000,64108.00000000,0.00604000,114081.00000000,0.00605000,133049.00000000,0.00606000,145994.00000000,0.00607000,315865.00000000,0.00608000,97411.00000000,0.00609000,284232.00000000,0.00610000,133668.00000000,0.00611000,117053.00000000,0.00612000,94937.00000000,0.00613000,61629.00000000,0.006075,199,0.006074,35570,0.006073,28018,0.006072,42698,0.006071,49267,0.006070,116474,0.006068,14608,0.006067,19228,0.006066,60372,0.006065,60776,0.006085,27524,0.006089,99601,0.006090,56784,0.006091,10000,0.006092,11864,0.006093,35731,0.006095,3982,0.006096,56965,0.006097,119469,0.006100,5118
binance,bybit,RDNTUSDT,0.00603000,0.006077,0.7794,1774107048000,0.00602000,79208.00000000,0.00601000,67865.00000000,0.00600000,253855.00000000,0.00599000,269092.00000000,0.00598000,1068910.00000000,0.00597000,148038.00000000,0.00596000,290532.00000000,0.00595000,257245.00000000,0.00594000,146181.00000000,0.00593000,117545.00000000,0.00603000,34628.00000000,0.00604000,140292.00000000,0.00605000,101948.00000000,0.00606000,168054.00000000,0.00607000,293534.00000000,0.00608000,97411.00000000,0.00609000,284232.00000000,0.00610000,133668.00000000,0.00611000,117053.00000000,0.00612000,94937.00000000,0.006077,51339,0.006076,211192,0.006075,3829,0.006072,26192,0.006071,31661,0.006070,1844,0.006068,28796,0.006066,1179,0.006065,34349,0.006064,4357,0.006083,8030,0.006084,3253,0.006085,3259,0.006086,5060,0.006087,10113,0.006088,7915,0.006089,33274,0.006090,1969,0.006091,2269,0.006092,56786
binance,bybit,RDNTUSDT,0.00607000,0.006095,0.4119,1774107049000,0.00604000,148694.00000000,0.00603000,243312.00000000,0.00602000,244337.00000000,0.00601000,184618.00000000,0.00600000,306572.00000000,0.00599000,139379.00000000,0.00598000,146384.00000000,0.00597000,939150.00000000,0.00596000,263955.00000000,0.00595000,284370.00000000,0.00607000,116130.00000000,0.00608000,118199.00000000,0.00609000,297427.00000000,0.00610000,145882.00000000,0.00611000,135070.00000000,0.00612000,91421.00000000,0.00613000,89615.00000000,0.00614000,80501.00000000,0.00615000,48980.00000000,0.00616000,50949.00000000,0.006095,2743,0.006094,26067,0.006093,11151,0.006092,37119,0.006091,10516,0.006090,52864,0.006089,44530,0.006088,31839,0.006087,35332,0.006086,45850,0.006107,9825,0.006108,2447,0.006109,16369,0.006110,34905,0.006112,6930,0.006113,27638,0.006115,4540,0.006116,30206,0.006117,12339,0.006118,3610
binance,bybit,RDNTUSDT,0.00607000,0.006093,0.3789,1774107050000,0.00605000,87729.00000000,0.00604000,144383.00000000,0.00603000,216911.00000000,0.00602000,294637.00000000,0.00601000,222653.00000000,0.00600000,297527.00000000,0.00599000,165124.00000000,0.00598000,177840.00000000,0.00597000,939150.00000000,0.00596000,313787.00000000,0.00606000,3223.00000000,0.00607000,114975.00000000,0.00608000,135703.00000000,0.00609000,333440.00000000,0.00610000,145882.00000000,0.00611000,135070.00000000,0.00612000,97505.00000000,0.00613000,84409.00000000,0.00614000,77583.00000000,0.00615000,73971.00000000,0.006093,18203,0.006091,13632,0.006090,29218,0.006089,16991,0.006088,122122,0.006087,46724,0.006086,61336,0.006085,94336,0.006084,48236,0.006083,62138,0.006103,13672,0.006104,1967,0.006105,16380,0.006106,27642,0.006107,27468,0.006109,1974,0.006110,32204,0.006111,16364,0.006112,3948,0.006113,32719
binance,bybit,RDNTUSDT,0.00607000,0.00611,0.659,1774107051000,0.00605000,82723.00000000,0.00604000,112446.00000000,0.00603000,290664.00000000,0.00602000,246515.00000000,0.00601000,1014324.00000000,0.00600000,297527.00000000,0.00599000,134673.00000000,0.00598000,174175.00000000,0.00597000,171276.00000000,0.00596000,313787.00000000,0.00607000,94619.00000000,0.00608000,138344.00000000,0.00609000,354033.00000000,0.00610000,106755.00000000,0.00611000,134642.00000000,0.00612000,97505.00000000,0.00613000,124550.00000000,0.00614000,64746.00000000,0.00615000,48980.00000000,0.00616000,89153.00000000,0.006097,378,0.006096,200,0.006095,65015,0.006094,1560,0.006093,2577,0.006092,3619,0.006091,51154,0.006089,50437,0.006088,51155,0.006087,56304,0.006100,2289,0.006101,18401,0.006102,14736,0.006103,10000,0.006104,29781,0.006106,3948,0.006107,35904,0.006108,37814,0.006109,1974,0.006112,4760
binance,bybit,RDNTUSDT,0.00608000,0.006115,0.5757,1774107052000,0.00607000,1153.00000000,0.00606000,100455.00000000,0.00605000,231611.00000000,0.00604000,220321.00000000,0.00603000,228984.00000000,0.00602000,199011.00000000,0.00601000,928596.00000000,0.00600000,291664.00000000,0.00599000,179758.00000000,0.00598000,205484.00000000,0.00608000,84133.00000000,0.00609000,238066.00000000,0.00610000,116850.00000000,0.00611000,89285.00000000,0.00612000,107291.00000000,0.00613000,88897.00000000,0.00614000,70830.00000000,0.00615000,79201.00000000,0.00616000,106442.00000000,0.00617000,59183.00000000,0.006114,2260,0.006111,18675,0.006110,40265,0.006109,29653,0.006108,14085,0.006107,127929,0.006106,83123,0.006105,17907,0.006104,136293,0.006103,40965,0.006119,1142,0.006122,3335,0.006123,4088,0.006125,32654,0.006126,53682,0.006127,46257,0.006129,12657,0.006130,27508,0.006132,52904,0.006133,301055
binance,bybit,RDNTUSDT,0.00608000,0.006119,0.6414,1774107053000,0.00607000,60708.00000000,0.00606000,180084.00000000,0.00605000,182085.00000000,0.00604000,220321.00000000,0.00603000,297797.00000000,0.00602000,199011.00000000,0.00601000,928596.00000000,0.00600000,291664.00000000,0.00599000,179758.00000000,0.00598000,201453.00000000,0.00608000,45133.00000000,0.00609000,302751.00000000,0.00610000,116850.00000000,0.00611000,89285.00000000,0.00612000,93148.00000000,0.00613000,103040.00000000,0.00614000,70830.00000000,0.00615000,79201.00000000,0.00616000,129563.00000000,0.00617000,59183.00000000,0.006119,39246,0.006118,81874,0.006115,868,0.006113,2443,0.006111,39654,0.006110,6124,0.006109,32835,0.006108,16711,0.006107,44573,0.006106,88153,0.006120,35030,0.006122,6434,0.006128,44328,0.006129,28120,0.006131,42622,0.006132,89756,0.006133,138115,0.006134,3475,0.006135,173313,0.006136,52941
binance,bybit,RDNTUSDT,0.00608000,0.006111,0.5099,1774107054000,0.00606000,95766.00000000,0.00605000,236232.00000000,0.00604000,220321.00000000,0.00603000,217490.00000000,0.00602000,217000.00000000,0.00601000,929749.00000000,0.00600000,291664.00000000,0.00599000,130176.00000000,0.00598000,143510.00000000,0.00597000,142175.00000000,0.00608000,159706.00000000,0.00609000,302751.00000000,0.00610000,110243.00000000,0.00611000,95868.00000000,0.00612000,107291.00000000,0.00613000,88897.00000000,0.00614000,70830.00000000,0.00615000,79201.00000000,0.00616000,129563.00000000,0.00617000,59183.00000000,0.006111,2443,0.006109,2311,0.006108,18988,0.006107,35289,0.006106,61199,0.006105,4138,0.006104,133469,0.006103,6443,0.006102,109448,0.006101,56594,0.006117,10000,0.006118,16345,0.006119,16514,0.006120,63321,0.006121,8206,0.006122,34725,0.006124,3,0.006125,28291,0.006126,3924,0.006127,10000
binance,bybit,RDNTUSDT,0.00608000,0.006099,0.3125,1774107055000,0.00606000,62421.00000000,0.00605000,218070.00000000,0.00604000,244976.00000000,0.00603000,163301.00000000,0.00602000,160837.00000000,0.00601000,929749.00000000,0.00600000,291664.00000000,0.00599000,130176.00000000,0.00598000,143510.00000000,0.00597000,142175.00000000,0.00608000,152469.00000000,0.00609000,317005.00000000,0.00610000,110243.00000000,0.00611000,95868.00000000,0.00612000,107291.00000000,0.00613000,88897.00000000,0.00614000,73345.00000000,0.00615000,48980.00000000,0.00616000,127048.00000000,0.00617000,59183.00000000,0.006099,7425,0.006098,10000,0.006097,1343,0.006096,57958,0.006095,74981,0.006094,33272,0.006093,68648,0.006092,57390,0.006091,189215,0.006090,103469,0.006106,42259,0.006107,10000,0.006108,6140,0.006109,40326,0.006110,31526,0.006112,9587,0.006115,32500,0.006116,10000,0.006117,3928,0.006118,40249
binance,bybit,RDNTUSDT,0.00608000,0.006103,0.3783,1774107056000,0.00606000,62421.00000000,0.00605000,218070.00000000,0.00604000,244976.00000000,0.00603000,163301.00000000,0.00602000,155356.00000000,0.00601000,935239.00000000,0.00600000,151414.00000000,0.00599000,130176.00000000,0.00598000,143510.00000000,0.00597000,142175.00000000,0.00608000,152469.00000000,0.00609000,317005.00000000,0.00610000,110243.00000000,0.00611000,100348.00000000,0.00612000,107291.00000000,0.00613000,84409.00000000,0.00614000,67261.00000000,0.00615000,72025.00000000,0.00616000,127048.00000000,0.00617000,59183.00000000,0.006103,352780,0.006102,50322,0.006101,1966,0.006099,2435,0.006098,49582,0.006097,4222,0.006095,14691,0.006094,16886,0.006093,65788,0.006092,89883,0.006106,6334,0.006107,12311,0.006109,12936,0.006110,2443,0.006111,3619,0.006114,55385,0.006115,39832,0.006116,21529,0.006117,3928,0.006118,40249
binance,bybit,RDNTUSDT,0.00608000,0.006103,0.3783,1774107057000,0.00606000,89370.00000000,0.00605000,218094.00000000,0.00604000,244976.00000000,0.00603000,163301.00000000,0.00602000,186794.00000000,0.00601000,931370.00000000,0.00600000,151414.00000000,0.00599000,130176.00000000,0.00598000,143510.00000000,0.00597000,142175.00000000,0.00608000,153624.00000000,0.00609000,317005.00000000,0.00610000,110243.00000000,0.00611000,100340.00000000,0.00612000,107291.00000000,0.00613000,84409.00000000,0.00614000,73345.00000000,0.00615000,72025.00000000,0.00616000,127048.00000000,0.00617000,59183.00000000,0.006102,22993,0.006099,10000,0.006098,17134,0.006097,1252,0.006096,55453,0.006095,54205,0.006094,64968,0.006093,147753,0.006092,36879,0.006091,88020,0.006110,12646,0.006112,12107,0.006113,48723,0.006114,13424,0.006115,113,0.006116,36368,0.006118,3304,0.006119,38663,0.006120,4809,0.006122,47001
binance,bybit,RDNTUSDT,0.00608000,0.006098,0.2961,1774107058000,0.00606000,68683.00000000,0.00605000,218094.00000000,0.00604000,244976.00000000,0.00603000,163301.00000000,0.00602000,186794.00000000,0.00601000,931370.00000000,0.00600000,151414.00000000,0.00599000,130176.00000000,0.00598000,143510.00000000,0.00597000,142175.00000000,0.00608000,151980.00000000,0.00609000,317005.00000000,0.00610000,110243.00000000,0.00611000,100340.00000000,0.00612000,107291.00000000,0.00613000,84409.00000000,0.00614000,67261.00000000,0.00615000,72025.00000000,0.00616000,127048.00000000,0.00617000,59183.00000000,0.006102,583,0.006101,3932,0.006100,1127,0.006099,10000,0.006098,13076,0.006097,29413,0.006096,2879,0.006095,18209,0.006094,75608,0.006093,88613,0.006105,15051,0.006106,11783,0.006111,476,0.006112,32722,0.006113,26359,0.006114,43158,0.006115,9953,0.006116,36846,0.006117,1636,0.006118,3304
binance,bybit,RDNTUSDT,0.00608000,0.00611,0.4934,1774107059000,0.00607000,92406.00000000,0.00606000,230683.00000000,0.00605000,305881.00000000,0.00604000,131995.00000000,0.00603000,178984.00000000,0.00602000,238696.00000000,0.00601000,931370.00000000,0.00600000,151414.00000000,0.00599000,130176.00000000,0.00598000,143510.00000000,0.00608000,1153.00000000,0.00609000,232041.00000000,0.00610000,87824.00000000,0.00611000,93749.00000000,0.00612000,90738.00000000,0.00613000,103477.00000000,0.00614000,64746.00000000,0.00615000,72025.00000000,0.00616000,127048.00000000,0.00617000,59183.00000000,0.006110,3688,0.006109,4326,0.006107,2367,0.006105,35806,0.006104,34499,0.006102,88540,0.006101,45006,0.006100,21450,0.006099,43999,0.006098,31582,0.006115,10113,0.006117,16348,0.006118,31781,0.006119,34105,0.006120,32058,0.006122,26701,0.006123,57071,0.006124,31585,0.006125,58556,0.006126,3304
binance,bybit,RDNTUSDT,0.00608000,0.006109,0.477,1774107060000,0.00607000,33829.00000000,0.00606000,210598.00000000,0.00605000,290121.00000000,0.00604000,81995.00000000,0.00603000,178984.00000000,0.00602000,233215.00000000,0.00601000,931370.00000000,0.00600000,151414.00000000,0.00599000,130176.00000000,0.00598000,143510.00000000,0.00608000,90336.00000000,0.00609000,232041.00000000,0.00610000,104235.00000000,0.00611000,93749.00000000,0.00612000,107206.00000000,0.00613000,101067.00000000,0.00614000,64746.00000000,0.00615000,72025.00000000,0.00616000,127048.00000000,0.00617000,83263.00000000,0.006106,967,0.006104,2812,0.006103,10000,0.006102,16388,0.006100,10000,0.006099,28608,0.006098,52003,0.006097,40360,0.006096,7239,0.006095,32350,0.006110,5210,0.006111,10476,0.006112,1,0.006114,62430,0.006115,43636,0.006118,32654,0.006119,2164,0.006120,476,0.006122,16434,0.006123,52941
binance,bybit,RDNTUSDT,0.00609000,0.006121,0.509,1774107061000,0.00608000,184805.00000000,0.00607000,150325.00000000,0.00606000,251803.00000000,0.00605000,241033.00000000,0.00604000,189093.00000000,0.00603000,179893.00000000,0.00602000,233215.00000000,0.00601000,925507.00000000,0.00600000,151414.00000000,0.00599000,130176.00000000,0.00610000,95364.00000000,0.00611000,89285.00000000,0.00612000,93050.00000000,0.00613000,126162.00000000,0.00614000,64746.00000000,0.00615000,72025.00000000,0.00616000,127048.00000000,0.00617000,85778.00000000,0.00618000,48980.00000000,0.00619000,48980.00000000,0.006111,37032,0.006110,36211,0.006109,1791,0.006107,4482,0.006106,71697,0.006105,74062,0.006103,5209,0.006102,33126,0.006101,84666,0.006100,48691,0.006118,15930,0.006119,16343,0.006120,88218,0.006122,18024,0.006124,3,0.006126,46349,0.006127,43983,0.006128,7896,0.006129,7825,0.006130,11282
binance,bybit,RDNTUSDT,0.00612000,0.006156,0.5882,1774107062000,0.00611000,79973.00000000,0.00610000,231333.00000000,0.00609000,221145.00000000,0.00608000,150942.00000000,0.00607000,168304.00000000,0.00606000,192855.00000000,0.00605000,249140.00000000,0.00604000,171823.00000000,0.00603000,144319.00000000,0.00602000,149774.00000000,0.00613000,4366.00000000,0.00614000,64935.00000000,0.00615000,92857.00000000,0.00616000,129360.00000000,0.00617000,104383.00000000,0.00618000,71593.00000000,0.00619000,73538.00000000,0.00620000,500650.00000000,0.00621000,213738.00000000,0.00622000,54020.00000000,0.006131,16311,0.006130,3961,0.006129,10722,0.006128,35684,0.006127,59584,0.006126,37376,0.006125,6539,0.006123,41047,0.006121,21829,0.006120,25620,0.006134,1843,0.006135,3613,0.006138,6253,0.006139,33555,0.006140,14659,0.006141,49161,0.006142,26074,0.006143,40557,0.006144,7487,0.006145,15632
binance,bybit,RDNTUSDT,0.00612000,0.006139,0.3105,1774107063000,0.00610000,119620.00000000,0.00609000,255426.00000000,0.00608000,123926.00000000,0.00607000,205936.00000000,0.00606000,143206.00000000,0.00605000,255003.00000000,0.00604000,166701.00000000,0.00603000,144319.00000000,0.00602000,169346.00000000,0.00601000,857642.00000000,0.00612000,128431.00000000,0.00613000,130199.00000000,0.00614000,81207.00000000,0.00615000,76066.00000000,0.00616000,143503.00000000,0.00617000,87822.00000000,0.00618000,71593.00000000,0.00619000,160593.00000000,0.00620000,598559.00000000,0.00621000,189538.00000000,0.006160,3073,0.006157,2157,0.006156,20148,0.006155,19293,0.006154,4549,0.006153,8369,0.006151,20464,0.006150,47649,0.006149,52149,0.006148,12720,0.006163,16226,0.006164,44777,0.006166,16218,0.006167,48632,0.006168,6939,0.006169,38075,0.006170,7039,0.006172,1851,0.006173,38632,0.006174,45771
binance,bybit,RDNTUSDT,0.00611000,0.00615,0.6547,1774107064000,0.00610000,101263.00000000,0.00609000,116615.00000000,0.00608000,261835.00000000,0.00607000,252443.00000000,0.00606000,200922.00000000,0.00605000,276142.00000000,0.00604000,172400.00000000,0.00603000,167923.00000000,0.00602000,188178.00000000,0.00601000,857642.00000000,0.00611000,2286.00000000,0.00612000,158602.00000000,0.00613000,136925.00000000,0.00614000,74433.00000000,0.00615000,90209.00000000,0.00616000,127048.00000000,0.00617000,93906.00000000,0.00618000,71593.00000000,0.00619000,160593.00000000,0.00620000,601074.00000000,0.006150,20039,0.006149,41855,0.006147,1205,0.006146,32542,0.006145,27903,0.006144,33281,0.006143,9836,0.006142,86242,0.006141,32378,0.006140,57815,0.006155,14403,0.006156,476,0.006159,17517,0.006160,27520,0.006162,27520,0.006163,16226,0.006164,30542,0.006165,28027,0.006166,20283,0.006167,51007
binance,bybit,RDNTUSDT,0.00612000,0.006151,0.5065,1774107065000,0.00610000,95636.00000000,0.00609000,154144.00000000,0.00608000,255109.00000000,0.00607000,224114.00000000,0.00606000,170432.00000000,0.00605000,259322.00000000,0.00604000,166537.00000000,0.00603000,167923.00000000,0.00602000,188178.00000000,0.00601000,857642.00000000,0.00612000,128185.00000000,0.00613000,136925.00000000,0.00614000,76745.00000000,0.00615000,90209.00000000,0.00616000,127048.00000000,0.00617000,87822.00000000,0.00618000,71593.00000000,0.00619000,160593.00000000,0.00620000,598559.00000000,0.00621000,189538.00000000,0.006151,4561,0.006149,19126,0.006148,4316,0.006147,32511,0.006146,6720,0.006145,99461,0.006144,111621,0.006143,122649,0.006142,63497,0.006141,8590,0.006157,16242,0.006158,60944,0.006159,10000,0.006160,4731,0.006161,28466,0.006162,44907,0.006163,510750,0.006164,28466,0.006165,476,0.006167,34194
binance,bybit,RDNTUSDT,0.00612000,0.006147,0.4412,1774107066000,0.00610000,101263.00000000,0.00609000,272224.00000000,0.00608000,249801.00000000,0.00607000,224114.00000000,0.00606000,197823.00000000,0.00605000,152705.00000000,0.00604000,166537.00000000,0.00603000,167923.00000000,0.00602000,188178.00000000,0.00601000,65971.00000000,0.00612000,128185.00000000,0.00613000,136925.00000000,0.00614000,76745.00000000,0.00615000,94752.00000000,0.00616000,74070.00000000,0.00617000,83263.00000000,0.00618000,71593.00000000,0.00619000,200734.00000000,0.00620000,601074.00000000,0.00621000,202375.00000000,0.006147,43740,0.006144,29846,0.006143,33197,0.006142,54915,0.006141,51680,0.006140,35736,0.006139,103320,0.006138,77238,0.006137,162314,0.006136,101432,0.006153,14272,0.006154,14680,0.006155,3637,0.006156,4831,0.006157,5789,0.006158,32478,0.006159,54588,0.006160,39160,0.006161,42745,0.006162,76804
binance,bybit,RDNTUSDT,0.00610000,0.006147,0.7705,1774107067000,0.00609000,124604.00000000,0.00608000,249674.00000000,0.00607000,341077.00000000,0.00606000,90048.00000000,0.00605000,950114.00000000,0.00604000,148794.00000000,0.00603000,144319.00000000,0.00602000,66409.00000000,0.00601000,65971.00000000,0.00600000,87333.00000000,0.00611000,98040.00000000,0.00612000,159011.00000000,0.00613000,136925.00000000,0.00614000,76745.00000000,0.00615000,99435.00000000,0.00616000,75206.00000000,0.00617000,123404.00000000,0.00618000,71593.00000000,0.00619000,160593.00000000,0.00620000,598559.00000000,0.006147,7901,0.006144,33316,0.006143,933,0.006142,16394,0.006141,71626,0.006140,48490,0.006139,66995,0.006138,70819,0.006137,129850,0.006136,65093,0.006150,10000,0.006151,2964,0.006152,4272,0.006153,3541,0.006154,34133,0.006155,36849,0.006156,56712,0.006157,45528,0.006159,47683,0.006160,58702
binance,bybit,RDNTUSDT,0.00609000,0.006144,0.8867,1774107068000,0.00607000,60810.00000000,0.00606000,120541.00000000,0.00605000,418707.00000000,0.00604000,152194.00000000,0.00603000,148539.00000000,0.00602000,856765.00000000,0.00601000,164011.00000000,0.00600000,87333.00000000,0.00599000,208722.00000000,0.00598000,65432.00000000,0.00609000,286153.00000000,0.00610000,98040.00000000,0.00611000,147448.00000000,0.00612000,159011.00000000,0.00613000,130199.00000000,0.00614000,119381.00000000,0.00615000,82882.00000000,0.00616000,88043.00000000,0.00617000,83263.00000000,0.00618000,71593.00000000,0.006144,103,0.006142,16281,0.006141,8590,0.006140,7848,0.006138,3544,0.006137,39875,0.006136,32594,0.006135,42598,0.006134,9878,0.006133,55341,0.006147,33066,0.006148,5102,0.006149,2260,0.006150,51571,0.006151,37718,0.006152,63477,0.006153,43315,0.006154,37688,0.006155,246291,0.006156,35110
binance,bybit,RDNTUSDT,0.00610000,0.00614,0.6557,1774107069000,0.00609000,22681.00000000,0.00608000,122480.00000000,0.00607000,285254.00000000,0.00606000,252902.00000000,0.00605000,311983.00000000,0.00604000,189888.00000000,0.00603000,202323.00000000,0.00602000,856765.00000000,0.00601000,164011.00000000,0.00600000,87333.00000000,0.00611000,126759.00000000,0.00612000,161323.00000000,0.00613000,166140.00000000,0.00614000,60375.00000000,0.00615000,82882.00000000,0.00616000,128184.00000000,0.00617000,83263.00000000,0.00618000,71593.00000000,0.00619000,160593.00000000,0.00620000,577273.00000000,0.006141,16284,0.006140,28925,0.006138,34875,0.006137,27258,0.006135,815,0.006134,22797,0.006133,62249,0.006132,15638,0.006131,90910,0.006130,102725,0.006145,4295,0.006146,19386,0.006147,3098,0.006149,73648,0.006150,31542,0.006151,12360,0.006152,39133,0.006153,42787,0.006154,79683,0.006155,246291
binance,bybit,RDNTUSDT,0.00611000,0.006146,0.5892,1774107070000,0.00609000,22681.00000000,0.00608000,122480.00000000,0.00607000,285254.00000000,0.00606000,313159.00000000,0.00605000,329968.00000000,0.00604000,148800.00000000,0.00603000,196460.00000000,0.00602000,856765.00000000,0.00601000,164011.00000000,0.00600000,87333.00000000,0.00611000,126759.00000000,0.00612000,161323.00000000,0.00613000,188882.00000000,0.00614000,60375.00000000,0.00615000,82882.00000000,0.00616000,128184.00000000,0.00617000,87232.00000000,0.00618000,71593.00000000,0.00619000,160593.00000000,0.00620000,577273.00000000,0.006143,6594,0.006142,16281,0.006141,15869,0.006140,31738,0.006139,821,0.006138,32073,0.006137,31738,0.006136,5242,0.006135,4327,0.006134,48077,0.006145,5559,0.006146,10000,0.006147,16268,0.006148,107593,0.006149,5105,0.006151,34846,0.006153,60593,0.006154,63585,0.006155,249896,0.006156,2189
binance,bybit,RDNTUSDT,0.00610000,0.006134,0.5574,1774107071000,0.00608000,99191.00000000,0.00607000,132138.00000000,0.00606000,310527.00000000,0.00605000,252186.00000000,0.00604000,188713.00000000,0.00603000,209390.00000000,0.00602000,856765.00000000,0.00601000,164011.00000000,0.00600000,87333.00000000,0.00599000,160289.00000000,0.00610000,31238.00000000,0.00611000,127525.00000000,0.00612000,145236.00000000,0.00613000,154468.00000000,0.00614000,62006.00000000,0.00615000,72025.00000000,0.00616000,115347.00000000,0.00617000,81149.00000000,0.00618000,61817.00000000,0.00619000,136035.00000000,0.006134,1774,0.006133,3077,0.006131,18674,0.006130,42213,0.006128,3589,0.006127,33010,0.006126,16324,0.006125,36127,0.006124,32670,0.006123,50925,0.006137,10000,0.006138,21487,0.006139,34220,0.006140,3943,0.006141,26629,0.006142,2280,0.006143,40426,0.006144,20845,0.006145,44483,0.006146,8985
binance,bybit,RDNTUSDT,0.00609000,0.00613,0.6568,1774107072000,0.00608000,1151.00000000,0.00607000,132138.00000000,0.00606000,285147.00000000,0.00605000,209353.00000000,0.00604000,169658.00000000,0.00603000,167694.00000000,0.00602000,862628.00000000,0.00601000,164011.00000000,0.00600000,87333.00000000,0.00599000,160289.00000000,0.00609000,27960.00000000,0.00610000,121710.00000000,0.00611000,99909.00000000,0.00612000,223155.00000000,0.00613000,154460.00000000,0.00614000,60375.00000000,0.00615000,78109.00000000,0.00616000,115347.00000000,0.00617000,81149.00000000,0.00618000,84319.00000000,0.006130,1239,0.006129,589,0.006128,16319,0.006126,16801,0.006125,46324,0.006124,12,0.006123,11317,0.006122,33750,0.006121,62725,0.006120,69571,0.006135,34180,0.006137,34180,0.006138,31745,0.006140,4078,0.006142,35746,0.006143,53514,0.006146,6204,0.006147,16744,0.006148,39322,0.006149,43211
binance,bybit,RDNTUSDT,0.00609000,0.006129,0.6404,1774107073000,0.00608000,1138.00000000,0.00607000,104940.00000000,0.00606000,262531.00000000,0.00605000,361319.00000000,0.00604000,224539.00000000,0.00603000,187865.00000000,0.00602000,862628.00000000,0.00601000,164011.00000000,0.00600000,87333.00000000,0.00599000,160289.00000000,0.00609000,162408.00000000,0.00610000,121710.00000000,0.00611000,99909.00000000,0.00612000,239708.00000000,0.00613000,137907.00000000,0.00614000,60375.00000000,0.00615000,72025.00000000,0.00616000,118584.00000000,0.00617000,81149.00000000,0.00618000,61817.00000000,0.006127,7121,0.006126,2340,0.006125,1813,0.006124,9106,0.006123,38239,0.006122,34817,0.006120,476,0.006119,61143,0.006118,7374,0.006117,64674,0.006131,51316,0.006132,980,0.006134,34817,0.006135,5197,0.006136,50502,0.006137,2599,0.006138,30945,0.006139,34696,0.006140,1957,0.006141,46473
binance,bybit,RDNTUSDT,0.00609000,0.006129,0.6404,1774107074000,0.00608000,1138.00000000,0.00607000,130509.00000000,0.00606000,286223.00000000,0.00605000,275061.00000000,0.00604000,278690.00000000,0.00603000,171946.00000000,0.00602000,862628.00000000,0.00601000,164011.00000000,0.00600000,87333.00000000,0.00599000,160289.00000000,0.00609000,56556.00000000,0.00610000,300732.00000000,0.00611000,75060.00000000,0.00612000,210356.00000000,0.00613000,137907.00000000,0.00614000,60375.00000000,0.00615000,78109.00000000,0.00616000,118584.00000000,0.00617000,81149.00000000,0.00618000,61817.00000000,0.006129,730,0.006128,898,0.006127,7756,0.006126,8880,0.006124,19362,0.006123,40625,0.006122,27258,0.006121,50552,0.006120,6276,0.006119,68713,0.006134,36199,0.006136,46199,0.006137,75017,0.006138,476,0.006139,3028,0.006140,27271,0.006141,950,0.006142,38558,0.006144,16276,0.006145,35541
binance,bybit,RDNTUSDT,0.00609000,0.00614,0.821,1774107075000,0.00608000,99178.00000000,0.00607000,130509.00000000,0.00606000,329958.00000000,0.00605000,289939.00000000,0.00604000,278690.00000000,0.00603000,171946.00000000,0.00602000,862628.00000000,0.00601000,164011.00000000,0.00600000,87333.00000000,0.00599000,160289.00000000,0.00609000,30803.00000000,0.00610000,300732.00000000,0.00611000,75060.00000000,0.00612000,162977.00000000,0.00613000,154460.00000000,0.00614000,60375.00000000,0.00615000,72025.00000000,0.00616000,118584.00000000,0.00617000,81149.00000000,0.00618000,61817.00000000,0.006137,4362,0.006136,897,0.006132,14630,0.006131,3847,0.006129,476,0.006128,17037,0.006127,1805,0.006126,26336,0.006125,10459,0.006124,47176,0.006141,90443,0.006142,7859,0.006144,38626,0.006145,921,0.006146,37967,0.006147,476,0.006148,54104,0.006149,35675,0.006151,41824,0.006152,21817
binance,bybit,RDNTUSDT,0.00609000,0.006136,0.7553,1774107076000,0.00608000,1138.00000000,0.00607000,130509.00000000,0.00606000,329958.00000000,0.00605000,289426.00000000,0.00604000,278690.00000000,0.00603000,171946.00000000,0.00602000,862628.00000000,0.00601000,164011.00000000,0.00600000,87333.00000000,0.00599000,160289.00000000,0.00609000,29001.00000000,0.00610000,303261.00000000,0.00611000,75060.00000000,0.00612000,197114.00000000,0.00613000,145282.00000000,0.00614000,60375.00000000,0.00615000,72025.00000000,0.00616000,118584.00000000,0.00617000,81149.00000000,0.00618000,61817.00000000,0.006136,16297,0.006133,32610,0.006132,48158,0.006131,12795,0.006130,37229,0.006128,34977,0.006127,4230,0.006126,39847,0.006125,16251,0.006124,81951,0.006137,2026,0.006138,10476,0.006140,1904,0.006141,95631,0.006142,45088,0.006144,35360,0.006146,32237,0.006147,3087,0.006148,43884,0.006149,6389
binance,bybit,RDNTUSDT,0.00611000,0.006133,0.3764,1774107077000,0.00608000,1138.00000000,0.00607000,130013.00000000,0.00606000,280778.00000000,0.00605000,275061.00000000,0.00604000,278690.00000000,0.00603000,171946.00000000,0.00602000,862628.00000000,0.00601000,164011.00000000,0.00600000,87333.00000000,0.00599000,160289.00000000,0.00609000,19114.00000000,0.00610000,303261.00000000,0.00611000,102487.00000000,0.00612000,199524.00000000,0.00613000,142872.00000000,0.00614000,60375.00000000,0.00615000,72025.00000000,0.00616000,118584.00000000,0.00617000,81149.00000000,0.00618000,61817.00000000,0.006133,36037,0.006131,9740,0.006129,31825,0.006128,14845,0.006127,32337,0.006126,59156,0.006124,44725,0.006123,10096,0.006122,40754,0.006121,42784,0.006135,923,0.006137,137937,0.006138,476,0.006139,5540,0.006140,38260,0.006141,99421,0.006142,40963,0.006143,29015,0.006144,896,0.006145,42651
binance,bybit,RDNTUSDT,0.00610000,0.006134,0.5574,1774107078000,0.00608000,192107.00000000,0.00607000,254928.00000000,0.00606000,181718.00000000,0.00605000,266743.00000000,0.00604000,278690.00000000,0.00603000,168880.00000000,0.00602000,954805.00000000,0.00601000,164011.00000000,0.00600000,185373.00000000,0.00599000,160289.00000000,0.00610000,3223.00000000,0.00611000,62914.00000000,0.00612000,173870.00000000,0.00613000,168194.00000000,0.00614000,67475.00000000,0.00615000,72025.00000000,0.00616000,118584.00000000,0.00617000,81149.00000000,0.00618000,85865.00000000,0.00619000,136035.00000000,0.006135,7699,0.006134,45543,0.006132,37307,0.006131,35374,0.006130,829,0.006129,42160,0.006128,24490,0.006127,32337,0.006126,9028,0.006125,47502,0.006137,11107,0.006140,16287,0.006141,4808,0.006142,131737,0.006143,8331,0.006144,56202,0.006146,33634,0.006147,476,0.006148,37246,0.006149,55055
binance,bybit,RDNTUSDT,0.00610000,0.006135,0.5738,1774107079000,0.00608000,162230.00000000,0.00607000,286435.00000000,0.00606000,177144.00000000,0.00605000,274461.00000000,0.00604000,278690.00000000,0.00603000,168880.00000000,0.00602000,954805.00000000,0.00601000,164011.00000000,0.00600000,185373.00000000,0.00599000,160289.00000000,0.00610000,3223.00000000,0.00611000,87286.00000000,0.00612000,173870.00000000,0.00613000,168194.00000000,0.00614000,67475.00000000,0.00615000,72025.00000000,0.00616000,118584.00000000,0.00617000,81149.00000000,0.00618000,85865.00000000,0.00619000,136035.00000000,0.006135,97245,0.006132,9858,0.006131,2239,0.006130,54579,0.006129,57805,0.006128,3762,0.006127,32337,0.006126,25352,0.006125,47502,0.006124,55835,0.006137,4362,0.006138,5506,0.006140,19147,0.006141,21092,0.006142,169045,0.006143,58937,0.006144,986019,0.006147,476,0.006148,1959,0.006149,3
binance,bybit,RDNTUSDT,0.00610000,0.006122,0.3607,1774107080000,0.00608000,107560.00000000,0.00607000,284230.00000000,0.00606000,95493.00000000,0.00605000,209327.00000000,0.00604000,278690.00000000,0.00603000,168880.00000000,0.00602000,954805.00000000,0.00601000,164011.00000000,0.00600000,185373.00000000,0.00599000,160289.00000000,0.00610000,131907.00000000,0.00611000,87286.00000000,0.00612000,194680.00000000,0.00613000,147384.00000000,0.00614000,67475.00000000,0.00615000,72025.00000000,0.00616000,124668.00000000,0.00617000,81149.00000000,0.00618000,85865.00000000,0.00619000,136035.00000000,0.006122,23688,0.006119,16343,0.006118,33618,0.006117,19086,0.006116,39283,0.006115,55666,0.006114,9328,0.006113,37186,0.006112,5255,0.006111,14243,0.006123,112761,0.006126,88341,0.006127,88368,0.006128,46109,0.006129,139810,0.006130,43045,0.006131,40713,0.006133,4362,0.006134,27787,0.006135,3605
binance,bybit,RDNTUSDT,0.00610000,0.006117,0.2787,1774107081000,0.00608000,100808.00000000,0.00607000,290982.00000000,0.00606000,95493.00000000,0.00605000,214781.00000000,0.00604000,272336.00000000,0.00603000,196801.00000000,0.00602000,954805.00000000,0.00601000,164011.00000000,0.00600000,185373.00000000,0.00599000,160289.00000000,0.00610000,172225.00000000,0.00611000,87286.00000000,0.00612000,194680.00000000,0.00613000,147384.00000000,0.00614000,67475.00000000,0.00615000,72025.00000000,0.00616000,124668.00000000,0.00617000,81149.00000000,0.00618000,85865.00000000,0.00619000,136035.00000000,0.006117,67654,0.006115,10317,0.006114,900,0.006113,35865,0.006111,37504,0.006110,12567,0.006109,37229,0.006108,15389,0.006107,65095,0.006106,83422,0.006118,83704,0.006122,47441,0.006123,105671,0.006124,51097,0.006125,37088,0.006126,72387,0.006127,43206,0.006128,12260,0.006129,133888,0.006130,39048
binance,bybit,RDNTUSDT,0.00609000,0.006101,0.1806,1774107082000,0.00607000,96663.00000000,0.00606000,183882.00000000,0.00605000,209687.00000000,0.00604000,331746.00000000,0.00603000,261718.00000000,0.00602000,960534.00000000,0.00601000,164011.00000000,0.00600000,185373.00000000,0.00599000,160289.00000000,0.00598000,165085.00000000,0.00609000,125484.00000000,0.00610000,191869.00000000,0.00611000,93966.00000000,0.00612000,258335.00000000,0.00613000,133233.00000000,0.00614000,113353.00000000,0.00615000,78109.00000000,0.00616000,78370.00000000,0.00617000,57069.00000000,0.00618000,48980.00000000,0.006101,24581,0.006100,10000,0.006098,2994,0.006097,1960,0.006096,10903,0.006095,3641,0.006094,42629,0.006093,39656,0.006091,46714,0.006090,1967,0.006102,327266,0.006103,92142,0.006104,102817,0.006105,2364,0.006106,11514,0.006107,874,0.006108,50808,0.006109,39642,0.006110,26621,0.006111,6398
binance,bybit,RDNTUSDT,0.00608000,0.006084,0.0658,1774107083000,0.00606000,101263.00000000,0.00605000,242575.00000000,0.00604000,223208.00000000,0.00603000,238071.00000000,0.00602000,905232.00000000,0.00601000,169740.00000000,0.00600000,185373.00000000,0.00599000,160289.00000000,0.00598000,165085.00000000,0.00597000,69050.00000000,0.00608000,118817.00000000,0.00609000,121074.00000000,0.00610000,212477.00000000,0.00611000,87286.00000000,0.00612000,282098.00000000,0.00613000,133233.00000000,0.00614000,73212.00000000,0.00615000,72025.00000000,0.00616000,55322.00000000,0.00617000,57069.00000000,0.006084,19504,0.006082,15360,0.006081,2063,0.006080,29126,0.006078,25771,0.006077,34757,0.006076,42852,0.006075,40215,0.006074,13443,0.006073,5459,0.006086,36637,0.006088,1969,0.006090,13242,0.006091,37452,0.006092,2382,0.006093,40296,0.006094,5297,0.006095,6356,0.006096,46639,0.006097,67177
binance,bybit,RDNTUSDT,0.00607000,0.006071,0.0165,1774107084000,0.00605000,128392.00000000,0.00604000,260731.00000000,0.00603000,252898.00000000,0.00602000,897033.00000000,0.00601000,178362.00000000,0.00600000,191102.00000000,0.00599000,160289.00000000,0.00598000,165085.00000000,0.00597000,177782.00000000,0.00596000,231778.00000000,0.00607000,157669.00000000,0.00608000,118817.00000000,0.00609000,121074.00000000,0.00610000,205800.00000000,0.00611000,87286.00000000,0.00612000,282098.00000000,0.00613000,133233.00000000,0.00614000,42572.00000000,0.00615000,48980.00000000,0.00616000,55322.00000000,0.006073,10000,0.006072,19278,0.006071,7716,0.006068,53402,0.006067,40254,0.006066,29493,0.006065,12382,0.006064,37866,0.006063,30374,0.006061,7676,0.006075,66198,0.006076,12890,0.006077,39513,0.006078,74430,0.006079,266182,0.006080,1971,0.006081,1969,0.006082,3432,0.006083,51684,0.006084,8625
binance,bybit,RDNTUSDT,0.00607000,0.00608,0.1647,1774107085000,0.00605000,128392.00000000,0.00604000,255268.00000000,0.00603000,252898.00000000,0.00602000,902514.00000000,0.00601000,177174.00000000,0.00600000,191102.00000000,0.00599000,160289.00000000,0.00598000,165085.00000000,0.00597000,177782.00000000,0.00596000,231778.00000000,0.00607000,144420.00000000,0.00608000,118817.00000000,0.00609000,179686.00000000,0.00610000,194417.00000000,0.00611000,101189.00000000,0.00612000,216365.00000000,0.00613000,133233.00000000,0.00614000,66232.00000000,0.00615000,48980.00000000,0.00616000,55322.00000000,0.006076,24383,0.006074,70322,0.006073,37982,0.006072,10000,0.006071,3444,0.006070,44210,0.006068,44550,0.006067,37931,0.006066,1383,0.006065,49813,0.006079,262579,0.006080,1971,0.006081,5965,0.006084,2445,0.006085,44338,0.006086,54397,0.006087,60089,0.006089,167832,0.006090,38753,0.006091,65094
binance,bybit,RDNTUSDT,0.00608000,0.006082,0.0329,1774107086000,0.00606000,108732.00000000,0.00605000,213088.00000000,0.00604000,303452.00000000,0.00603000,204778.00000000,0.00602000,920503.00000000,0.00601000,166067.00000000,0.00600000,185373.00000000,0.00599000,160289.00000000,0.00598000,165085.00000000,0.00597000,69050.00000000,0.00608000,101478.00000000,0.00609000,136317.00000000,0.00610000,221339.00000000,0.00611000,105661.00000000,0.00612000,192777.00000000,0.00613000,128729.00000000,0.00614000,106373.00000000,0.00615000,71997.00000000,0.00616000,55322.00000000,0.00617000,57069.00000000,0.006082,10000,0.006080,905,0.006079,10540,0.006078,8643,0.006077,2173,0.006075,1624,0.006073,2132,0.006072,72992,0.006071,35118,0.006070,21560,0.006083,37816,0.006084,20879,0.006085,149680,0.006086,105282,0.006087,50889,0.006088,149780,0.006089,40860,0.006090,904,0.006091,37873,0.006092,65583
binance,bybit,RDNTUSDT,0.00608000,0.006083,0.0493,1774107087000,0.00607000,146938.00000000,0.00606000,106759.00000000,0.00605000,189218.00000000,0.00604000,358095.00000000,0.00603000,166962.00000000,0.00602000,903667.00000000,0.00601000,104922.00000000,0.00600000,185373.00000000,0.00599000,160289.00000000,0.00598000,165085.00000000,0.00608000,39209.00000000,0.00609000,136317.00000000,0.00610000,172159.00000000,0.00611000,105661.00000000,0.00612000,241950.00000000,0.00613000,128729.00000000,0.00614000,106373.00000000,0.00615000,71997.00000000,0.00616000,55322.00000000,0.00617000,57069.00000000,0.006083,13349,0.006080,905,0.006078,45773,0.006077,49365,0.006076,46011,0.006075,476,0.006074,37678,0.006073,58014,0.006072,5086,0.006071,9704,0.006085,4362,0.006089,40127,0.006090,56106,0.006091,98487,0.006092,27245,0.006093,148645,0.006094,56680,0.006095,143762,0.006096,32410,0.006097,142122
binance,bybit,RDNTUSDT,0.00608000,0.006093,0.2138,1774107088000,0.00607000,142000.00000000,0.00606000,106759.00000000,0.00605000,273059.00000000,0.00604000,279491.00000000,0.00603000,171166.00000000,0.00602000,954615.00000000,0.00601000,169145.00000000,0.00600000,185373.00000000,0.00599000,160289.00000000,0.00598000,67045.00000000,0.00608000,31999.00000000,0.00609000,147009.00000000,0.00610000,172159.00000000,0.00611000,105661.00000000,0.00612000,241950.00000000,0.00613000,128729.00000000,0.00614000,106373.00000000,0.00615000,71997.00000000,0.00616000,78114.00000000,0.00617000,57069.00000000,0.006093,14411,0.006092,10000,0.006091,1009,0.006090,115095,0.006089,56595,0.006088,35218,0.006087,117851,0.006086,37681,0.006084,40072,0.006083,15196,0.006098,5274,0.006099,25965,0.006100,51308,0.006101,12874,0.006102,38157,0.006103,74808,0.006104,8332,0.006105,146388,0.006106,169496,0.006107,56373
binance,bybit,RDNTUSDT,0.00608000,0.006087,0.1151,1774107089000,0.00607000,137062.00000000,0.00606000,123125.00000000,0.00605000,273059.00000000,0.00604000,225784.00000000,0.00603000,224873.00000000,0.00602000,958470.00000000,0.00601000,169145.00000000,0.00600000,185373.00000000,0.00599000,160289.00000000,0.00598000,67045.00000000,0.00608000,31999.00000000,0.00609000,321867.00000000,0.00610000,172159.00000000,0.00611000,111061.00000000,0.00612000,241950.00000000,0.00613000,128729.00000000,0.00614000,106373.00000000,0.00615000,71997.00000000,0.00616000,78114.00000000,0.00617000,57069.00000000,0.006085,17390,0.006084,2439,0.006082,33789,0.006080,905,0.006077,68757,0.006076,48537,0.006075,33398,0.006074,50554,0.006073,29923,0.006072,64738,0.006086,19008,0.006088,49104,0.006089,16423,0.006090,102346,0.006092,44235,0.006093,42930,0.006094,30203,0.006095,19226,0.006096,46803,0.006097,4484
binance,bybit,RDNTUSDT,0.00609000,0.006086,-0.0657,1774107091000,0.00607000,108732.00000000,0.00606000,123125.00000000,0.00605000,249259.00000000,0.00604000,248651.00000000,0.00603000,225996.00000000,0.00602000,895030.00000000,0.00601000,169145.00000000,0.00600000,185373.00000000,0.00599000,160289.00000000,0.00598000,67045.00000000,0.00608000,31999.00000000,0.00609000,323107.00000000,0.00610000,141515.00000000,0.00611000,72786.00000000,0.00612000,241950.00000000,0.00613000,128729.00000000,0.00614000,106373.00000000,0.00615000,71997.00000000,0.00616000,78114.00000000,0.00617000,57069.00000000,0.006086,17879,0.006085,1695,0.006084,10922,0.006082,49479,0.006081,2445,0.006080,41168,0.006079,5196,0.006078,47009,0.006077,24668,0.006076,45190,0.006089,21375,0.006090,16420,0.006091,105951,0.006093,38286,0.006094,5143,0.006095,38326,0.006096,71308,0.006097,172754,0.006098,131887,0.006099,39665
binance,bybit,RDNTUSDT,0.00609000,0.006086,-0.0657,1774107092000,0.00607000,97220.00000000,0.00606000,123125.00000000,0.00605000,249259.00000000,0.00604000,248651.00000000,0.00603000,225996.00000000,0.00602000,895278.00000000,0.00601000,163416.00000000,0.00600000,185373.00000000,0.00599000,62249.00000000,0.00598000,67045.00000000,0.00609000,323107.00000000,0.00610000,141515.00000000,0.00611000,127144.00000000,0.00612000,233524.00000000,0.00613000,128729.00000000,0.00614000,66232.00000000,0.00615000,71997.00000000,0.00616000,78114.00000000,0.00617000,57069.00000000,0.00618000,51495.00000000,0.006086,17495,0.006085,1695,0.006084,4309,0.006083,10000,0.006082,35077,0.006081,28890,0.006080,40714,0.006079,16450,0.006078,49242,0.006077,17542,0.006089,2129,0.006090,16420,0.006091,106652,0.006092,4240,0.006093,38987,0.006094,42179,0.006096,71308,0.006097,175362,0.006098,131887,0.006099,3
binance,bybit,RDNTUSDT,0.00608000,0.00608,0.0,1774107093000,0.00606000,123125.00000000,0.00605000,189218.00000000,0.00604000,282998.00000000,0.00603000,231311.00000000,0.00602000,898218.00000000,0.00601000,23718.00000000,0.00600000,196065.00000000,0.00599000,62249.00000000,0.00598000,67045.00000000,0.00597000,69050.00000000,0.00608000,138398.00000000,0.00609000,381070.00000000,0.00610000,112098.00000000,0.00611000,127144.00000000,0.00612000,193383.00000000,0.00613000,128729.00000000,0.00614000,66232.00000000,0.00615000,71997.00000000,0.00616000,78114.00000000,0.00617000,57069.00000000,0.006080,4413,0.006079,25,0.006078,8391,0.006076,22795,0.006075,16461,0.006074,43810,0.006073,21730,0.006072,53158,0.006071,5203,0.006070,52452,0.006081,64441,0.006082,2179,0.006085,39333,0.006086,29055,0.006087,3285,0.006088,31410,0.006089,24959,0.006091,39393,0.006092,49485,0.006093,1972
binance,bybit,RDNTUSDT,0.00609000,0.00609,0.0,1774107094000,0.00607000,526754.00000000,0.00606000,231889.00000000,0.00605000,189196.00000000,0.00604000,249584.00000000,0.00603000,173587.00000000,0.00602000,805907.00000000,0.00601000,169586.00000000,0.00600000,87333.00000000,0.00599000,62249.00000000,0.00598000,67045.00000000,0.00609000,219781.00000000,0.00610000,127668.00000000,0.00611000,129456.00000000,0.00612000,186406.00000000,0.00613000,149964.00000000,0.00614000,106373.00000000,0.00615000,71997.00000000,0.00616000,78114.00000000,0.00617000,81543.00000000,0.00618000,51495.00000000,0.006086,1295,0.006085,2282,0.006084,3231,0.006083,17261,0.006082,49686,0.006081,41241,0.006080,26241,0.006079,31106,0.006078,51838,0.006077,7725,0.006088,32852,0.006089,40197,0.006090,49254,0.006091,64448,0.006092,44437,0.006093,1972,0.006094,903,0.006095,52169,0.006096,79836,0.006097,134428
binance,bybit,RDNTUSDT,0.00609000,0.006093,0.0493,1774107095000,0.00608000,108732.00000000,0.00607000,515242.00000000,0.00606000,231750.00000000,0.00605000,189196.00000000,0.00604000,266420.00000000,0.00603000,156751.00000000,0.00602000,865922.00000000,0.00601000,60854.00000000,0.00600000,87333.00000000,0.00599000,62249.00000000,0.00609000,204009.00000000,0.00610000,127668.00000000,0.00611000,124984.00000000,0.00612000,137226.00000000,0.00613000,203648.00000000,0.00614000,106373.00000000,0.00615000,71997.00000000,0.00616000,78114.00000000,0.00617000,81543.00000000,0.00618000,51495.00000000,0.006093,73742,0.006092,52643,0.006090,28349,0.006089,38849,0.006088,9066,0.006087,42721,0.006086,14662,0.006085,48481,0.006084,13115,0.006083,43397,0.006099,2511,0.006100,28418,0.006101,2280,0.006102,54869,0.006105,38279,0.006106,939,0.006107,43305,0.006108,39187,0.006109,12827,0.006110,62334
binance,bybit,RDNTUSDT,0.00609000,0.006102,0.197,1774107096000,0.00607000,515242.00000000,0.00606000,231692.00000000,0.00605000,194650.00000000,0.00604000,244121.00000000,0.00603000,238787.00000000,0.00602000,865922.00000000,0.00601000,169586.00000000,0.00600000,87333.00000000,0.00599000,62249.00000000,0.00598000,67045.00000000,0.00609000,204009.00000000,0.00610000,127668.00000000,0.00611000,124984.00000000,0.00612000,186406.00000000,0.00613000,154468.00000000,0.00614000,106373.00000000,0.00615000,71997.00000000,0.00616000,78114.00000000,0.00617000,81543.00000000,0.00618000,51495.00000000,0.006102,11184,0.006101,2654,0.006100,41431,0.006099,58438,0.006098,2558,0.006097,41376,0.006096,37208,0.006095,58201,0.006094,45563,0.006093,1972,0.006106,939,0.006109,38911,0.006110,39526,0.006111,325,0.006112,17261,0.006113,168241,0.006115,37388,0.006116,21056,0.006117,49483,0.006118,35651
binance,bybit,RDNTUSDT,0.00609000,0.006113,0.3777,1774107097000,0.00608000,128643.00000000,0.00607000,515242.00000000,0.00606000,257072.00000000,0.00605000,221356.00000000,0.00604000,334013.00000000,0.00603000,166463.00000000,0.00602000,851524.00000000,0.00601000,60854.00000000,0.00600000,87333.00000000,0.00599000,62249.00000000,0.00610000,98040.00000000,0.00611000,124984.00000000,0.00612000,152881.00000000,0.00613000,217706.00000000,0.00614000,106373.00000000,0.00615000,71997.00000000,0.00616000,78114.00000000,0.00617000,81543.00000000,0.00618000,51495.00000000,0.00619000,136035.00000000,0.006113,56350,0.006112,2364,0.006111,3489,0.006110,7819,0.006109,43316,0.006108,37306,0.006107,20841,0.006106,64021,0.006105,38574,0.006104,31475,0.006116,64500,0.006117,31027,0.006119,42685,0.006120,16918,0.006121,167508,0.006122,138926,0.006124,36978,0.006125,18207,0.006126,39017,0.006127,7230
binance,bybit,RDNTUSDT,0.00610000,0.006116,0.2623,1774107098000,0.00609000,3223.00000000,0.00608000,145117.00000000,0.00607000,601588.00000000,0.00606000,203130.00000000,0.00605000,238192.00000000,0.00604000,183741.00000000,0.00603000,186650.00000000,0.00602000,851524.00000000,0.00601000,60854.00000000,0.00600000,87333.00000000,0.00610000,41842.00000000,0.00611000,117953.00000000,0.00612000,123168.00000000,0.00613000,233361.00000000,0.00614000,120516.00000000,0.00615000,71997.00000000,0.00616000,78114.00000000,0.00617000,81543.00000000,0.00618000,74418.00000000,0.00619000,136035.00000000,0.006116,37950,0.006115,16240,0.006113,3066,0.006112,39099,0.006111,6939,0.006110,38249,0.006109,22772,0.006108,41998,0.006107,16241,0.006106,39276,0.006119,64499,0.006121,36235,0.006123,54056,0.006124,49062,0.006125,12073,0.006126,38572,0.006127,3286,0.006128,42349,0.006129,113,0.006131,36309
binance,bybit,RDNTUSDT,0.00610000,0.006106,0.0984,1774107099000,0.00609000,3223.00000000,0.00608000,121933.00000000,0.00607000,624772.00000000,0.00606000,153180.00000000,0.00605000,287372.00000000,0.00604000,122860.00000000,0.00603000,186650.00000000,0.00602000,851524.00000000,0.00601000,60854.00000000,0.00600000,87333.00000000,0.00610000,149187.00000000,0.00611000,117953.00000000,0.00612000,167024.00000000,0.00613000,189505.00000000,0.00614000,120516.00000000,0.00615000,71997.00000000,0.00616000,78114.00000000,0.00617000,81543.00000000,0.00618000,74418.00000000,0.00619000,136035.00000000,0.006106,10000,0.006104,1042,0.006102,3059,0.006101,39361,0.006100,37309,0.006099,5768,0.006098,49625,0.006097,66961,0.006096,23709,0.006095,79918,0.006108,3121,0.006109,64499,0.006110,3314,0.006111,38806,0.006113,34100,0.006114,35587,0.006115,2169,0.006117,167518,0.006119,36430,0.006120,36204
binance,bybit,RDNTUSDT,0.00610000,0.006102,0.0328,1774107100000,0.00609000,1642.00000000,0.00608000,95045.00000000,0.00607000,624517.00000000,0.00606000,153180.00000000,0.00605000,270536.00000000,0.00604000,139696.00000000,0.00603000,186650.00000000,0.00602000,851524.00000000,0.00601000,60854.00000000,0.00600000,87333.00000000,0.00610000,132854.00000000,0.00611000,117953.00000000,0.00612000,166981.00000000,0.00613000,189505.00000000,0.00614000,120516.00000000,0.00615000,71997.00000000,0.00616000,78114.00000000,0.00617000,81543.00000000,0.00618000,74418.00000000,0.00619000,136035.00000000,0.006102,26388,0.006101,16553,0.006100,10000,0.006099,46523,0.006098,41652,0.006097,9860,0.006096,31240,0.006095,52817,0.006094,82721,0.006093,20734,0.006104,1132,0.006106,4339,0.006107,18751,0.006108,33389,0.006109,102941,0.006110,3314,0.006112,43715,0.006113,36555,0.006114,14256,0.006115,36560
binance,bybit,RDNTUSDT,0.00610000,0.006106,0.0984,1774107101000,0.00609000,1642.00000000,0.00608000,118229.00000000,0.00607000,601396.00000000,0.00606000,206950.00000000,0.00605000,238192.00000000,0.00604000,118317.00000000,0.00603000,186650.00000000,0.00602000,851524.00000000,0.00601000,60854.00000000,0.00600000,87333.00000000,0.00610000,14627.00000000,0.00611000,117953.00000000,0.00612000,123168.00000000,0.00613000,233361.00000000,0.00614000,120516.00000000,0.00615000,71997.00000000,0.00616000,78114.00000000,0.00617000,81543.00000000,0.00618000,74418.00000000,0.00619000,136035.00000000,0.006106,1780,0.006103,14736,0.006102,37612,0.006101,24173,0.006100,18223,0.006099,47502,0.006098,55038,0.006097,36629,0.006096,32667,0.006095,64293,0.006109,18026,0.006110,18264,0.006111,66873,0.006112,41885,0.006114,25105,0.006115,7353,0.006116,37562,0.006117,131088,0.006119,48410,0.006120,39076
binance,bybit,RDNTUSDT,0.00609000,0.0061,0.1642,1774107102000,0.00607000,462992.00000000,0.00606000,152668.00000000,0.00605000,299689.00000000,0.00604000,118317.00000000,0.00603000,199421.00000000,0.00602000,857253.00000000,0.00601000,60854.00000000,0.00600000,87333.00000000,0.00599000,62249.00000000,0.00598000,67045.00000000,0.00609000,121450.00000000,0.00610000,158594.00000000,0.00611000,63595.00000000,0.00612000,265731.00000000,0.00613000,140309.00000000,0.00614000,120516.00000000,0.00615000,71997.00000000,0.00616000,78114.00000000,0.00617000,81543.00000000,0.00618000,74418.00000000,0.006101,32782,0.006100,36979,0.006099,42464,0.006098,33575,0.006096,32086,0.006095,1000,0.006094,25394,0.006093,23174,0.006092,36979,0.006091,7409,0.006103,3437,0.006107,2523,0.006108,19649,0.006109,36963,0.006110,10000,0.006111,26233,0.006112,7872,0.006114,51587,0.006115,14734,0.006116,39534
binance,bybit,RDNTUSDT,0.00609000,0.006093,0.0493,1774107103000,0.00607000,3743.00000000,0.00606000,46910.00000000,0.00605000,219620.00000000,0.00604000,224477.00000000,0.00603000,295282.00000000,0.00602000,862578.00000000,0.00601000,184810.00000000,0.00600000,87333.00000000,0.00599000,180476.00000000,0.00598000,67045.00000000,0.00609000,189916.00000000,0.00610000,202238.00000000,0.00611000,72820.00000000,0.00612000,246909.00000000,0.00613000,137899.00000000,0.00614000,108888.00000000,0.00615000,71997.00000000,0.00616000,78114.00000000,0.00617000,81543.00000000,0.00618000,48980.00000000,0.006093,14126,0.006092,48778,0.006091,25720,0.006090,63040,0.006088,4184,0.006087,113,0.006086,38160,0.006085,21030,0.006084,29563,0.006083,43746,0.006094,64497,0.006096,4046,0.006097,2376,0.006098,902,0.006101,62714,0.006102,49354,0.006103,133897,0.006104,30848,0.006105,1979,0.006106,126658
binance,bybit,RDNTUSDT,0.00609000,0.006096,0.0985,1774107106000,0.00607000,39876.00000000,0.00606000,219623.00000000,0.00605000,212585.00000000,0.00604000,343643.00000000,0.00603000,188302.00000000,0.00602000,805907.00000000,0.00601000,60854.00000000,0.00600000,87333.00000000,0.00599000,62249.00000000,0.00598000,67045.00000000,0.00609000,68528.00000000,0.00610000,202238.00000000,0.00611000,63595.00000000,0.00612000,281480.00000000,0.00613000,162484.00000000,0.00614000,106373.00000000,0.00615000,71997.00000000,0.00616000,78114.00000000,0.00617000,81543.00000000,0.00618000,51495.00000000,0.006096,479,0.006095,4435,0.006094,24331,0.006093,3728,0.006092,35330,0.006091,2157,0.006090,63779,0.006089,8091,0.006088,38713,0.006087,31750,0.006098,16399,0.006099,59186,0.006100,227035,0.006101,448,0.006102,39660,0.006103,4151,0.006104,131931,0.006105,2455,0.006106,156448,0.006107,37678
binance,bybit,RDNTUSDT,0.00608000,0.00608,0.0,1774107107000,0.00606000,168696.00000000,0.00605000,266813.00000000,0.00604000,261246.00000000,0.00603000,226118.00000000,0.00602000,817014.00000000,0.00601000,184810.00000000,0.00600000,87333.00000000,0.00599000,62249.00000000,0.00598000,67045.00000000,0.00597000,69683.00000000,0.00608000,121450.00000000,0.00609000,70840.00000000,0.00610000,202175.00000000,0.00611000,61283.00000000,0.00612000,281465.00000000,0.00613000,128729.00000000,0.00614000,106373.00000000,0.00615000,71997.00000000,0.00616000,78114.00000000,0.00617000,81543.00000000,0.006080,354805,0.006078,905,0.006077,1,0.006076,34101,0.006075,49183,0.006074,6926,0.006073,40352,0.006072,7725,0.006071,77524,0.006070,54468,0.006085,17601,0.006086,83521,0.006087,31786,0.006088,40704,0.006089,17810,0.006090,904,0.006091,41692,0.006092,13890,0.006093,73569,0.006094,51001
binance,bybit,RDNTUSDT,0.00609000,0.006087,-0.0493,1774107108000,0.00607000,121450.00000000,0.00606000,250733.00000000,0.00605000,188487.00000000,0.00604000,314953.00000000,0.00603000,176938.00000000,0.00602000,1457924.00000000,0.00601000,66583.00000000,0.00600000,87333.00000000,0.00599000,62249.00000000,0.00598000,67045.00000000,0.00609000,70840.00000000,0.00610000,188117.00000000,0.00611000,61283.00000000,0.00612000,240540.00000000,0.00613000,149956.00000000,0.00614000,106373.00000000,0.00615000,71997.00000000,0.00616000,78114.00000000,0.00617000,81543.00000000,0.00618000,51495.00000000,0.006087,16428,0.006085,10000,0.006084,9798,0.006083,1644,0.006082,16442,0.006081,7035,0.006080,6425,0.006079,44808,0.006078,32159,0.006077,4933,0.006088,45655,0.006090,40386,0.006091,1973,0.006092,51059,0.006093,42064,0.006094,10889,0.006095,74394,0.006096,136661,0.006097,10839,0.006098,23041
binance,bybit,RDNTUSDT,0.00608000,0.00609,0.1645,1774107109000,0.00606000,172276.00000000,0.00605000,266813.00000000,0.00604000,261246.00000000,0.00603000,251655.00000000,0.00602000,1437216.00000000,0.00601000,184810.00000000,0.00600000,87333.00000000,0.00599000,62249.00000000,0.00598000,67045.00000000,0.00597000,69683.00000000,0.00608000,148022.00000000,0.00609000,189005.00000000,0.00610000,202175.00000000,0.00611000,61283.00000000,0.00612000,243035.00000000,0.00613000,133403.00000000,0.00614000,106373.00000000,0.00615000,71997.00000000,0.00616000,78114.00000000,0.00617000,81543.00000000,0.006089,213999,0.006087,2220,0.006086,37531,0.006085,6718,0.006084,15032,0.006083,30628,0.006082,36949,0.006081,53132,0.006080,5877,0.006079,54306,0.006093,8155,0.006094,2660,0.006095,40719,0.006096,36439,0.006097,76637,0.006098,74590,0.006099,39811,0.006100,362314,0.006101,41938,0.006102,42692
binance,bybit,RDNTUSDT,0.00608000,0.00609,0.1645,1774107110000,0.00606000,172276.00000000,0.00605000,266813.00000000,0.00604000,261246.00000000,0.00603000,234819.00000000,0.00602000,1388494.00000000,0.00601000,184810.00000000,0.00600000,87333.00000000,0.00599000,62249.00000000,0.00598000,67045.00000000,0.00597000,69683.00000000,0.00608000,136289.00000000,0.00609000,189005.00000000,0.00610000,202175.00000000,0.00611000,61283.00000000,0.00612000,243035.00000000,0.00613000,133403.00000000,0.00614000,106373.00000000,0.00615000,71997.00000000,0.00616000,78114.00000000,0.00617000,81543.00000000,0.006091,14916,0.006090,221115,0.006089,6874,0.006088,26266,0.006087,3641,0.006086,38407,0.006085,10923,0.006084,44963,0.006083,12515,0.006082,72333,0.006095,15495,0.006096,3408,0.006097,41956,0.006098,17524,0.006099,56112,0.006100,494300,0.006101,113,0.006102,902,0.006103,985123,0.006104,902
binance,bybit,RDNTUSDT,0.00608000,0.006093,0.2138,1774107112000,0.00606000,172276.00000000,0.00605000,266813.00000000,0.00604000,261246.00000000,0.00603000,234819.00000000,0.00602000,1449192.00000000,0.00601000,184810.00000000,0.00600000,87333.00000000,0.00599000,62249.00000000,0.00598000,67045.00000000,0.00597000,69683.00000000,0.00608000,136289.00000000,0.00609000,189005.00000000,0.00610000,207584.00000000,0.00611000,115604.00000000,0.00612000,198773.00000000,0.00613000,128729.00000000,0.00614000,106373.00000000,0.00615000,71997.00000000,0.00616000,78114.00000000,0.00617000,81543.00000000,0.006093,1471,0.006091,6617,0.006090,16420,0.006089,62232,0.006088,3087,0.006087,56763,0.006086,15896,0.006085,55870,0.006084,41319,0.006083,11750,0.006095,15495,0.006096,197377,0.006097,1968,0.006098,46072,0.006099,60447,0.006100,230152,0.006101,40190,0.006102,23380,0.006103,985123,0.006104,902
binance,bybit,RDNTUSDT,0.00609000,0.006096,0.0985,1774107113000,0.00608000,1883.00000000,0.00607000,126656.00000000,0.00606000,275533.00000000,0.00605000,163816.00000000,0.00604000,327262.00000000,0.00603000,185639.00000000,0.00602000,1440204.00000000,0.00601000,60854.00000000,0.00600000,87333.00000000,0.00599000,212249.00000000,0.00609000,189005.00000000,0.00610000,212918.00000000,0.00611000,115604.00000000,0.00612000,198773.00000000,0.00613000,128729.00000000,0.00614000,106373.00000000,0.00615000,71997.00000000,0.00616000,78114.00000000,0.00617000,81543.00000000,0.00618000,51495.00000000,0.006096,15610,0.006094,7695,0.006093,4226,0.006092,9244,0.006091,24874,0.006090,16628,0.006089,32634,0.006088,24150,0.006087,43614,0.006086,9665,0.006098,902,0.006099,49748,0.006100,232618,0.006101,13526,0.006102,61388,0.006103,985123,0.006104,134186,0.006106,939,0.006107,3946,0.006108,901
binance,bybit,RDNTUSDT,0.00609000,0.006099,0.1478,1774107115000,0.00608000,1883.00000000,0.00607000,126656.00000000,0.00606000,275533.00000000,0.00605000,163816.00000000,0.00604000,337208.00000000,0.00603000,241867.00000000,0.00602000,1440204.00000000,0.00601000,60854.00000000,0.00600000,87333.00000000,0.00599000,212249.00000000,0.00609000,70778.00000000,0.00610000,198860.00000000,0.00611000,110945.00000000,0.00612000,196278.00000000,0.00613000,149964.00000000,0.00614000,106373.00000000,0.00615000,71997.00000000,0.00616000,78114.00000000,0.00617000,81543.00000000,0.00618000,51495.00000000,0.006099,214626,0.006098,7120,0.006096,5632,0.006095,14153,0.006094,8193,0.006093,8018,0.006092,48141,0.006091,50058,0.006090,1298,0.006089,6728,0.006100,99227,0.006101,113,0.006102,63206,0.006103,985123,0.006104,132020,0.006105,4330,0.006106,7179,0.006107,6655,0.006108,6193,0.006109,191301
binance,bybit,RDNTUSDT,0.00609000,0.006099,0.1478,1774107116000,0.00608000,120110.00000000,0.00607000,160248.00000000,0.00606000,275533.00000000,0.00605000,213817.00000000,0.00604000,312598.00000000,0.00603000,122887.00000000,0.00602000,1440204.00000000,0.00601000,60854.00000000,0.00600000,87333.00000000,0.00599000,212249.00000000,0.00609000,41826.00000000,0.00610000,138682.00000000,0.00611000,110945.00000000,0.00612000,172370.00000000,0.00613000,203648.00000000,0.00614000,106373.00000000,0.00615000,71997.00000000,0.00616000,78114.00000000,0.00617000,81543.00000000,0.00618000,51495.00000000,0.006098,861311,0.006096,21671,0.006095,43453,0.006094,19012,0.006092,4559,0.006090,14096,0.006089,43685,0.006088,22034,0.006087,56978,0.006086,37430,0.006101,3589,0.006102,4330,0.006103,714685,0.006104,67950,0.006105,6655,0.006106,939,0.006108,10745,0.006109,191301,0.006110,24101,0.006112,48724
binance,bybit,RDNTUSDT,0.00609000,0.006104,0.2299,1774107117000,0.00608000,120110.00000000,0.00607000,160248.00000000,0.00606000,296584.00000000,0.00605000,194661.00000000,0.00604000,372295.00000000,0.00603000,122887.00000000,0.00602000,1440204.00000000,0.00601000,60854.00000000,0.00600000,87333.00000000,0.00599000,212249.00000000,0.00609000,41826.00000000,0.00610000,138682.00000000,0.00611000,110945.00000000,0.00612000,172370.00000000,0.00613000,203648.00000000,0.00614000,106373.00000000,0.00615000,71997.00000000,0.00616000,78114.00000000,0.00617000,81543.00000000,0.00618000,51495.00000000,0.006104,867034,0.006103,35650,0.006101,11386,0.006099,20620,0.006097,4559,0.006095,47902,0.006094,27638,0.006093,6713,0.006092,42222,0.006091,22663,0.006105,64795,0.006106,939,0.006108,6799,0.006109,195631,0.006110,42532,0.006112,49825,0.006114,42225,0.006115,3094,0.006116,42225,0.006117,2432
binance,bybit,RDNTUSDT,0.00609000,0.006105,0.2463,1774107118000,0.00608000,1883.00000000,0.00607000,160248.00000000,0.00606000,271974.00000000,0.00605000,193880.00000000,0.00604000,307135.00000000,0.00603000,235642.00000000,0.00602000,1440204.00000000,0.00601000,60854.00000000,0.00600000,87333.00000000,0.00599000,212249.00000000,0.00609000,41826.00000000,0.00610000,165038.00000000,0.00611000,110945.00000000,0.00612000,172370.00000000,0.00613000,203648.00000000,0.00614000,106373.00000000,0.00615000,71997.00000000,0.00616000,78114.00000000,0.00617000,81543.00000000,0.00618000,51495.00000000,0.006105,237572,0.006104,8111,0.006103,2165,0.006102,5632,0.006101,10138,0.006100,902,0.006099,20522,0.006098,53145,0.006097,54108,0.006096,15863,0.006107,64878,0.006108,39693,0.006109,164409,0.006110,42715,0.006111,3589,0.006112,47746,0.006114,43180,0.006115,7040,0.006116,42225,0.006117,10422
binance,bybit,RDNTUSDT,0.00609000,0.006104,0.2299,1774107119000,0.00608000,118227.00000000,0.00607000,151125.00000000,0.00606000,296519.00000000,0.00605000,192813.00000000,0.00604000,373465.00000000,0.00603000,147936.00000000,0.00602000,1440204.00000000,0.00601000,60854.00000000,0.00600000,87333.00000000,0.00599000,212249.00000000,0.00609000,41756.00000000,0.00610000,138682.00000000,0.00611000,110945.00000000,0.00612000,172315.00000000,0.00613000,203632.00000000,0.00614000,106373.00000000,0.00615000,71997.00000000,0.00616000,78114.00000000,0.00617000,81543.00000000,0.00618000,51495.00000000,0.006103,538453,0.006102,15898,0.006101,6210,0.006100,5694,0.006099,30763,0.006098,47951,0.006097,78478,0.006096,9699,0.006095,55762,0.006094,44814,0.006105,67200,0.006109,164409,0.006110,901,0.006112,41389,0.006113,131103,0.006114,168820,0.006115,113,0.006116,46171,0.006117,2495,0.006118,42224
binance,bybit,RDNTUSDT,0.00609000,0.0061,0.1642,1774107120000,0.00608000,3331.00000000,0.00607000,151125.00000000,0.00606000,271909.00000000,0.00605000,267423.00000000,0.00604000,374954.00000000,0.00603000,232571.00000000,0.00602000,1440204.00000000,0.00601000,60854.00000000,0.00600000,87333.00000000,0.00599000,212249.00000000,0.00609000,41756.00000000,0.00610000,138682.00000000,0.00611000,110945.00000000,0.00612000,172315.00000000,0.00613000,203632.00000000,0.00614000,106373.00000000,0.00615000,71997.00000000,0.00616000,78114.00000000,0.00617000,81543.00000000,0.00618000,51495.00000000,0.006100,10000,0.006099,318866,0.006098,820,0.006097,3189,0.006096,69270,0.006095,52003,0.006094,49217,0.006092,26711,0.006091,54756,0.006090,4894,0.006102,10587,0.006103,68127,0.006104,902,0.006106,15636,0.006107,47410,0.006108,28292,0.006109,164409,0.006110,44402,0.006112,60617,0.006113,131103
binance,bybit,RDNTUSDT,0.00611000,0.006134,0.3928,1774107121000,0.00610000,118227.00000000,0.00609000,176490.00000000,0.00608000,232229.00000000,0.00607000,200305.00000000,0.00606000,414184.00000000,0.00605000,748660.00000000,0.00604000,83494.00000000,0.00603000,62258.00000000,0.00602000,854326.00000000,0.00601000,60854.00000000,0.00611000,63399.00000000,0.00612000,151631.00000000,0.00613000,148916.00000000,0.00614000,97427.00000000,0.00615000,146978.00000000,0.00616000,118255.00000000,0.00617000,81543.00000000,0.00618000,85651.00000000,0.00619000,160131.00000000,0.00620000,630644.00000000,0.006134,329969,0.006133,7602,0.006131,3961,0.006130,2164,0.006129,10349,0.006128,14070,0.006127,44142,0.006125,66747,0.006124,24468,0.006123,62504,0.006135,69440,0.006137,3271,0.006139,171293,0.006140,40200,0.006141,49,0.006142,41209,0.006143,1386,0.006144,48735,0.006145,2379,0.006147,43124
binance,bybit,RDNTUSDT,0.00612000,0.006144,0.3922,1774107122000,0.00611000,141685.00000000,0.00610000,118227.00000000,0.00609000,177734.00000000,0.00608000,255928.00000000,0.00607000,278681.00000000,0.00606000,278555.00000000,0.00605000,704389.00000000,0.00604000,77765.00000000,0.00603000,62258.00000000,0.00602000,854326.00000000,0.00612000,53939.00000000,0.00613000,30689.00000000,0.00614000,58769.00000000,0.00615000,196471.00000000,0.00616000,118255.00000000,0.00617000,81543.00000000,0.00618000,85651.00000000,0.00619000,160131.00000000,0.00620000,630644.00000000,0.00621000,98620.00000000,0.006129,17408,0.006128,3633,0.006127,50363,0.006126,27970,0.006125,40167,0.006124,55791,0.006122,6748,0.006121,29191,0.006120,18327,0.006119,46591,0.006132,11170,0.006133,9383,0.006134,40167,0.006135,102910,0.006136,2735,0.006137,1293,0.006138,40167,0.006139,262180,0.006141,51127,0.006142,1009
binance,bybit,RDNTUSDT,0.00612000,0.006141,0.3431,1774107123000,0.00611000,121450.00000000,0.00610000,233049.00000000,0.00609000,177566.00000000,0.00608000,235123.00000000,0.00607000,232834.00000000,0.00606000,279700.00000000,0.00605000,700080.00000000,0.00604000,69002.00000000,0.00603000,62258.00000000,0.00602000,854326.00000000,0.00612000,70078.00000000,0.00613000,30689.00000000,0.00614000,53395.00000000,0.00615000,182328.00000000,0.00616000,123612.00000000,0.00617000,95686.00000000,0.00618000,85651.00000000,0.00619000,160131.00000000,0.00620000,630644.00000000,0.00621000,98620.00000000,0.006142,16281,0.006141,1345,0.006140,6348,0.006138,51814,0.006137,4713,0.006136,43993,0.006135,38694,0.006134,10425,0.006133,56741,0.006132,31705,0.006145,20395,0.006146,65041,0.006148,51814,0.006150,48233,0.006151,43481,0.006152,895,0.006153,38874,0.006154,824,0.006155,41476,0.006156,5994
binance,bybit,RDNTUSDT,0.00612000,0.006159,0.6373,1774107124000,0.00615000,7575.00000000,0.00614000,149008.00000000,0.00613000,187963.00000000,0.00612000,244500.00000000,0.00611000,334412.00000000,0.00610000,295104.00000000,0.00609000,172589.00000000,0.00608000,652094.00000000,0.00607000,70602.00000000,0.00606000,84497.00000000,0.00616000,5201.00000000,0.00617000,46621.00000000,0.00618000,23834.00000000,0.00619000,275395.00000000,0.00620000,630644.00000000,0.00621000,98620.00000000,0.00622000,54020.00000000,0.00623000,133187.00000000,0.00624000,122999.00000000,0.00625000,121702.00000000,0.006144,22008,0.006143,18699,0.006142,44171,0.006141,30149,0.006140,14818,0.006139,567509,0.006138,5127,0.006136,31059,0.006135,38138,0.006133,70245,0.006149,38915,0.006150,30586,0.006152,42127,0.006153,2602,0.006154,38116,0.006155,45195,0.006156,6002,0.006158,43480,0.006159,64944,0.006160,49229
binance,bybit,RDNTUSDT,0.00612000,0.006189,1.1275,1774107124133,0.00615000,7575.00000000,0.00614000,149008.00000000,0.00613000,252110.00000000,0.00612000,249856.00000000,0.00611000,300143.00000000,0.00610000,62023.00000000,0.00609000,194031.00000000,0.00608000,77670.00000000,0.00607000,64873.00000000,0.00606000,84497.00000000,0.00616000,6498.00000000,0.00617000,32563.00000000,0.00618000,163698.00000000,0.00619000,235254.00000000,0.00620000,630644.00000000,0.00621000,123635.00000000,0.00622000,82982.00000000,0.00623000,133187.00000000,0.00624000,122999.00000000,0.00625000,121702.00000000,0.006144,38868,0.006143,13284,0.006142,36045,0.006141,34970,0.006140,33196,0.006139,560659,0.006136,31059,0.006135,47102,0.006134,2617,0.006133,63902,0.006150,57174,0.006152,42127,0.006153,2602,0.006154,38116,0.006155,45195,0.006156,6002,0.006157,10000,0.006158,43480,0.006159,64944,0.006160,49229
binance,bybit,RDNTUSDT,0.00611000,0.006149,0.6383,1774107124442,0.00609000,29939.00000000,0.00608000,220813.00000000,0.00607000,112872.00000000,0.00606000,109391.00000000,0.00605000,330435.00000000,0.00604000,659531.00000000,0.00603000,918692.00000000,0.00602000,65715.00000000,0.00601000,64503.00000000,0.00600000,24543.00000000,0.00611000,190144.00000000,0.00612000,67063.00000000,0.00613000,283864.00000000,0.00614000,271730.00000000,0.00615000,204213.00000000,0.00616000,229766.00000000,0.00617000,150790.00000000,0.00618000,118227.00000000,0.00619000,176180.00000000,0.00620000,630644.00000000,0.006144,31320,0.006143,13284,0.006142,8136,0.006141,34970,0.006140,33196,0.006139,569354,0.006136,54882,0.006135,47102,0.006134,2617,0.006133,66394,0.006149,65041,0.006150,57174,0.006152,42127,0.006153,2602,0.006154,38116,0.006155,45195,0.006156,6002,0.006157,15862,0.006158,43480,0.006159,64944
binance,bybit,RDNTUSDT,0.00611000,0.006149,0.6383,1774107124749,0.00609000,31241.00000000,0.00608000,220813.00000000,0.00607000,89386.00000000,0.00606000,132877.00000000,0.00605000,324913.00000000,0.00604000,665581.00000000,0.00603000,901857.00000000,0.00602000,82550.00000000,0.00601000,64503.00000000,0.00600000,24543.00000000,0.00611000,184167.00000000,0.00612000,281421.00000000,0.00613000,273359.00000000,0.00614000,186572.00000000,0.00615000,221049.00000000,0.00616000,171205.00000000,0.00617000,156873.00000000,0.00618000,142747.00000000,0.00619000,145425.00000000,0.00620000,630644.00000000,0.006144,31320,0.006143,13284,0.006142,36183,0.006141,34970,0.006140,37138,0.006139,569354,0.006137,39572,0.006136,54882,0.006135,19316,0.006134,25216,0.006149,65041,0.006150,32711,0.006151,2575,0.006152,30411,0.006153,2602,0.006154,38116,0.006155,2004,0.006156,6002,0.006157,53605,0.006158,43480
binance,bybit,RDNTUSDT,0.00610000,0.006145,0.7377,1774107125071,0.00609000,6720.00000000,0.00608000,160885.00000000,0.00607000,89386.00000000,0.00606000,109391.00000000,0.00605000,337659.00000000,0.00604000,656768.00000000,0.00603000,920816.00000000,0.00602000,82550.00000000,0.00601000,64503.00000000,0.00600000,88553.00000000,0.00610000,164068.00000000,0.00611000,141647.00000000,0.00612000,297536.00000000,0.00613000,235869.00000000,0.00614000,186572.00000000,0.00615000,221049.00000000,0.00616000,171205.00000000,0.00617000,156873.00000000,0.00618000,142747.00000000,0.00619000,145425.00000000,0.006156,24398,0.006155,4599,0.006154,2857,0.006153,27168,0.006152,87359,0.006151,62773,0.006150,9104,0.006149,15234,0.006148,78161,0.006147,54258,0.006160,29369,0.006162,52230,0.006164,26019,0.006165,37761,0.006166,5049,0.006167,47492,0.006169,84,0.006170,48840,0.006171,16115,0.006172,22399
binance,bybit,RDNTUSDT,0.00611000,0.006148,0.6219,1774107125381,0.00609000,61282.00000000,0.00608000,128802.00000000,0.00607000,88513.00000000,0.00606000,109391.00000000,0.00605000,358516.00000000,0.00604000,697831.00000000,0.00603000,860241.00000000,0.00602000,65715.00000000,0.00601000,17988.00000000,0.00600000,78124.00000000,0.00611000,225647.00000000,0.00612000,178235.00000000,0.00613000,267998.00000000,0.00614000,159931.00000000,0.00615000,221049.00000000,0.00616000,207535.00000000,0.00617000,156873.00000000,0.00618000,145060.00000000,0.00619000,145425.00000000,0.00620000,630644.00000000,0.006192,37560,0.006190,16118,0.006189,37442,0.006187,57319,0.006186,46280,0.006185,4849,0.006184,45782,0.006182,1973,0.006181,45230,0.006180,4314,0.006194,10000,0.006195,2363,0.006198,34965,0.006199,133426,0.006200,3299745,0.006201,3701,0.006202,4426,0.006203,309666,0.006204,580,0.006205,3457
binance,bybit,RDNTUSDT,0.00611000,0.006152,0.6874,1774107125687,0.00609000,1149.00000000,0.00608000,128802.00000000,0.00607000,88513.00000000,0.00606000,132977.00000000,0.00605000,335042.00000000,0.00604000,708298.00000000,0.00603000,849774.00000000,0.00602000,134633.00000000,0.00601000,60658.00000000,0.00600000,26041.00000000,0.00611000,332399.00000000,0.00612000,258651.00000000,0.00613000,242145.00000000,0.00614000,159931.00000000,0.00615000,221049.00000000,0.00616000,171205.00000000,0.00617000,156873.00000000,0.00618000,145060.00000000,0.00619000,145425.00000000,0.00620000,630644.00000000,0.006149,16264,0.006148,32593,0.006147,44921,0.006146,16271,0.006145,35048,0.006144,38383,0.006143,18713,0.006142,63556,0.006141,122716,0.006140,112098,0.006152,65033,0.006153,3555,0.006154,74806,0.006156,40891,0.006157,43267,0.006158,11535,0.006159,35021,0.006161,36225,0.006163,38919,0.006164,55542
binance,bybit,RDNTUSDT,0.00609000,0.006119,0.4762,1774107125990,0.00609000,2788.00000000,0.00608000,128802.00000000,0.00607000,95611.00000000,0.00606000,132977.00000000,0.00605000,363301.00000000,0.00604000,680454.00000000,0.00603000,849774.00000000,0.00602000,65715.00000000,0.00601000,81351.00000000,0.00600000,78124.00000000,0.00611000,307057.00000000,0.00612000,149284.00000000,0.00613000,322561.00000000,0.00614000,123601.00000000,0.00615000,187149.00000000,0.00616000,201173.00000000,0.00617000,168134.00000000,0.00618000,144578.00000000,0.00619000,145425.00000000,0.00620000,630644.00000000,0.006148,17270,0.006144,896,0.006143,48837,0.006142,36745,0.006141,53725,0.006140,127544,0.006139,560659,0.006137,52980,0.006136,3062,0.006135,106618,0.006149,56,0.006150,20874,0.006151,55275,0.006152,8043,0.006153,113119,0.006154,93880,0.006155,3866,0.006156,40056,0.006158,1311,0.006160,35286
binance,bybit,RDNTUSDT,0.00609000,0.006124,0.5583,1774107126298,0.00608000,69431.00000000,0.00607000,181620.00000000,0.00606000,139988.00000000,0.00605000,147612.00000000,0.00604000,707459.00000000,0.00603000,869036.00000000,0.00602000,184765.00000000,0.00601000,64516.00000000,0.00600000,94959.00000000,0.00599000,199582.00000000,0.00609000,131373.00000000,0.00610000,107229.00000000,0.00611000,220828.00000000,0.00612000,195179.00000000,0.00613000,281138.00000000,0.00614000,130988.00000000,0.00615000,134292.00000000,0.00616000,138450.00000000,0.00617000,106693.00000000,0.00618000,124955.00000000,0.006147,11116,0.006146,32542,0.006145,60522,0.006144,4387,0.006143,70139,0.006141,43637,0.006140,44107,0.006139,58570,0.006138,63013,0.006137,107744,0.006151,12318,0.006152,54915,0.006153,3408,0.006154,162,0.006155,104049,0.006156,113,0.006157,35452,0.006158,35452,0.006159,2882,0.006160,35443
binance,bybit,RDNTUSDT,0.00608000,0.006117,0.6086,1774107126602,0.00606000,202498.00000000,0.00605000,178092.00000000,0.00604000,642182.00000000,0.00603000,920626.00000000,0.00602000,191164.00000000,0.00601000,70245.00000000,0.00600000,138941.00000000,0.00599000,261738.00000000,0.00598000,865.00000000,0.00597000,16835.00000000,0.00608000,193119.00000000,0.00609000,103580.00000000,0.00610000,164239.00000000,0.00611000,312151.00000000,0.00612000,181191.00000000,0.00613000,149634.00000000,0.00614000,125614.00000000,0.00615000,134292.00000000,0.00616000,117525.00000000,0.00617000,106693.00000000,0.006123,14502,0.006122,4700,0.006121,37264,0.006120,18418,0.006119,31304,0.006118,16345,0.006117,35917,0.006115,39183,0.006114,34997,0.006113,74180,0.006128,29928,0.006129,12255,0.006130,85051,0.006131,60576,0.006132,45773,0.006133,131074,0.006134,11712,0.006135,15481,0.006136,50237,0.006137,136087
binance,bybit,RDNTUSDT,0.00608000,0.006121,0.6743,1774107126908,0.00606000,45985.00000000,0.00605000,239521.00000000,0.00604000,642182.00000000,0.00603000,920626.00000000,0.00602000,191164.00000000,0.00601000,70245.00000000,0.00600000,138941.00000000,0.00599000,262891.00000000,0.00598000,64698.00000000,0.00597000,17988.00000000,0.00608000,291723.00000000,0.00609000,173035.00000000,0.00610000,157366.00000000,0.00611000,279888.00000000,0.00612000,181191.00000000,0.00613000,178952.00000000,0.00614000,125614.00000000,0.00615000,98604.00000000,0.00616000,117525.00000000,0.00617000,106693.00000000,0.006120,37718,0.006118,35742,0.006117,42288,0.006116,36946,0.006115,102219,0.006114,32712,0.006113,49254,0.006112,102249,0.006111,411360,0.006109,53604,0.006126,32648,0.006127,32255,0.006128,43316,0.006129,86171,0.006130,64451,0.006131,43478,0.006132,14603,0.006133,93801,0.006134,51744,0.006135,16763
binance,bybit,RDNTUSDT,0.00608000,0.006112,0.5263,1774107127215,0.00606000,19946.00000000,0.00605000,238990.00000000,0.00604000,642182.00000000,0.00603000,920626.00000000,0.00602000,191164.00000000,0.00601000,70245.00000000,0.00600000,138941.00000000,0.00599000,279726.00000000,0.00598000,64698.00000000,0.00597000,1153.00000000,0.00608000,290740.00000000,0.00609000,166162.00000000,0.00610000,160421.00000000,0.00611000,279888.00000000,0.00612000,181102.00000000,0.00613000,178952.00000000,0.00614000,125614.00000000,0.00615000,123139.00000000,0.00616000,111441.00000000,0.00617000,106693.00000000,0.006113,32718,0.006112,69934,0.006111,411360,0.006110,39037,0.006109,1415,0.006108,39613,0.006106,73293,0.006105,36947,0.006104,60517,0.006103,35194,0.006119,3279,0.006120,29314,0.006122,36804,0.006123,2808,0.006124,32965,0.006125,21731,0.006126,75166,0.006127,54642,0.006128,276039,0.006129,51116
binance,bybit,RDNTUSDT,0.00608000,0.006115,0.5757,1774107127520,0.00606000,13406.00000000,0.00605000,207086.00000000,0.00604000,642182.00000000,0.00603000,920626.00000000,0.00602000,196645.00000000,0.00601000,70245.00000000,0.00600000,138941.00000000,0.00599000,230144.00000000,0.00598000,64698.00000000,0.00597000,61007.00000000,0.00608000,234919.00000000,0.00609000,166162.00000000,0.00610000,168544.00000000,0.00611000,279888.00000000,0.00612000,181102.00000000,0.00613000,178952.00000000,0.00614000,125614.00000000,0.00615000,123139.00000000,0.00616000,111441.00000000,0.00617000,106693.00000000,0.006115,16353,0.006114,2147,0.006113,76965,0.006112,89615,0.006111,411360,0.006109,56355,0.006108,3085,0.006106,126272,0.006105,2024,0.006104,95301,0.006119,12459,0.006120,18299,0.006121,53713,0.006122,30643,0.006123,107192,0.006125,61296,0.006126,33032,0.006127,58221,0.006128,273315,0.006129,39718
binance,bybit,RDNTUSDT,0.00608000,0.006117,0.6086,1774107127835,0.00606000,13406.00000000,0.00605000,272407.00000000,0.00604000,642182.00000000,0.00603000,920626.00000000,0.00602000,196645.00000000,0.00601000,70245.00000000,0.00600000,138941.00000000,0.00599000,230144.00000000,0.00598000,64698.00000000,0.00597000,1153.00000000,0.00608000,268807.00000000,0.00609000,173035.00000000,0.00610000,153548.00000000,0.00611000,279888.00000000,0.00612000,181102.00000000,0.00613000,178952.00000000,0.00614000,125614.00000000,0.00615000,123139.00000000,0.00616000,111441.00000000,0.00617000,106693.00000000,0.006117,16348,0.006115,32706,0.006114,28359,0.006113,27888,0.006112,106317,0.006111,411360,0.006109,56345,0.006108,3085,0.006106,126272,0.006105,2024,0.006119,15965,0.006121,49791,0.006122,28682,0.006123,103747,0.006125,63257,0.006126,42358,0.006127,58221,0.006128,273315,0.006129,36858,0.006130,10085
binance,bybit,RDNTUSDT,0.00606000,0.006097,0.6106,1774107128145,0.00606000,13406.00000000,0.00605000,148191.00000000,0.00604000,671443.00000000,0.00603000,901250.00000000,0.00602000,189013.00000000,0.00601000,96732.00000000,0.00600000,138941.00000000,0.00599000,230144.00000000,0.00598000,64698.00000000,0.00597000,61160.00000000,0.00607000,234239.00000000,0.00608000,134555.00000000,0.00609000,201961.00000000,0.00610000,169962.00000000,0.00611000,249376.00000000,0.00612000,182084.00000000,0.00613000,176669.00000000,0.00614000,131698.00000000,0.00615000,123139.00000000,0.00616000,111441.00000000,0.006097,20035,0.006094,39560,0.006092,953,0.006091,38718,0.006090,5397,0.006089,37170,0.006088,32852,0.006087,138934,0.006084,40072,0.006083,15410,0.006099,10000,0.006100,7139,0.006102,2147,0.006105,61496,0.006106,75915,0.006107,37161,0.006108,14817,0.006109,51690,0.006110,160798,0.006112,23916
binance,bybit,RDNTUSDT,0.00607000,0.006101,0.5107,1774107128447,0.00605000,55084.00000000,0.00604000,578228.00000000,0.00603000,980767.00000000,0.00602000,229686.00000000,0.00601000,94875.00000000,0.00600000,86858.00000000,0.00599000,219038.00000000,0.00598000,116781.00000000,0.00597000,77995.00000000,0.00596000,184901.00000000,0.00606000,140645.00000000,0.00607000,160513.00000000,0.00608000,134555.00000000,0.00609000,233121.00000000,0.00610000,211230.00000000,0.00611000,175586.00000000,0.00612000,140577.00000000,0.00613000,176669.00000000,0.00614000,98604.00000000,0.00615000,123139.00000000,0.006101,53550,0.006100,16393,0.006099,37159,0.006098,37261,0.006097,3633,0.006095,41201,0.006094,38248,0.006093,20823,0.006092,38214,0.006091,5007,0.006106,11996,0.006107,8568,0.006108,38060,0.006109,43374,0.006111,5227,0.006112,63256,0.006113,29791,0.006114,37202,0.006115,2278,0.006116,61291
binance,bybit,RDNTUSDT,0.00607000,0.006102,0.5272,1774107128750,0.00605000,92445.00000000,0.00604000,673331.00000000,0.00603000,950584.00000000,0.00602000,229686.00000000,0.00601000,100365.00000000,0.00600000,92587.00000000,0.00599000,213309.00000000,0.00598000,133616.00000000,0.00597000,61160.00000000,0.00596000,122941.00000000,0.00607000,215515.00000000,0.00608000,134555.00000000,0.00609000,191367.00000000,0.00610000,268184.00000000,0.00611000,192422.00000000,0.00612000,104978.00000000,0.00613000,176669.00000000,0.00614000,124561.00000000,0.00615000,123139.00000000,0.00616000,111441.00000000,0.006102,16388,0.006099,46101,0.006097,40634,0.006096,32808,0.006095,41043,0.006094,987,0.006093,37032,0.006092,5364,0.006091,38875,0.006090,23785,0.006105,3658,0.006106,16377,0.006107,37036,0.006108,901,0.006109,45333,0.006111,47304,0.006112,51524,0.006113,19658,0.006114,39819,0.006115,113
binance,bybit,RDNTUSDT,0.00607000,0.006102,0.5272,1774107129054,0.00605000,92445.00000000,0.00604000,608526.00000000,0.00603000,950584.00000000,0.00602000,229686.00000000,0.00601000,100365.00000000,0.00600000,92587.00000000,0.00599000,213309.00000000,0.00598000,133616.00000000,0.00597000,61160.00000000,0.00596000,122941.00000000,0.00607000,277596.00000000,0.00608000,95945.00000000,0.00609000,159331.00000000,0.00610000,268184.00000000,0.00611000,192422.00000000,0.00612000,137456.00000000,0.00613000,176669.00000000,0.00614000,124561.00000000,0.00615000,123139.00000000,0.00616000,111441.00000000,0.006102,72185,0.006100,37030,0.006099,2370,0.006098,37932,0.006097,62420,0.006095,4042,0.006094,5398,0.006093,40196,0.006092,2921,0.006091,40843,0.006107,11968,0.006108,3852,0.006109,32039,0.006110,32734,0.006111,59773,0.006112,78225,0.006113,9678,0.006114,39819,0.006115,31178,0.006116,42926
binance,bybit,RDNTUSDT,0.00607000,0.006099,0.4778,1774107129365,0.00605000,92445.00000000,0.00604000,668922.00000000,0.00603000,950584.00000000,0.00602000,229686.00000000,0.00601000,100645.00000000,0.00600000,92587.00000000,0.00599000,213309.00000000,0.00598000,133616.00000000,0.00597000,61160.00000000,0.00596000,122941.00000000,0.00607000,290212.00000000,0.00608000,95945.00000000,0.00609000,130573.00000000,0.00610000,241766.00000000,0.00611000,192422.00000000,0.00612000,140570.00000000,0.00613000,176669.00000000,0.00614000,124561.00000000,0.00615000,123139.00000000,0.00616000,111441.00000000,0.006099,16396,0.006095,36938,0.006094,33807,0.006093,32347,0.006092,33783,0.006091,40779,0.006090,21817,0.006089,2613,0.006088,50508,0.006087,111535,0.006102,28967,0.006104,46938,0.006105,34052,0.006106,67402,0.006107,36959,0.006108,19774,0.006109,43797,0.006110,2989,0.006111,62803,0.006112,43926
binance,bybit,RDNTUSDT,0.00607000,0.006095,0.4119,1774107129671,0.00605000,92445.00000000,0.00604000,669692.00000000,0.00603000,950584.00000000,0.00602000,229686.00000000,0.00601000,100645.00000000,0.00600000,92587.00000000,0.00599000,213309.00000000,0.00598000,133616.00000000,0.00597000,61160.00000000,0.00596000,122941.00000000,0.00607000,288335.00000000,0.00608000,95945.00000000,0.00609000,130573.00000000,0.00610000,241766.00000000,0.00611000,192422.00000000,0.00612000,140570.00000000,0.00613000,176669.00000000,0.00614000,124561.00000000,0.00615000,123139.00000000,0.00616000,111441.00000000,0.006095,16407,0.006094,987,0.006093,3027,0.006092,19731,0.006091,38722,0.006090,40205,0.006089,40824,0.006088,32852,0.006087,138656,0.006086,1968,0.006099,15148,0.006101,38842,0.006102,8245,0.006103,36883,0.006104,2155,0.006105,36883,0.006106,16873,0.006107,126216,0.006108,167629,0.006110,36941
binance,bybit,RDNTUSDT,0.00607000,0.006092,0.3624,1774107129972,0.00605000,92445.00000000,0.00604000,608526.00000000,0.00603000,950584.00000000,0.00602000,229686.00000000,0.00601000,100645.00000000,0.00600000,92587.00000000,0.00599000,213309.00000000,0.00598000,133616.00000000,0.00597000,61160.00000000,0.00596000,185683.00000000,0.00607000,288335.00000000,0.00608000,95945.00000000,0.00609000,179753.00000000,0.00610000,218567.00000000,0.00611000,192422.00000000,0.00612000,140570.00000000,0.00613000,176669.00000000,0.00614000,124561.00000000,0.00615000,123139.00000000,0.00616000,111441.00000000,0.006093,164,0.006092,218616,0.006090,39444,0.006087,101773,0.006085,55024,0.006084,37679,0.006083,40188,0.006082,95624,0.006081,1970,0.006080,37935,0.006098,2989,0.006099,45275,0.006100,15875,0.006101,92822,0.006102,96475,0.006103,1216,0.006105,36883,0.006106,23338,0.006107,65566,0.006108,133070
binance,bybit,RDNTUSDT,0.00607000,0.006103,0.5437,1774107130273,0.00605000,83604.00000000,0.00604000,608526.00000000,0.00603000,158728.00000000,0.00602000,229686.00000000,0.00601000,892036.00000000,0.00600000,191191.00000000,0.00599000,213309.00000000,0.00598000,133616.00000000,0.00597000,61160.00000000,0.00596000,187137.00000000,0.00607000,151800.00000000,0.00608000,95945.00000000,0.00609000,206358.00000000,0.00610000,367117.00000000,0.00611000,192422.00000000,0.00612000,140643.00000000,0.00613000,176669.00000000,0.00614000,137398.00000000,0.00615000,123139.00000000,0.00616000,98604.00000000,0.006102,512812,0.006101,2254,0.006100,1146,0.006097,3158,0.006094,63119,0.006093,90175,0.006092,25949,0.006091,6560,0.006090,26105,0.006089,22333,0.006104,6744,0.006106,33074,0.006107,14522,0.006108,55688,0.006109,36718,0.006110,81331,0.006111,28725,0.006112,58215,0.006113,63942,0.006114,5335
binance,bybit,RDNTUSDT,0.00607000,0.006101,0.5107,1774107130573,0.00605000,83604.00000000,0.00604000,608526.00000000,0.00603000,161164.00000000,0.00602000,229686.00000000,0.00601000,892036.00000000,0.00600000,191191.00000000,0.00599000,213309.00000000,0.00598000,133616.00000000,0.00597000,61160.00000000,0.00596000,187137.00000000,0.00607000,151800.00000000,0.00608000,120761.00000000,0.00609000,230968.00000000,0.00610000,342507.00000000,0.00611000,192422.00000000,0.00612000,140643.00000000,0.00613000,176669.00000000,0.00614000,137398.00000000,0.00615000,123139.00000000,0.00616000,98604.00000000,0.006101,2254,0.006100,1146,0.006097,68766,0.006096,27457,0.006095,6560,0.006094,26185,0.006093,81237,0.006092,25949,0.006091,4255,0.006090,29269,0.006104,34979,0.006106,69735,0.006107,66348,0.006108,2382,0.006109,31423,0.006110,81331,0.006111,36578,0.006112,50362,0.006113,66084,0.006114,5335
binance,bybit,RDNTUSDT,0.00607000,0.006096,0.4283,1774107130873,0.00605000,83604.00000000,0.00604000,608526.00000000,0.00603000,161164.00000000,0.00602000,229686.00000000,0.00601000,892036.00000000,0.00600000,191191.00000000,0.00599000,213309.00000000,0.00598000,133616.00000000,0.00597000,61160.00000000,0.00596000,187137.00000000,0.00607000,142380.00000000,0.00608000,95945.00000000,0.00609000,206358.00000000,0.00610000,367117.00000000,0.00611000,192422.00000000,0.00612000,104978.00000000,0.00613000,176669.00000000,0.00614000,137398.00000000,0.00615000,123139.00000000,0.00616000,98604.00000000,0.006097,2057,0.006095,19565,0.006094,26185,0.006093,44263,0.006090,58739,0.006089,1970,0.006088,36718,0.006087,101773,0.006086,46008,0.006085,3940,0.006099,18481,0.006100,149772,0.006101,15052,0.006102,2155,0.006103,102503,0.006104,28281,0.006105,102020,0.006106,3940,0.006107,74127,0.006108,39329
binance,bybit,RDNTUSDT,0.00607000,0.006097,0.4448,1774107131174,0.00605000,83604.00000000,0.00604000,608526.00000000,0.00603000,161164.00000000,0.00602000,229686.00000000,0.00601000,892036.00000000,0.00600000,191191.00000000,0.00599000,213309.00000000,0.00598000,133616.00000000,0.00597000,61160.00000000,0.00596000,187137.00000000,0.00607000,68897.00000000,0.00608000,122076.00000000,0.00609000,206358.00000000,0.00610000,367117.00000000,0.00611000,192422.00000000,0.00612000,140691.00000000,0.00613000,176669.00000000,0.00614000,137398.00000000,0.00615000,123139.00000000,0.00616000,98604.00000000,0.006097,9438,0.006095,21720,0.006094,28302,0.006093,81138,0.006091,43435,0.006090,55313,0.006089,55116,0.006088,41852,0.006087,103743,0.006086,38902,0.006101,16391,0.006102,92661,0.006104,27313,0.006105,36806,0.006106,3940,0.006107,33842,0.006108,41620,0.006109,19193,0.006110,60578,0.006112,80323
binance,bybit,RDNTUSDT,0.00607000,0.006094,0.3954,1774107131474,0.00605000,83604.00000000,0.00604000,669320.00000000,0.00603000,161164.00000000,0.00602000,229686.00000000,0.00601000,892036.00000000,0.00600000,191191.00000000,0.00599000,213309.00000000,0.00598000,133616.00000000,0.00597000,61160.00000000,0.00596000,122941.00000000,0.00607000,60243.00000000,0.00608000,122076.00000000,0.00609000,206358.00000000,0.00610000,367117.00000000,0.00611000,192422.00000000,0.00612000,140691.00000000,0.00613000,176669.00000000,0.00614000,137398.00000000,0.00615000,123139.00000000,0.00616000,98604.00000000,0.006094,300829,0.006093,44263,0.006092,1947,0.006089,59172,0.006088,30002,0.006087,135452,0.006085,44004,0.006084,46971,0.006083,45749,0.006082,95568,0.006099,59794,0.006100,41725,0.006101,2363,0.006102,2857,0.006103,118307,0.006105,35104,0.006106,39523,0.006107,35000,0.006108,39284,0.006109,10695
binance,bybit,RDNTUSDT,0.00607000,0.006097,0.4448,1774107131774,0.00605000,83604.00000000,0.00604000,608526.00000000,0.00603000,161164.00000000,0.00602000,229686.00000000,0.00601000,892036.00000000,0.00600000,191191.00000000,0.00599000,213309.00000000,0.00598000,133616.00000000,0.00597000,61160.00000000,0.00596000,184870.00000000,0.00607000,158847.00000000,0.00608000,122076.00000000,0.00609000,157178.00000000,0.00610000,468254.00000000,0.00611000,192422.00000000,0.00612000,140691.00000000,0.00613000,176669.00000000,0.00614000,137398.00000000,0.00615000,123139.00000000,0.00616000,98604.00000000,0.006097,16402,0.006096,233873,0.006095,7574,0.006094,5676,0.006093,50783,0.006092,28903,0.006091,36492,0.006089,38249,0.006088,32141,0.006087,144173,0.006103,101345,0.006104,2621,0.006105,29700,0.006106,13916,0.006107,74283,0.006108,13555,0.006109,52834,0.006110,88583,0.006111,46961,0.006112,38848
binance,bybit,RDNTUSDT,0.00607000,0.006097,0.4448,1774107132077,0.00605000,83604.00000000,0.00604000,608526.00000000,0.00603000,161164.00000000,0.00602000,229686.00000000,0.00601000,892036.00000000,0.00600000,191191.00000000,0.00599000,213309.00000000,0.00598000,133616.00000000,0.00597000,61160.00000000,0.00596000,184870.00000000,0.00607000,158847.00000000,0.00608000,122076.00000000,0.00609000,230968.00000000,0.00610000,394464.00000000,0.00611000,192422.00000000,0.00612000,104978.00000000,0.00613000,176669.00000000,0.00614000,137398.00000000,0.00615000,123139.00000000,0.00616000,98604.00000000,0.006097,18372,0.006096,13410,0.006095,514606,0.006094,5676,0.006093,50783,0.006092,1947,0.006090,55330,0.006089,38254,0.006087,107681,0.006086,42836,0.006102,10000,0.006104,38905,0.006105,29700,0.006106,43927,0.006107,61008,0.006108,2382,0.006109,59547,0.006110,115766,0.006111,48127,0.006112,7648
binance,bybit,RDNTUSDT,0.00607000,0.006098,0.4613,1774107132377,0.00605000,83604.00000000,0.00604000,608526.00000000,0.00603000,161164.00000000,0.00602000,229686.00000000,0.00601000,892036.00000000,0.00600000,191191.00000000,0.00599000,213309.00000000,0.00598000,133616.00000000,0.00597000,61160.00000000,0.00596000,122941.00000000,0.00607000,150642.00000000,0.00608000,95945.00000000,0.00609000,230968.00000000,0.00610000,394464.00000000,0.00611000,192422.00000000,0.00612000,104978.00000000,0.00613000,176669.00000000,0.00614000,137398.00000000,0.00615000,123139.00000000,0.00616000,98604.00000000,0.006098,34680,0.006095,32695,0.006094,33133,0.006093,82878,0.006092,38351,0.006090,37368,0.006089,6381,0.006088,36276,0.006087,140236,0.006086,3938,0.006101,65092,0.006102,2621,0.006105,42785,0.006106,32754,0.006107,93259,0.006108,121209,0.006109,42544,0.006110,10545,0.006111,62902,0.006112,114685
binance,bybit,RDNTUSDT,0.00607000,0.006101,0.5107,1774107132677,0.00605000,83604.00000000,0.00604000,608526.00000000,0.00603000,161164.00000000,0.00602000,229686.00000000,0.00601000,892036.00000000,0.00600000,191191.00000000,0.00599000,213309.00000000,0.00598000,133616.00000000,0.00597000,61160.00000000,0.00596000,185722.00000000,0.00607000,150642.00000000,0.00608000,131808.00000000,0.00609000,211358.00000000,0.00610000,419074.00000000,0.00611000,192422.00000000,0.00612000,104978.00000000,0.00613000,176669.00000000,0.00614000,137398.00000000,0.00615000,123139.00000000,0.00616000,98604.00000000,0.006101,313907,0.006100,1970,0.006098,16311,0.006097,3410,0.006096,36185,0.006095,45693,0.006094,3313,0.006093,50783,0.006092,36404,0.006091,6444,0.006104,7385,0.006107,64568,0.006108,30472,0.006109,44128,0.006110,5253,0.006111,176188,0.006112,106208,0.006113,41580,0.006114,7500,0.006115,68976
