spot_exch,fut_exch,symbol,ask_spot,bid_futures,spread_pct,ts,s_b1,s_b2,s_b3,s_b4,s_b5,s_b6,s_b7,s_b8,s_b9,s_b10,s_bq1,s_bq2,s_bq3,s_bq4,s_bq5,s_bq6,s_bq7,s_bq8,s_bq9,s_bq10,s_a1,s_a2,s_a3,s_a4,s_a5,s_a6,s_a7,s_a8,s_a9,s_a10,s_aq1,s_aq2,s_aq3,s_aq4,s_aq5,s_aq6,s_aq7,s_aq8,s_aq9,s_aq10,f_b1,f_b2,f_b3,f_b4,f_b5,f_b6,f_b7,f_b8,f_b9,f_b10,f_bq1,f_bq2,f_bq3,f_bq4,f_bq5,f_bq6,f_bq7,f_bq8,f_bq9,f_bq10,f_a1,f_a2,f_a3,f_a4,f_a5,f_a6,f_a7,f_a8,f_a9,f_a10,f_aq1,f_aq2,f_aq3,f_aq4,f_aq5,f_aq6,f_aq7,f_aq8,f_aq9,f_aq10
binance,gate,FUNUSDT,0.00143500,0.03183,2118.1185,1774107166464,0.00143300,32041.00000000,0.00143200,609571.00000000,0.00143100,629282.00000000,0.00143000,97877.00000000,0.00142900,838155.00000000,0.00142800,97451.00000000,0.00142700,60408.00000000,0.00142600,544713.00000000,0.00142500,675115.00000000,0.00142200,8521.00000000,0.00143500,73689.00000000,0.00143600,584602.00000000,0.00143700,839292.00000000,0.00143800,620666.00000000,0.00143900,663997.00000000,0.00144000,526931.00000000,0.00144100,373222.00000000,0.00144200,1401794.00000000,0.00144300,538333.00000000,0.00144400,715123.00000000,0.03183,14,0.03182,76,0.0318,15,0.03179,76,0.03178,15,0.03177,73,0.03176,91,0.03172,14,0.0317,76,0.03165,14,0.03188,15,0.0319,67,0.03191,14,0.03192,76,0.03197,15,0.03198,76,0.032,10,0.03201,15,0.03203,10,0.03204,76
binance,gate,FUNUSDT,0.00143500,0.03183,2118.1185,1774107166765,0.00143300,32041.00000000,0.00143200,609571.00000000,0.00143100,629282.00000000,0.00143000,97877.00000000,0.00142900,838155.00000000,0.00142800,97451.00000000,0.00142700,60408.00000000,0.00142600,544713.00000000,0.00142500,675115.00000000,0.00142200,8521.00000000,0.00143500,73689.00000000,0.00143600,584602.00000000,0.00143700,839292.00000000,0.00143800,620666.00000000,0.00143900,663997.00000000,0.00144000,526931.00000000,0.00144100,373222.00000000,0.00144200,1401794.00000000,0.00144300,538333.00000000,0.00144400,715123.00000000,0.03183,14,0.03182,76,0.0318,15,0.03179,135,0.03178,15,0.03177,14,0.03176,91,0.03172,14,0.0317,76,0.03165,14,0.03191,14,0.03192,143,0.03197,15,0.03198,76,0.032,10,0.03201,15,0.03203,10,0.03204,76,0.03205,10,0.03206,15
binance,gate,FUNUSDT,0.00143500,0.03183,2118.1185,1774107167066,0.00143300,32041.00000000,0.00143200,609571.00000000,0.00143100,629282.00000000,0.00143000,97877.00000000,0.00142900,838155.00000000,0.00142800,97451.00000000,0.00142700,60408.00000000,0.00142600,544713.00000000,0.00142500,675115.00000000,0.00142200,8521.00000000,0.00143500,73689.00000000,0.00143600,584602.00000000,0.00143700,839292.00000000,0.00143800,620666.00000000,0.00143900,663997.00000000,0.00144000,526931.00000000,0.00144100,373222.00000000,0.00144200,1401794.00000000,0.00144300,538333.00000000,0.00144400,715123.00000000,0.03183,14,0.03182,76,0.0318,15,0.03179,135,0.03177,14,0.03176,91,0.03172,14,0.0317,76,0.03165,24,0.03164,76,0.03191,14,0.03192,143,0.03197,15,0.03198,76,0.032,10,0.03201,15,0.03203,10,0.03204,76,0.03205,10,0.03206,15
binance,gate,FUNUSDT,0.00143500,0.03183,2118.1185,1774107167380,0.00143300,32041.00000000,0.00143200,609571.00000000,0.00143100,629282.00000000,0.00143000,97877.00000000,0.00142900,838155.00000000,0.00142800,97451.00000000,0.00142700,60408.00000000,0.00142600,544713.00000000,0.00142500,675115.00000000,0.00142200,8521.00000000,0.00143500,73689.00000000,0.00143600,584602.00000000,0.00143700,839292.00000000,0.00143800,620666.00000000,0.00143900,663997.00000000,0.00144000,526931.00000000,0.00144100,373222.00000000,0.00144200,1401794.00000000,0.00144300,538333.00000000,0.00144400,715123.00000000,0.03183,14,0.03182,76,0.0318,15,0.03179,135,0.03177,14,0.03176,91,0.03172,14,0.0317,76,0.03165,24,0.03164,76,0.03191,14,0.03192,143,0.03197,15,0.03198,76,0.032,10,0.03201,15,0.03203,10,0.03204,76,0.03205,10,0.03206,15
binance,gate,FUNUSDT,0.00143500,0.03183,2118.1185,1774107167696,0.00143300,32041.00000000,0.00143200,609571.00000000,0.00143100,629282.00000000,0.00143000,97877.00000000,0.00142900,838155.00000000,0.00142800,97451.00000000,0.00142700,60408.00000000,0.00142600,544713.00000000,0.00142500,675115.00000000,0.00142200,8521.00000000,0.00143500,73689.00000000,0.00143600,584602.00000000,0.00143700,839292.00000000,0.00143800,620666.00000000,0.00143900,663997.00000000,0.00144000,526931.00000000,0.00144100,373222.00000000,0.00144200,1401794.00000000,0.00144300,538333.00000000,0.00144400,715123.00000000,0.03183,14,0.03182,76,0.0318,15,0.03179,135,0.03177,14,0.03176,91,0.03172,14,0.0317,76,0.03165,24,0.03164,76,0.03191,14,0.03192,143,0.03197,15,0.03198,76,0.032,10,0.03201,15,0.03203,10,0.03204,76,0.03205,10,0.03206,15
binance,gate,FUNUSDT,0.00143500,0.03183,2118.1185,1774107168007,0.00143300,32041.00000000,0.00143200,609571.00000000,0.00143100,629282.00000000,0.00143000,97877.00000000,0.00142900,838155.00000000,0.00142800,97451.00000000,0.00142700,60408.00000000,0.00142600,544713.00000000,0.00142500,675115.00000000,0.00142200,8521.00000000,0.00143500,73689.00000000,0.00143600,584602.00000000,0.00143700,839292.00000000,0.00143800,620666.00000000,0.00143900,663997.00000000,0.00144000,526931.00000000,0.00144100,373222.00000000,0.00144200,1401794.00000000,0.00144300,538333.00000000,0.00144400,715123.00000000,0.03183,14,0.03182,76,0.0318,15,0.03179,135,0.03177,14,0.03176,91,0.03172,14,0.0317,76,0.03166,10,0.03165,24,0.03191,14,0.03192,143,0.03197,15,0.03198,76,0.032,10,0.03201,15,0.03203,10,0.03204,76,0.03205,10,0.03206,15
binance,gate,FUNUSDT,0.00143600,0.03183,2116.5738,1774107168318,0.00143400,45785.00000000,0.00143300,73136.00000000,0.00143200,1172750.00000000,0.00143100,98564.00000000,0.00143000,97877.00000000,0.00142900,843770.00000000,0.00142800,97451.00000000,0.00142700,60408.00000000,0.00142600,476990.00000000,0.00142500,675115.00000000,0.00143600,584602.00000000,0.00143700,574717.00000000,0.00143800,917702.00000000,0.00143900,663997.00000000,0.00144000,585258.00000000,0.00144100,373222.00000000,0.00144200,1401794.00000000,0.00144300,538333.00000000,0.00144400,715123.00000000,0.00144500,194222.00000000,0.03183,14,0.03182,76,0.0318,15,0.03179,135,0.03177,14,0.03176,91,0.03172,14,0.0317,76,0.03166,10,0.03165,24,0.03191,14,0.03192,143,0.03197,15,0.03198,76,0.032,10,0.03201,15,0.03203,10,0.03204,76,0.03205,10,0.03206,15
binance,gate,FUNUSDT,0.00143600,0.03183,2116.5738,1774107168630,0.00143400,45785.00000000,0.00143300,73136.00000000,0.00143200,1172750.00000000,0.00143100,98564.00000000,0.00143000,661056.00000000,0.00142900,310693.00000000,0.00142800,97451.00000000,0.00142700,60408.00000000,0.00142600,476990.00000000,0.00142500,675115.00000000,0.00143600,584602.00000000,0.00143700,574717.00000000,0.00143800,917702.00000000,0.00143900,663997.00000000,0.00144000,585258.00000000,0.00144100,373222.00000000,0.00144200,1401794.00000000,0.00144300,538333.00000000,0.00144400,715123.00000000,0.00144500,194222.00000000,0.03183,14,0.03182,76,0.0318,15,0.03179,135,0.03177,14,0.03176,91,0.03172,14,0.0317,76,0.03166,10,0.03165,24,0.03191,14,0.03192,143,0.03197,15,0.03198,76,0.032,10,0.03201,15,0.03203,10,0.03204,76,0.03205,10,0.03206,15
binance,gate,FUNUSDT,0.00143700,0.03183,2115.0313,1774107168960,0.00143500,18715.00000000,0.00143400,119023.00000000,0.00143300,636327.00000000,0.00143200,609571.00000000,0.00143100,661755.00000000,0.00143000,97877.00000000,0.00142900,310693.00000000,0.00142800,97451.00000000,0.00142600,210204.00000000,0.00142500,675115.00000000,0.00143700,95025.00000000,0.00143800,620666.00000000,0.00143900,663957.00000000,0.00144000,851400.00000000,0.00144100,720988.00000000,0.00144200,1401794.00000000,0.00144300,344044.00000000,0.00144400,520291.00000000,0.00144500,194222.00000000,0.00144600,869488.00000000,0.03183,14,0.03182,76,0.0318,15,0.03179,135,0.03177,14,0.03176,91,0.03172,14,0.0317,76,0.03166,10,0.03165,24,0.03191,14,0.03192,143,0.03197,15,0.03198,76,0.032,10,0.03201,15,0.03203,10,0.03204,76,0.03205,10,0.03206,15
binance,gate,FUNUSDT,0.00143700,0.03183,2115.0313,1774107169279,0.00143500,18715.00000000,0.00143400,119023.00000000,0.00143300,636327.00000000,0.00143200,609571.00000000,0.00143100,661755.00000000,0.00143000,97877.00000000,0.00142900,310693.00000000,0.00142800,97451.00000000,0.00142600,210204.00000000,0.00142500,675115.00000000,0.00143700,95025.00000000,0.00143800,620666.00000000,0.00143900,663957.00000000,0.00144000,585258.00000000,0.00144100,986962.00000000,0.00144200,1401794.00000000,0.00144300,344044.00000000,0.00144400,520291.00000000,0.00144500,194222.00000000,0.00144600,869488.00000000,0.03183,14,0.03182,76,0.0318,15,0.03179,135,0.03177,14,0.03176,91,0.03172,14,0.0317,76,0.03166,10,0.03165,24,0.03191,14,0.03192,143,0.03197,15,0.03198,76,0.032,10,0.03201,15,0.03203,10,0.03204,76,0.03205,10,0.03206,15
binance,gate,FUNUSDT,0.00143700,0.03183,2115.0313,1774107169588,0.00143500,18715.00000000,0.00143400,119023.00000000,0.00143300,636327.00000000,0.00143200,609571.00000000,0.00143100,661755.00000000,0.00143000,97877.00000000,0.00142900,310693.00000000,0.00142800,97451.00000000,0.00142600,210204.00000000,0.00142500,675115.00000000,0.00143700,95025.00000000,0.00143800,620666.00000000,0.00143900,663957.00000000,0.00144000,585258.00000000,0.00144100,986962.00000000,0.00144200,1401794.00000000,0.00144300,344044.00000000,0.00144400,520291.00000000,0.00144500,194222.00000000,0.00144600,869488.00000000,0.03183,14,0.03182,76,0.0318,15,0.03179,135,0.03177,14,0.03176,91,0.03172,14,0.0317,76,0.03166,10,0.03165,24,0.03191,14,0.03192,143,0.03197,15,0.03198,76,0.032,10,0.03201,15,0.03203,10,0.03204,76,0.03205,10,0.03206,15
binance,gate,FUNUSDT,0.00143700,0.03183,2115.0313,1774107169898,0.00143500,18715.00000000,0.00143400,119023.00000000,0.00143300,636327.00000000,0.00143200,609571.00000000,0.00143100,661755.00000000,0.00143000,97877.00000000,0.00142900,310693.00000000,0.00142800,97451.00000000,0.00142600,210204.00000000,0.00142500,675115.00000000,0.00143700,95025.00000000,0.00143800,620666.00000000,0.00143900,663957.00000000,0.00144000,585258.00000000,0.00144100,986962.00000000,0.00144200,1401794.00000000,0.00144300,344044.00000000,0.00144400,520291.00000000,0.00144500,194222.00000000,0.00144600,869488.00000000,0.03183,14,0.03182,76,0.0318,15,0.03179,135,0.03177,14,0.03176,91,0.03172,14,0.0317,76,0.03166,10,0.03165,24,0.03191,14,0.03192,76,0.03193,15,0.03194,67,0.03197,15,0.03198,76,0.032,10,0.03201,15,0.03203,10,0.03204,76
binance,gate,FUNUSDT,0.00143700,0.03183,2115.0313,1774107170228,0.00143500,18715.00000000,0.00143400,119023.00000000,0.00143300,636327.00000000,0.00143200,609571.00000000,0.00143100,661755.00000000,0.00143000,97877.00000000,0.00142900,310693.00000000,0.00142800,97451.00000000,0.00142700,449286.00000000,0.00142600,210204.00000000,0.00143700,95025.00000000,0.00143800,620666.00000000,0.00143900,663957.00000000,0.00144000,585258.00000000,0.00144100,986962.00000000,0.00144200,1401794.00000000,0.00144300,344044.00000000,0.00144400,520291.00000000,0.00144500,194222.00000000,0.00144600,869488.00000000,0.03183,14,0.03182,76,0.0318,15,0.03179,135,0.03177,14,0.03176,91,0.03172,14,0.0317,76,0.03166,10,0.03165,24,0.03191,14,0.03192,76,0.03193,15,0.03194,67,0.03197,15,0.03198,76,0.032,10,0.03201,15,0.03203,10,0.03204,76
binance,gate,FUNUSDT,0.00143700,0.03183,2115.0313,1774107170542,0.00143500,18715.00000000,0.00143400,90569.00000000,0.00143300,636327.00000000,0.00143200,609571.00000000,0.00143100,661755.00000000,0.00143000,97877.00000000,0.00142900,310693.00000000,0.00142800,97451.00000000,0.00142700,449286.00000000,0.00142600,210204.00000000,0.00143700,95025.00000000,0.00143800,620666.00000000,0.00143900,663957.00000000,0.00144000,585258.00000000,0.00144100,986962.00000000,0.00144200,1401794.00000000,0.00144300,344044.00000000,0.00144400,520291.00000000,0.00144500,194222.00000000,0.00144600,869488.00000000,0.03183,14,0.03182,76,0.0318,15,0.03179,135,0.03177,14,0.03176,91,0.03172,14,0.0317,76,0.03166,10,0.03165,24,0.03191,14,0.03192,76,0.03193,15,0.03194,67,0.03197,15,0.03198,76,0.032,10,0.03201,15,0.03203,10,0.03204,76
binance,gate,FUNUSDT,0.00143700,0.03183,2115.0313,1774107170851,0.00143500,18715.00000000,0.00143400,90569.00000000,0.00143300,636327.00000000,0.00143200,609571.00000000,0.00143100,661755.00000000,0.00143000,97877.00000000,0.00142900,310693.00000000,0.00142800,97451.00000000,0.00142700,449286.00000000,0.00142600,210204.00000000,0.00143700,95025.00000000,0.00143800,620666.00000000,0.00143900,663957.00000000,0.00144000,585258.00000000,0.00144100,986962.00000000,0.00144200,1401794.00000000,0.00144300,344044.00000000,0.00144400,520291.00000000,0.00144500,194222.00000000,0.00144600,869488.00000000,0.03183,14,0.03182,91,0.03181,59,0.0318,15,0.03179,76,0.03177,14,0.03176,91,0.03172,14,0.0317,76,0.03166,10,0.03191,14,0.03192,76,0.03193,15,0.03194,67,0.03197,15,0.03198,76,0.032,10,0.03201,15,0.03203,10,0.03204,76
binance,gate,FUNUSDT,0.00143700,0.03183,2115.0313,1774107171163,0.00143500,18715.00000000,0.00143400,90569.00000000,0.00143300,636327.00000000,0.00143200,609571.00000000,0.00143100,661755.00000000,0.00143000,97877.00000000,0.00142900,310693.00000000,0.00142800,97451.00000000,0.00142700,449286.00000000,0.00142600,210204.00000000,0.00143700,95025.00000000,0.00143800,620666.00000000,0.00143900,663957.00000000,0.00144000,585258.00000000,0.00144100,986962.00000000,0.00144200,1401794.00000000,0.00144300,344044.00000000,0.00144400,520291.00000000,0.00144500,194222.00000000,0.00144600,869488.00000000,0.03183,14,0.03182,91,0.03181,59,0.0318,15,0.03179,76,0.03177,14,0.03176,91,0.03172,14,0.0317,76,0.03166,10,0.03191,14,0.03192,76,0.03193,15,0.03194,67,0.03197,15,0.03198,76,0.032,10,0.03201,15,0.03203,10,0.03204,76
binance,gate,FUNUSDT,0.00143700,0.03183,2115.0313,1774107171470,0.00143500,18715.00000000,0.00143400,90569.00000000,0.00143300,636327.00000000,0.00143200,609571.00000000,0.00143100,661755.00000000,0.00143000,97877.00000000,0.00142900,310693.00000000,0.00142800,97451.00000000,0.00142700,449286.00000000,0.00142600,210204.00000000,0.00143700,95025.00000000,0.00143800,620666.00000000,0.00143900,663957.00000000,0.00144000,585258.00000000,0.00144100,986962.00000000,0.00144200,1401794.00000000,0.00144300,344044.00000000,0.00144400,520291.00000000,0.00144500,194222.00000000,0.00144600,869488.00000000,0.03183,14,0.03182,91,0.03181,59,0.0318,15,0.03179,76,0.03177,14,0.03176,91,0.03172,14,0.0317,76,0.03166,10,0.03191,14,0.03192,76,0.03193,15,0.03194,67,0.03197,15,0.03198,76,0.032,10,0.03201,15,0.03203,10,0.03204,76
binance,gate,FUNUSDT,0.00143700,0.03183,2115.0313,1774107171787,0.00143500,18715.00000000,0.00143400,90569.00000000,0.00143300,636327.00000000,0.00143200,609571.00000000,0.00143100,661755.00000000,0.00143000,97877.00000000,0.00142900,310693.00000000,0.00142800,97451.00000000,0.00142700,449286.00000000,0.00142600,210204.00000000,0.00143700,95025.00000000,0.00143800,620666.00000000,0.00143900,663957.00000000,0.00144000,585258.00000000,0.00144100,986962.00000000,0.00144200,1401794.00000000,0.00144300,344044.00000000,0.00144400,520291.00000000,0.00144500,194222.00000000,0.00144600,869488.00000000,0.03183,14,0.03182,91,0.03181,59,0.0318,15,0.03179,76,0.03177,14,0.03176,91,0.03172,14,0.0317,76,0.03166,10,0.03191,14,0.03192,76,0.03193,15,0.03194,67,0.03197,15,0.03198,76,0.032,10,0.03201,15,0.03203,10,0.03204,76
binance,gate,FUNUSDT,0.00143700,0.03183,2115.0313,1774107172095,0.00143500,18715.00000000,0.00143400,90569.00000000,0.00143300,636327.00000000,0.00143200,609571.00000000,0.00143100,661755.00000000,0.00143000,97877.00000000,0.00142900,310693.00000000,0.00142800,97451.00000000,0.00142700,449286.00000000,0.00142600,210204.00000000,0.00143700,95025.00000000,0.00143800,620666.00000000,0.00143900,663957.00000000,0.00144000,585258.00000000,0.00144100,986962.00000000,0.00144200,969240.00000000,0.00144300,776598.00000000,0.00144400,520291.00000000,0.00144500,194222.00000000,0.00144600,869488.00000000,0.03183,14,0.03182,91,0.0318,15,0.03179,135,0.03177,14,0.03176,91,0.03172,14,0.0317,76,0.03166,10,0.03165,24,0.03191,14,0.03192,76,0.03193,15,0.03194,67,0.03197,15,0.03198,76,0.032,10,0.03201,15,0.03203,10,0.03204,76
binance,gate,FUNUSDT,0.00143700,0.03183,2115.0313,1774107172404,0.00143500,18715.00000000,0.00143400,90569.00000000,0.00143300,636327.00000000,0.00143200,609571.00000000,0.00143100,661755.00000000,0.00143000,97877.00000000,0.00142900,310693.00000000,0.00142800,97451.00000000,0.00142700,449286.00000000,0.00142600,210204.00000000,0.00143700,95025.00000000,0.00143800,620666.00000000,0.00143900,876750.00000000,0.00144000,585258.00000000,0.00144100,986962.00000000,0.00144200,969240.00000000,0.00144300,776598.00000000,0.00144400,520291.00000000,0.00144500,194222.00000000,0.00144600,869488.00000000,0.03183,14,0.03182,91,0.0318,15,0.03179,91,0.03177,73,0.03176,91,0.03172,14,0.0317,76,0.03166,10,0.03165,24,0.03191,14,0.03192,76,0.03193,15,0.03194,67,0.03197,15,0.03198,76,0.032,10,0.03201,15,0.03203,10,0.03204,76
binance,gate,FUNUSDT,0.00143700,0.03183,2115.0313,1774107172719,0.00143500,18715.00000000,0.00143400,90569.00000000,0.00143300,636327.00000000,0.00143200,609571.00000000,0.00143100,661755.00000000,0.00143000,97877.00000000,0.00142900,310693.00000000,0.00142800,97451.00000000,0.00142700,449286.00000000,0.00142600,210204.00000000,0.00143700,95025.00000000,0.00143800,886687.00000000,0.00143900,612255.00000000,0.00144000,851279.00000000,0.00144100,720988.00000000,0.00144200,969240.00000000,0.00144300,776598.00000000,0.00144400,520291.00000000,0.00144500,194222.00000000,0.00144600,869488.00000000,0.03183,14,0.03182,91,0.0318,15,0.03179,91,0.03177,14,0.03176,91,0.03175,59,0.03172,14,0.0317,76,0.03166,10,0.03191,14,0.03192,143,0.03193,15,0.03197,15,0.03198,76,0.032,10,0.03201,15,0.03203,10,0.03204,76,0.03205,11
binance,gate,FUNUSDT,0.00143700,0.03183,2115.0313,1774107173036,0.00143500,18715.00000000,0.00143400,90569.00000000,0.00143300,636327.00000000,0.00143200,609571.00000000,0.00143100,661755.00000000,0.00143000,97877.00000000,0.00142900,310693.00000000,0.00142800,97451.00000000,0.00142700,449286.00000000,0.00142600,210204.00000000,0.00143700,95025.00000000,0.00143800,886687.00000000,0.00143900,612255.00000000,0.00144000,851279.00000000,0.00144100,720988.00000000,0.00144200,969240.00000000,0.00144300,776598.00000000,0.00144400,520291.00000000,0.00144500,194222.00000000,0.00144600,869488.00000000,0.03183,14,0.03182,91,0.0318,15,0.03179,91,0.03177,14,0.03176,91,0.03175,59,0.03172,14,0.0317,76,0.03166,10,0.0319,15,0.03191,81,0.03192,76,0.03197,15,0.03198,76,0.032,10,0.03201,15,0.03203,10,0.03204,76,0.03205,11
binance,gate,FUNUSDT,0.00143700,0.03183,2115.0313,1774107173349,0.00143500,18715.00000000,0.00143400,90569.00000000,0.00143300,636327.00000000,0.00143200,609571.00000000,0.00143100,661755.00000000,0.00143000,97877.00000000,0.00142900,310693.00000000,0.00142800,97451.00000000,0.00142700,449286.00000000,0.00142600,210204.00000000,0.00143700,95025.00000000,0.00143800,886687.00000000,0.00143900,612255.00000000,0.00144000,851279.00000000,0.00144100,720988.00000000,0.00144200,969240.00000000,0.00144300,776598.00000000,0.00144400,520291.00000000,0.00144500,194222.00000000,0.00144600,869488.00000000,0.03183,14,0.03182,91,0.0318,15,0.03179,91,0.03177,14,0.03176,91,0.03175,59,0.03172,14,0.0317,76,0.03166,10,0.0319,15,0.03191,81,0.03192,76,0.03197,15,0.03198,76,0.032,10,0.03201,15,0.03203,10,0.03204,76,0.03205,11
binance,gate,FUNUSDT,0.00143700,0.03183,2115.0313,1774107173665,0.00143500,18715.00000000,0.00143400,90569.00000000,0.00143300,636327.00000000,0.00143200,609571.00000000,0.00143100,661755.00000000,0.00143000,97877.00000000,0.00142900,310693.00000000,0.00142800,97451.00000000,0.00142700,449286.00000000,0.00142600,210204.00000000,0.00143700,95025.00000000,0.00143800,886687.00000000,0.00143900,612255.00000000,0.00144000,851279.00000000,0.00144100,720988.00000000,0.00144200,969240.00000000,0.00144300,776598.00000000,0.00144400,520291.00000000,0.00144500,194222.00000000,0.00144600,869488.00000000,0.03183,14,0.03182,91,0.0318,15,0.03179,91,0.03178,59,0.03177,14,0.03176,91,0.03172,14,0.0317,76,0.03166,10,0.0319,15,0.03191,14,0.03192,91,0.03193,67,0.03197,15,0.03198,76,0.032,10,0.03201,15,0.03203,10,0.03204,76
binance,gate,FUNUSDT,0.00143700,0.03183,2115.0313,1774107173975,0.00143500,18715.00000000,0.00143400,90569.00000000,0.00143300,636327.00000000,0.00143200,609571.00000000,0.00143100,661755.00000000,0.00143000,97877.00000000,0.00142900,310693.00000000,0.00142800,97451.00000000,0.00142700,449286.00000000,0.00142600,210204.00000000,0.00143700,95025.00000000,0.00143800,886687.00000000,0.00143900,612255.00000000,0.00144000,851279.00000000,0.00144100,720988.00000000,0.00144200,969240.00000000,0.00144300,776598.00000000,0.00144400,520291.00000000,0.00144500,194222.00000000,0.00144600,869488.00000000,0.03183,14,0.03182,91,0.0318,74,0.03179,91,0.03177,14,0.03176,91,0.03172,14,0.0317,76,0.03166,10,0.03165,24,0.0319,15,0.03191,14,0.03192,91,0.03193,67,0.03197,15,0.03198,76,0.032,10,0.03201,15,0.03203,10,0.03204,76
binance,gate,FUNUSDT,0.00143700,0.03183,2115.0313,1774107174290,0.00143500,18715.00000000,0.00143400,90569.00000000,0.00143300,636327.00000000,0.00143200,609571.00000000,0.00143100,661755.00000000,0.00143000,97877.00000000,0.00142900,310693.00000000,0.00142800,97451.00000000,0.00142700,449286.00000000,0.00142600,210204.00000000,0.00143700,95025.00000000,0.00143800,886687.00000000,0.00143900,612255.00000000,0.00144000,851279.00000000,0.00144100,720988.00000000,0.00144200,969240.00000000,0.00144300,776598.00000000,0.00144400,520291.00000000,0.00144500,194222.00000000,0.00144600,869488.00000000,0.03183,14,0.03182,91,0.0318,15,0.03179,150,0.03177,14,0.03176,91,0.03172,14,0.0317,76,0.03166,10,0.03165,24,0.03191,14,0.03192,91,0.03193,67,0.03197,15,0.03198,76,0.032,10,0.03201,15,0.03203,10,0.03204,76,0.03205,11
binance,gate,FUNUSDT,0.00143700,0.03183,2115.0313,1774107174600,0.00143500,18715.00000000,0.00143400,90569.00000000,0.00143300,636327.00000000,0.00143200,609571.00000000,0.00143100,661755.00000000,0.00143000,97877.00000000,0.00142900,310693.00000000,0.00142800,97451.00000000,0.00142700,449286.00000000,0.00142600,210204.00000000,0.00143700,95025.00000000,0.00143800,886687.00000000,0.00143900,612255.00000000,0.00144000,851279.00000000,0.00144100,720988.00000000,0.00144200,969240.00000000,0.00144300,776598.00000000,0.00144400,520291.00000000,0.00144500,194222.00000000,0.00144600,869488.00000000,0.03183,14,0.03182,91,0.0318,15,0.03179,91,0.03177,14,0.03176,91,0.03174,59,0.03172,14,0.0317,76,0.03166,10,0.03191,14,0.03192,91,0.03193,67,0.03197,15,0.03198,76,0.032,10,0.03201,15,0.03203,10,0.03204,76,0.03205,11
binance,gate,FUNUSDT,0.00143700,0.03183,2115.0313,1774107174913,0.00143500,18715.00000000,0.00143400,90569.00000000,0.00143300,636327.00000000,0.00143200,609571.00000000,0.00143100,661755.00000000,0.00143000,97877.00000000,0.00142900,310693.00000000,0.00142800,97451.00000000,0.00142700,449286.00000000,0.00142600,210204.00000000,0.00143700,95025.00000000,0.00143800,886687.00000000,0.00143900,612255.00000000,0.00144000,851279.00000000,0.00144100,720988.00000000,0.00144200,969240.00000000,0.00144300,776598.00000000,0.00144400,520291.00000000,0.00144500,194222.00000000,0.00144600,869488.00000000,0.03183,14,0.03182,91,0.0318,15,0.03179,91,0.03177,14,0.03176,91,0.03174,59,0.03172,14,0.0317,76,0.03166,10,0.03191,14,0.03192,91,0.03193,67,0.03197,15,0.03198,76,0.032,10,0.03201,15,0.03203,10,0.03204,76,0.03205,11
binance,gate,FUNUSDT,0.00143700,0.03183,2115.0313,1774107175225,0.00143500,18715.00000000,0.00143400,90569.00000000,0.00143300,636327.00000000,0.00143200,609571.00000000,0.00143100,661755.00000000,0.00143000,97877.00000000,0.00142900,310693.00000000,0.00142800,97451.00000000,0.00142700,449286.00000000,0.00142600,210204.00000000,0.00143700,95025.00000000,0.00143800,886687.00000000,0.00143900,612255.00000000,0.00144000,851279.00000000,0.00144100,720988.00000000,0.00144200,969240.00000000,0.00144300,776598.00000000,0.00144400,520291.00000000,0.00144500,194222.00000000,0.00144600,869488.00000000,0.03183,14,0.03182,91,0.0318,15,0.03179,91,0.03177,14,0.03176,91,0.03174,59,0.03172,14,0.0317,76,0.03166,10,0.03191,14,0.03192,91,0.03193,67,0.03197,15,0.03198,76,0.032,10,0.03201,15,0.03203,10,0.03204,76,0.03205,11
binance,gate,FUNUSDT,0.00143700,0.03183,2115.0313,1774107175535,0.00143500,18715.00000000,0.00143400,90569.00000000,0.00143300,636327.00000000,0.00143200,609571.00000000,0.00143100,661755.00000000,0.00143000,97877.00000000,0.00142900,310693.00000000,0.00142800,97451.00000000,0.00142700,449286.00000000,0.00142600,210204.00000000,0.00143700,95025.00000000,0.00143800,886687.00000000,0.00143900,612255.00000000,0.00144000,851279.00000000,0.00144100,720988.00000000,0.00144200,969240.00000000,0.00144300,776598.00000000,0.00144400,520291.00000000,0.00144500,194222.00000000,0.00144600,869488.00000000,0.03183,14,0.03182,91,0.0318,15,0.03179,91,0.03178,59,0.03177,14,0.03176,91,0.03172,14,0.0317,76,0.03166,10,0.03191,14,0.03192,91,0.03193,67,0.03197,15,0.03198,76,0.032,10,0.03201,15,0.03203,10,0.03204,76,0.03205,11
binance,gate,FUNUSDT,0.00143700,0.03183,2115.0313,1774107175847,0.00143500,18715.00000000,0.00143400,90569.00000000,0.00143300,636327.00000000,0.00143200,609571.00000000,0.00143100,661755.00000000,0.00143000,97877.00000000,0.00142900,310693.00000000,0.00142800,97451.00000000,0.00142700,449286.00000000,0.00142600,210204.00000000,0.00143700,95025.00000000,0.00143800,886687.00000000,0.00143900,612255.00000000,0.00144000,851279.00000000,0.00144100,720988.00000000,0.00144200,969240.00000000,0.00144300,776598.00000000,0.00144400,520291.00000000,0.00144500,194222.00000000,0.00144600,869488.00000000,0.03183,14,0.03182,91,0.0318,15,0.03179,91,0.03177,14,0.03176,150,0.03172,14,0.0317,76,0.03166,10,0.03165,24,0.0319,15,0.03191,14,0.03192,91,0.03193,67,0.03197,15,0.03198,76,0.032,10,0.03201,15,0.03203,10,0.03204,76
binance,gate,FUNUSDT,0.00143700,0.03183,2115.0313,1774107176158,0.00143500,18715.00000000,0.00143400,90569.00000000,0.00143300,636327.00000000,0.00143200,609571.00000000,0.00143100,661755.00000000,0.00143000,97877.00000000,0.00142900,310693.00000000,0.00142800,97451.00000000,0.00142700,449286.00000000,0.00142600,210204.00000000,0.00143700,95025.00000000,0.00143800,886687.00000000,0.00143900,612255.00000000,0.00144000,851279.00000000,0.00144100,720988.00000000,0.00144200,969240.00000000,0.00144300,776598.00000000,0.00144400,520291.00000000,0.00144500,194222.00000000,0.00144600,869488.00000000,0.03183,14,0.03182,91,0.0318,15,0.03179,91,0.03177,14,0.03176,91,0.03175,59,0.03172,14,0.0317,76,0.03166,10,0.0319,15,0.03191,14,0.03192,91,0.03193,67,0.03197,15,0.03198,76,0.032,10,0.03201,15,0.03203,10,0.03204,76
binance,gate,FUNUSDT,0.00143700,0.03183,2115.0313,1774107176472,0.00143500,18715.00000000,0.00143400,90569.00000000,0.00143300,636327.00000000,0.00143200,609571.00000000,0.00143100,661755.00000000,0.00143000,97877.00000000,0.00142900,310693.00000000,0.00142800,97451.00000000,0.00142700,449286.00000000,0.00142600,210204.00000000,0.00143700,95025.00000000,0.00143800,886687.00000000,0.00143900,612255.00000000,0.00144000,851279.00000000,0.00144100,720988.00000000,0.00144200,969240.00000000,0.00144300,776598.00000000,0.00144400,520291.00000000,0.00144500,194222.00000000,0.00144600,869488.00000000,0.03183,14,0.03182,91,0.0318,15,0.03179,150,0.03177,14,0.03176,91,0.03172,14,0.0317,76,0.03166,10,0.03165,24,0.0319,15,0.03191,14,0.03192,91,0.03193,67,0.03197,15,0.03198,76,0.032,10,0.03201,15,0.03203,10,0.03204,76
binance,gate,FUNUSDT,0.00143700,0.03183,2115.0313,1774107176785,0.00143500,18715.00000000,0.00143400,90569.00000000,0.00143300,636327.00000000,0.00143200,609571.00000000,0.00143100,661755.00000000,0.00143000,97877.00000000,0.00142900,103066.00000000,0.00142800,97451.00000000,0.00142700,449286.00000000,0.00142600,210204.00000000,0.00143700,95025.00000000,0.00143800,886687.00000000,0.00143900,612255.00000000,0.00144000,851279.00000000,0.00144100,720988.00000000,0.00144200,969240.00000000,0.00144300,776598.00000000,0.00144400,520291.00000000,0.00144500,194222.00000000,0.00144600,869488.00000000,0.03183,14,0.03182,91,0.0318,15,0.03179,150,0.03177,14,0.03176,91,0.03172,14,0.0317,76,0.03166,10,0.03165,24,0.0319,15,0.03191,81,0.03192,91,0.03197,15,0.03198,76,0.032,10,0.03201,15,0.03203,10,0.03204,76,0.03205,11
binance,gate,FUNUSDT,0.00143700,0.03183,2115.0313,1774107177094,0.00143500,18715.00000000,0.00143400,90569.00000000,0.00143300,636327.00000000,0.00143200,609571.00000000,0.00143100,661755.00000000,0.00143000,97877.00000000,0.00142900,103066.00000000,0.00142800,97451.00000000,0.00142700,449286.00000000,0.00142600,210204.00000000,0.00143700,95025.00000000,0.00143800,886687.00000000,0.00143900,612255.00000000,0.00144000,851279.00000000,0.00144100,720988.00000000,0.00144200,969240.00000000,0.00144300,776598.00000000,0.00144400,520291.00000000,0.00144500,194222.00000000,0.00144600,869488.00000000,0.03183,14,0.03182,91,0.0318,15,0.03179,91,0.03177,14,0.03176,91,0.03174,59,0.03172,14,0.0317,76,0.03166,10,0.0319,15,0.03191,81,0.03192,91,0.03197,15,0.03198,76,0.032,10,0.03201,15,0.03203,10,0.03204,76,0.03205,11
binance,gate,FUNUSDT,0.00143700,0.03183,2115.0313,1774107177397,0.00143500,18715.00000000,0.00143400,90569.00000000,0.00143300,636327.00000000,0.00143200,609571.00000000,0.00143100,661755.00000000,0.00143000,308107.00000000,0.00142900,103066.00000000,0.00142800,97451.00000000,0.00142600,210204.00000000,0.00142500,675115.00000000,0.00143700,95025.00000000,0.00143800,886687.00000000,0.00143900,612255.00000000,0.00144000,851279.00000000,0.00144100,720988.00000000,0.00144200,969240.00000000,0.00144300,776598.00000000,0.00144400,520291.00000000,0.00144500,194222.00000000,0.00144600,869488.00000000,0.03183,14,0.03182,91,0.0318,15,0.03179,91,0.03177,14,0.03176,150,0.03172,14,0.0317,76,0.03166,10,0.03165,24,0.0319,15,0.03191,14,0.03192,158,0.03197,15,0.03198,76,0.032,10,0.03201,15,0.03203,10,0.03204,76,0.03205,11
binance,gate,FUNUSDT,0.00143700,0.03183,2115.0313,1774107177711,0.00143500,18715.00000000,0.00143400,90569.00000000,0.00143300,636327.00000000,0.00143200,609571.00000000,0.00143100,661755.00000000,0.00143000,308107.00000000,0.00142900,103066.00000000,0.00142800,97451.00000000,0.00142600,210204.00000000,0.00142500,675115.00000000,0.00143700,95025.00000000,0.00143800,886687.00000000,0.00143900,612255.00000000,0.00144000,851279.00000000,0.00144100,720988.00000000,0.00144200,969240.00000000,0.00144300,776598.00000000,0.00144400,520291.00000000,0.00144500,194222.00000000,0.00144600,869488.00000000,0.03183,14,0.03182,91,0.0318,15,0.03179,150,0.03177,14,0.03176,91,0.03172,14,0.0317,76,0.03166,10,0.03165,24,0.0319,15,0.03191,81,0.03192,91,0.03197,15,0.03198,76,0.032,10,0.03201,15,0.03203,10,0.03204,76,0.03205,11
binance,gate,FUNUSDT,0.00143700,0.03183,2115.0313,1774107178026,0.00143500,18715.00000000,0.00143400,90569.00000000,0.00143300,636327.00000000,0.00143200,609571.00000000,0.00143100,661755.00000000,0.00143000,308107.00000000,0.00142900,103066.00000000,0.00142800,97451.00000000,0.00142600,210204.00000000,0.00142500,675115.00000000,0.00143700,95025.00000000,0.00143800,886687.00000000,0.00143900,612255.00000000,0.00144000,851279.00000000,0.00144100,720988.00000000,0.00144200,969240.00000000,0.00144300,776598.00000000,0.00144400,520291.00000000,0.00144500,194222.00000000,0.00144600,869488.00000000,0.03183,14,0.03182,15,0.0318,15,0.03179,91,0.03177,73,0.03176,91,0.03172,14,0.0317,76,0.03166,10,0.03165,24,0.03189,76,0.03191,14,0.03192,91,0.03193,67,0.03197,15,0.03198,76,0.032,10,0.03201,15,0.03203,10,0.03204,76
binance,gate,FUNUSDT,0.00143700,0.03182,2114.3354,1774107178332,0.00143500,18715.00000000,0.00143400,90569.00000000,0.00143300,636327.00000000,0.00143200,609571.00000000,0.00143100,661755.00000000,0.00143000,308107.00000000,0.00142900,103066.00000000,0.00142800,97451.00000000,0.00142600,210204.00000000,0.00142500,675115.00000000,0.00143700,95025.00000000,0.00143800,886687.00000000,0.00143900,612255.00000000,0.00144000,851279.00000000,0.00144100,720988.00000000,0.00144200,969240.00000000,0.00144300,776598.00000000,0.00144400,520291.00000000,0.00144500,194222.00000000,0.00144600,869488.00000000,0.0318,15,0.03179,91,0.03177,14,0.03176,91,0.03172,14,0.0317,76,0.03166,10,0.03165,24,0.03164,76,0.03163,10,0.03191,14,0.03192,91,0.03197,15,0.03198,76,0.032,10,0.03201,15,0.03203,10,0.03204,76,0.03205,11,0.03206,15
binance,gate,FUNUSDT,0.00143700,0.03183,2115.0313,1774107178642,0.00143500,18715.00000000,0.00143400,90569.00000000,0.00143300,636327.00000000,0.00143200,609571.00000000,0.00143100,661755.00000000,0.00143000,308107.00000000,0.00142900,103066.00000000,0.00142800,97451.00000000,0.00142600,210204.00000000,0.00142500,675115.00000000,0.00143700,95025.00000000,0.00143800,886687.00000000,0.00143900,612255.00000000,0.00144000,851279.00000000,0.00144100,720988.00000000,0.00144200,969240.00000000,0.00144300,776598.00000000,0.00144400,520291.00000000,0.00144500,194222.00000000,0.00144600,869488.00000000,0.03183,14,0.03182,76,0.0318,15,0.03179,91,0.03177,14,0.03176,91,0.03175,59,0.03172,14,0.0317,76,0.03166,10,0.03189,14,0.03191,81,0.03192,91,0.03197,15,0.03198,76,0.032,10,0.03201,15,0.03203,10,0.03204,76,0.03205,11
binance,gate,FUNUSDT,0.00143700,0.03183,2115.0313,1774107178953,0.00143500,18715.00000000,0.00143400,90569.00000000,0.00143300,636327.00000000,0.00143200,609571.00000000,0.00143100,661755.00000000,0.00143000,308107.00000000,0.00142900,103066.00000000,0.00142800,97451.00000000,0.00142600,210204.00000000,0.00142500,675115.00000000,0.00143700,95025.00000000,0.00143800,886687.00000000,0.00143900,612255.00000000,0.00144000,851279.00000000,0.00144100,720988.00000000,0.00144200,969240.00000000,0.00144300,776598.00000000,0.00144400,520291.00000000,0.00144500,194222.00000000,0.00144600,869488.00000000,0.03183,14,0.03182,76,0.0318,15,0.03179,91,0.03177,14,0.03176,91,0.03172,14,0.0317,76,0.03166,10,0.03165,24,0.03189,14,0.03191,81,0.03192,91,0.03197,15,0.03198,76,0.032,10,0.03201,15,0.03203,10,0.03204,76,0.03205,11
binance,gate,FUNUSDT,0.00143700,0.03183,2115.0313,1774107179260,0.00143500,18715.00000000,0.00143400,90569.00000000,0.00143300,636327.00000000,0.00143200,609571.00000000,0.00143100,661755.00000000,0.00143000,308107.00000000,0.00142900,103066.00000000,0.00142800,97451.00000000,0.00142600,210204.00000000,0.00142500,675115.00000000,0.00143700,95025.00000000,0.00143800,886687.00000000,0.00143900,612255.00000000,0.00144000,851279.00000000,0.00144100,720988.00000000,0.00144200,969240.00000000,0.00144300,776598.00000000,0.00144400,520291.00000000,0.00144500,194222.00000000,0.00144600,869488.00000000,0.03183,14,0.03182,76,0.0318,15,0.03179,91,0.03177,14,0.03176,91,0.03174,59,0.03172,14,0.0317,76,0.03166,10,0.03189,14,0.03191,81,0.03192,91,0.03197,15,0.03198,76,0.032,10,0.03201,15,0.03203,10,0.03204,76,0.03205,11
binance,gate,FUNUSDT,0.00143700,0.03183,2115.0313,1774107179585,0.00143500,18715.00000000,0.00143400,90569.00000000,0.00143300,636327.00000000,0.00143200,609571.00000000,0.00143100,661755.00000000,0.00143000,308107.00000000,0.00142900,103066.00000000,0.00142800,97451.00000000,0.00142600,210204.00000000,0.00142500,675115.00000000,0.00143700,95025.00000000,0.00143800,886687.00000000,0.00143900,612255.00000000,0.00144000,851279.00000000,0.00144100,720988.00000000,0.00144200,969240.00000000,0.00144300,776598.00000000,0.00144400,520291.00000000,0.00144500,194222.00000000,0.00144600,869488.00000000,0.03183,14,0.03182,76,0.0318,15,0.03179,91,0.03177,14,0.03176,91,0.03172,14,0.0317,76,0.03166,10,0.03165,24,0.03189,14,0.03191,81,0.03192,91,0.03197,15,0.03198,76,0.032,10,0.03201,15,0.03203,10,0.03204,76,0.03205,11
binance,gate,FUNUSDT,0.00143700,0.03183,2115.0313,1774107179889,0.00143500,18715.00000000,0.00143400,90569.00000000,0.00143300,636327.00000000,0.00143200,609571.00000000,0.00143100,661755.00000000,0.00143000,308107.00000000,0.00142900,103066.00000000,0.00142800,97451.00000000,0.00142600,210204.00000000,0.00142500,675115.00000000,0.00143700,95025.00000000,0.00143800,886687.00000000,0.00143900,612255.00000000,0.00144000,851279.00000000,0.00144100,720988.00000000,0.00144200,969240.00000000,0.00144300,776598.00000000,0.00144400,520291.00000000,0.00144500,194222.00000000,0.00144600,869488.00000000,0.03183,14,0.03182,76,0.0318,15,0.03179,91,0.03178,59,0.03177,14,0.03176,91,0.03172,14,0.0317,76,0.03166,10,0.03189,14,0.03191,81,0.03192,91,0.03197,15,0.03198,76,0.032,10,0.03201,15,0.03203,10,0.03204,76,0.03205,11
binance,gate,FUNUSDT,0.00143700,0.03183,2115.0313,1774107180202,0.00143500,18715.00000000,0.00143400,90569.00000000,0.00143300,636327.00000000,0.00143200,609571.00000000,0.00143100,661755.00000000,0.00143000,308107.00000000,0.00142900,295090.00000000,0.00142800,97451.00000000,0.00142600,210204.00000000,0.00142500,482552.00000000,0.00143700,95025.00000000,0.00143800,886687.00000000,0.00143900,612255.00000000,0.00144000,851279.00000000,0.00144100,720988.00000000,0.00144200,969240.00000000,0.00144300,776598.00000000,0.00144400,520291.00000000,0.00144500,194222.00000000,0.00144600,869488.00000000,0.03183,14,0.03182,76,0.0318,15,0.03179,91,0.03177,14,0.03176,91,0.03172,14,0.0317,76,0.03166,10,0.03165,24,0.03189,14,0.03191,81,0.03192,91,0.03197,15,0.03198,76,0.032,10,0.03201,15,0.03203,10,0.03204,76,0.03205,11
binance,gate,FUNUSDT,0.00143700,0.03183,2115.0313,1774107180527,0.00143500,18715.00000000,0.00143400,90569.00000000,0.00143300,636327.00000000,0.00143200,609571.00000000,0.00143100,661755.00000000,0.00143000,308107.00000000,0.00142900,295090.00000000,0.00142800,97451.00000000,0.00142600,210204.00000000,0.00142500,482552.00000000,0.00143700,95025.00000000,0.00143800,886687.00000000,0.00143900,612255.00000000,0.00144000,851279.00000000,0.00144100,720988.00000000,0.00144200,969240.00000000,0.00144300,776598.00000000,0.00144400,520291.00000000,0.00144500,194222.00000000,0.00144600,869488.00000000,0.03183,14,0.03182,76,0.0318,15,0.03179,91,0.03177,14,0.03176,91,0.03172,14,0.0317,76,0.03166,10,0.03165,24,0.03189,14,0.03191,81,0.03192,91,0.03197,15,0.03198,76,0.032,10,0.03201,15,0.03203,10,0.03204,76,0.03205,11
binance,gate,FUNUSDT,0.00143700,0.03183,2115.0313,1774107180835,0.00143500,18715.00000000,0.00143400,90569.00000000,0.00143300,636327.00000000,0.00143200,609571.00000000,0.00143100,661755.00000000,0.00143000,308107.00000000,0.00142900,295090.00000000,0.00142800,97451.00000000,0.00142600,210204.00000000,0.00142500,482552.00000000,0.00143700,95025.00000000,0.00143800,886687.00000000,0.00143900,612255.00000000,0.00144000,851279.00000000,0.00144100,720988.00000000,0.00144200,969240.00000000,0.00144300,776598.00000000,0.00144400,520291.00000000,0.00144500,194222.00000000,0.00144600,869488.00000000,0.03183,14,0.03182,76,0.0318,15,0.03179,91,0.03177,14,0.03176,91,0.03172,14,0.0317,76,0.03166,10,0.03165,24,0.03189,14,0.03191,81,0.03192,91,0.03197,15,0.03198,76,0.032,10,0.03201,15,0.03203,10,0.03204,76,0.03205,11
binance,gate,FUNUSDT,0.00143700,0.03183,2115.0313,1774107181148,0.00143500,18715.00000000,0.00143400,90569.00000000,0.00143300,636327.00000000,0.00143200,609571.00000000,0.00143100,661755.00000000,0.00143000,308107.00000000,0.00142900,295090.00000000,0.00142800,97451.00000000,0.00142600,210204.00000000,0.00142500,482552.00000000,0.00143700,95025.00000000,0.00143800,886687.00000000,0.00143900,612255.00000000,0.00144000,851279.00000000,0.00144100,720988.00000000,0.00144200,969240.00000000,0.00144300,776598.00000000,0.00144400,520291.00000000,0.00144500,194222.00000000,0.00144600,869488.00000000,0.03183,14,0.03182,76,0.0318,15,0.03179,91,0.03177,14,0.03176,91,0.03172,14,0.0317,76,0.03166,10,0.03165,24,0.03189,14,0.03191,81,0.03192,91,0.03197,15,0.03198,76,0.032,10,0.03201,15,0.03203,10,0.03204,76,0.03205,11
binance,gate,FUNUSDT,0.00143700,0.03183,2115.0313,1774107181462,0.00143500,18715.00000000,0.00143400,90569.00000000,0.00143300,636327.00000000,0.00143200,609571.00000000,0.00143100,661755.00000000,0.00143000,308107.00000000,0.00142900,295090.00000000,0.00142800,97451.00000000,0.00142600,210204.00000000,0.00142500,482552.00000000,0.00143700,95025.00000000,0.00143800,886687.00000000,0.00143900,612255.00000000,0.00144000,851279.00000000,0.00144100,720988.00000000,0.00144200,969240.00000000,0.00144300,776598.00000000,0.00144400,520291.00000000,0.00144500,194222.00000000,0.00144600,869488.00000000,0.03183,14,0.03182,76,0.0318,15,0.03179,91,0.03177,14,0.03176,91,0.03172,14,0.0317,76,0.03166,10,0.03165,24,0.03189,14,0.03191,81,0.03192,91,0.03197,15,0.03198,76,0.032,10,0.03201,15,0.03203,10,0.03204,76,0.03205,11
binance,gate,FUNUSDT,0.00143700,0.03183,2115.0313,1774107181796,0.00143500,18715.00000000,0.00143400,90569.00000000,0.00143300,636327.00000000,0.00143200,609571.00000000,0.00143100,661755.00000000,0.00143000,308107.00000000,0.00142900,295090.00000000,0.00142800,97451.00000000,0.00142600,210204.00000000,0.00142500,482552.00000000,0.00143700,95025.00000000,0.00143800,886687.00000000,0.00143900,612255.00000000,0.00144000,1148302.00000000,0.00144100,424145.00000000,0.00144200,969240.00000000,0.00144300,776598.00000000,0.00144400,520291.00000000,0.00144500,194222.00000000,0.00144600,869488.00000000,0.03183,14,0.03182,76,0.0318,15,0.03179,91,0.03177,14,0.03176,91,0.03172,14,0.0317,76,0.03166,10,0.03165,24,0.03189,14,0.03191,81,0.03192,91,0.03197,15,0.03198,76,0.032,10,0.03201,15,0.03203,10,0.03204,76,0.03205,11
binance,gate,FUNUSDT,0.00143700,0.03183,2115.0313,1774107182110,0.00143500,18715.00000000,0.00143400,90569.00000000,0.00143300,636327.00000000,0.00143200,609571.00000000,0.00143100,661755.00000000,0.00143000,97877.00000000,0.00142900,295090.00000000,0.00142800,97451.00000000,0.00142600,210204.00000000,0.00142500,482552.00000000,0.00143700,95025.00000000,0.00143800,886687.00000000,0.00143900,612255.00000000,0.00144000,1148302.00000000,0.00144100,424145.00000000,0.00144200,969240.00000000,0.00144300,776598.00000000,0.00144400,520291.00000000,0.00144500,194222.00000000,0.00144600,869488.00000000,0.03183,14,0.03182,76,0.0318,15,0.03179,91,0.03177,14,0.03176,91,0.03172,14,0.0317,76,0.03166,10,0.03165,24,0.03189,14,0.03191,81,0.03192,91,0.03197,15,0.03198,76,0.032,10,0.03201,15,0.03203,10,0.03204,76,0.03205,11
binance,gate,FUNUSDT,0.00143700,0.03183,2115.0313,1774107182425,0.00143500,18715.00000000,0.00143400,90569.00000000,0.00143300,636327.00000000,0.00143200,609571.00000000,0.00143100,661755.00000000,0.00143000,97877.00000000,0.00142900,295090.00000000,0.00142800,97451.00000000,0.00142600,210204.00000000,0.00142500,482552.00000000,0.00143700,95025.00000000,0.00143800,886687.00000000,0.00143900,878435.00000000,0.00144000,882281.00000000,0.00144100,424145.00000000,0.00144200,969240.00000000,0.00144300,776598.00000000,0.00144400,520291.00000000,0.00144500,194222.00000000,0.00144600,869488.00000000,0.03183,14,0.03182,76,0.0318,15,0.03179,91,0.03177,14,0.03176,91,0.03172,14,0.0317,76,0.03166,10,0.03165,24,0.03189,14,0.03191,81,0.03192,91,0.03197,15,0.03198,76,0.032,10,0.03201,15,0.03203,10,0.03204,76,0.03205,11
binance,gate,FUNUSDT,0.00143700,0.03183,2115.0313,1774107182737,0.00143500,18715.00000000,0.00143400,90569.00000000,0.00143300,636327.00000000,0.00143200,609571.00000000,0.00143100,869699.00000000,0.00143000,97877.00000000,0.00142900,295090.00000000,0.00142800,97451.00000000,0.00142600,210204.00000000,0.00142500,482552.00000000,0.00143700,95025.00000000,0.00143800,886687.00000000,0.00143900,878435.00000000,0.00144000,882281.00000000,0.00144100,424145.00000000,0.00144200,969240.00000000,0.00144300,776598.00000000,0.00144400,520291.00000000,0.00144500,194222.00000000,0.00144600,869488.00000000,0.03183,14,0.03182,76,0.0318,15,0.03179,91,0.03177,14,0.03176,91,0.03172,14,0.0317,76,0.03166,10,0.03165,24,0.03188,14,0.03191,14,0.03192,91,0.03197,15,0.03198,76,0.032,10,0.03201,15,0.03203,10,0.03204,76,0.03205,11
binance,gate,FUNUSDT,0.00143700,0.03183,2115.0313,1774107183050,0.00143500,18715.00000000,0.00143400,90569.00000000,0.00143300,636327.00000000,0.00143200,609571.00000000,0.00143100,869699.00000000,0.00143000,97877.00000000,0.00142900,295090.00000000,0.00142800,97451.00000000,0.00142600,210204.00000000,0.00142500,482552.00000000,0.00143700,95025.00000000,0.00143800,886687.00000000,0.00143900,878435.00000000,0.00144000,882281.00000000,0.00144100,424145.00000000,0.00144200,969240.00000000,0.00144300,776598.00000000,0.00144400,520291.00000000,0.00144500,194222.00000000,0.00144600,869488.00000000,0.03183,14,0.03182,76,0.0318,15,0.03179,91,0.03177,14,0.03176,91,0.03172,14,0.0317,76,0.03166,10,0.03165,24,0.03188,14,0.03191,81,0.03192,91,0.03197,15,0.03198,76,0.032,10,0.03201,15,0.03203,10,0.03204,76,0.03205,11
binance,gate,FUNUSDT,0.00143700,0.03183,2115.0313,1774107183366,0.00143500,18715.00000000,0.00143400,90569.00000000,0.00143300,636327.00000000,0.00143200,609571.00000000,0.00143100,869699.00000000,0.00143000,97877.00000000,0.00142900,295090.00000000,0.00142800,97451.00000000,0.00142600,210204.00000000,0.00142500,482552.00000000,0.00143700,95025.00000000,0.00143800,886687.00000000,0.00143900,878435.00000000,0.00144000,882281.00000000,0.00144100,424145.00000000,0.00144200,969240.00000000,0.00144300,776598.00000000,0.00144400,520291.00000000,0.00144500,194222.00000000,0.00144600,869488.00000000,0.03183,14,0.03182,76,0.0318,15,0.03179,91,0.03177,14,0.03176,91,0.03172,14,0.0317,76,0.03166,10,0.03165,24,0.03188,14,0.03191,81,0.03192,91,0.03197,15,0.03198,76,0.032,10,0.03201,15,0.03203,10,0.03204,76,0.03205,11
binance,gate,FUNUSDT,0.00143700,0.03183,2115.0313,1774107183675,0.00143500,18715.00000000,0.00143400,90569.00000000,0.00143300,636327.00000000,0.00143200,609571.00000000,0.00143100,869699.00000000,0.00143000,97877.00000000,0.00142900,295090.00000000,0.00142800,97451.00000000,0.00142600,210204.00000000,0.00142500,482552.00000000,0.00143700,95025.00000000,0.00143800,886687.00000000,0.00143900,878435.00000000,0.00144000,882281.00000000,0.00144100,424145.00000000,0.00144200,969240.00000000,0.00144300,776598.00000000,0.00144400,520291.00000000,0.00144500,194222.00000000,0.00144600,869488.00000000,0.03183,14,0.03182,76,0.0318,15,0.03179,91,0.03177,14,0.03176,91,0.03172,14,0.0317,76,0.03166,10,0.03165,24,0.0319,14,0.03191,81,0.03192,91,0.03197,15,0.03198,76,0.032,10,0.03201,15,0.03203,10,0.03204,76,0.03205,11
binance,gate,FUNUSDT,0.00143500,0.03183,2118.1185,1774107183978,0.00143200,86923.00000000,0.00143100,98564.00000000,0.00143000,1184128.00000000,0.00142900,295090.00000000,0.00142800,661418.00000000,0.00142700,94424.00000000,0.00142600,271962.00000000,0.00142500,482552.00000000,0.00142300,521015.00000000,0.00142200,8521.00000000,0.00143500,402822.00000000,0.00143600,890516.00000000,0.00143700,658403.00000000,0.00143800,750692.00000000,0.00143900,315205.00000000,0.00144000,851732.00000000,0.00144100,721327.00000000,0.00144200,1163529.00000000,0.00144300,970887.00000000,0.00144400,520291.00000000,0.03183,14,0.03182,76,0.0318,15,0.03179,91,0.03177,14,0.03176,91,0.03172,14,0.0317,76,0.03166,10,0.03165,24,0.03188,14,0.03189,67,0.0319,14,0.03191,14,0.03192,91,0.03197,15,0.03198,76,0.032,10,0.03201,15,0.03203,10
binance,gate,FUNUSDT,0.00143400,0.03183,2119.6653,1774107184286,0.00143100,228681.00000000,0.00143000,620161.00000000,0.00142900,853835.00000000,0.00142800,97451.00000000,0.00142700,658784.00000000,0.00142600,278315.00000000,0.00142500,578662.00000000,0.00142300,521015.00000000,0.00142200,8521.00000000,0.00142100,16844.00000000,0.00143400,28263.00000000,0.00143500,402822.00000000,0.00143600,890516.00000000,0.00143700,658403.00000000,0.00143800,750692.00000000,0.00143900,315205.00000000,0.00144000,851732.00000000,0.00144100,424145.00000000,0.00144200,1163529.00000000,0.00144300,970887.00000000,0.03183,14,0.03182,76,0.0318,15,0.03179,91,0.03177,14,0.03176,91,0.03172,14,0.0317,76,0.03166,10,0.03165,24,0.03188,14,0.03189,67,0.0319,14,0.03191,14,0.03192,91,0.03197,15,0.03198,76,0.032,10,0.03201,15,0.03203,10
binance,gate,FUNUSDT,0.00143400,0.03183,2119.6653,1774107184601,0.00143100,228681.00000000,0.00143000,620161.00000000,0.00142900,853835.00000000,0.00142800,97451.00000000,0.00142700,658986.00000000,0.00142600,278315.00000000,0.00142500,578662.00000000,0.00142200,8521.00000000,0.00142100,538592.00000000,0.00141900,354673.00000000,0.00143400,551823.00000000,0.00143500,700730.00000000,0.00143600,593023.00000000,0.00143700,658403.00000000,0.00143800,750692.00000000,0.00143900,315205.00000000,0.00144000,585258.00000000,0.00144100,618434.00000000,0.00144200,1163529.00000000,0.00144300,970887.00000000,0.03183,14,0.03182,76,0.0318,15,0.03179,91,0.03177,14,0.03176,91,0.03172,14,0.0317,76,0.03166,10,0.03165,24,0.03188,14,0.03189,67,0.0319,14,0.03191,14,0.03192,91,0.03197,15,0.03198,76,0.032,10,0.03201,15,0.03203,10
binance,gate,FUNUSDT,0.00143400,0.03183,2119.6653,1774107184914,0.00143100,228681.00000000,0.00143000,620161.00000000,0.00142900,853835.00000000,0.00142800,97451.00000000,0.00142700,658986.00000000,0.00142600,278315.00000000,0.00142500,578662.00000000,0.00142200,8521.00000000,0.00142100,538592.00000000,0.00141900,354673.00000000,0.00143400,551823.00000000,0.00143500,700730.00000000,0.00143600,593023.00000000,0.00143700,658403.00000000,0.00143800,750692.00000000,0.00143900,315205.00000000,0.00144000,585258.00000000,0.00144100,618434.00000000,0.00144200,1163529.00000000,0.00144300,970887.00000000,0.03183,14,0.03182,76,0.0318,15,0.03179,91,0.03177,14,0.03176,91,0.03172,14,0.0317,76,0.03166,10,0.03165,24,0.03188,14,0.03189,67,0.0319,14,0.03191,14,0.03192,91,0.03197,15,0.03198,76,0.032,10,0.03201,15,0.03203,10
binance,gate,FUNUSDT,0.00143400,0.03183,2119.6653,1774107185229,0.00143100,228681.00000000,0.00143000,620161.00000000,0.00142900,853835.00000000,0.00142800,97451.00000000,0.00142700,658986.00000000,0.00142600,278315.00000000,0.00142500,578662.00000000,0.00142200,8521.00000000,0.00142100,538592.00000000,0.00141900,354673.00000000,0.00143400,551823.00000000,0.00143500,700730.00000000,0.00143600,593023.00000000,0.00143700,658403.00000000,0.00143800,750692.00000000,0.00143900,315205.00000000,0.00144000,585258.00000000,0.00144100,618434.00000000,0.00144200,1163529.00000000,0.00144300,970887.00000000,0.03183,14,0.03182,76,0.0318,15,0.03179,91,0.03177,14,0.03176,91,0.03172,14,0.0317,76,0.03166,10,0.03165,24,0.03188,14,0.03189,67,0.0319,14,0.03191,14,0.03192,91,0.03197,15,0.03198,76,0.032,10,0.03201,15,0.03203,10
binance,gate,FUNUSDT,0.00143400,0.03183,2119.6653,1774107185538,0.00143100,228681.00000000,0.00143000,620161.00000000,0.00142900,853835.00000000,0.00142800,97451.00000000,0.00142700,658986.00000000,0.00142600,278315.00000000,0.00142500,578662.00000000,0.00142200,8521.00000000,0.00142100,538592.00000000,0.00141900,354673.00000000,0.00143400,551823.00000000,0.00143500,700730.00000000,0.00143600,593023.00000000,0.00143700,658403.00000000,0.00143800,750692.00000000,0.00143900,315205.00000000,0.00144000,585258.00000000,0.00144100,618434.00000000,0.00144200,1163529.00000000,0.00144300,970887.00000000,0.03183,14,0.03182,76,0.0318,15,0.03179,91,0.03177,73,0.03176,91,0.03172,14,0.0317,76,0.03166,10,0.03165,24,0.03189,14,0.0319,14,0.03191,14,0.03192,158,0.03197,15,0.03198,76,0.032,10,0.03201,15,0.03203,10,0.03204,76
binance,gate,FUNUSDT,0.00143400,0.03183,2119.6653,1774107185843,0.00143100,228681.00000000,0.00143000,620161.00000000,0.00142900,853835.00000000,0.00142800,97451.00000000,0.00142700,658986.00000000,0.00142600,278315.00000000,0.00142500,789693.00000000,0.00142200,8521.00000000,0.00142100,538592.00000000,0.00141900,354673.00000000,0.00143400,551823.00000000,0.00143500,700730.00000000,0.00143600,593023.00000000,0.00143700,658403.00000000,0.00143800,750692.00000000,0.00143900,315205.00000000,0.00144000,585258.00000000,0.00144100,618434.00000000,0.00144200,1163529.00000000,0.00144300,970887.00000000,0.03183,14,0.03182,76,0.0318,15,0.03179,91,0.03177,14,0.03176,150,0.03172,14,0.0317,76,0.03166,10,0.03165,24,0.03189,14,0.03191,14,0.03192,158,0.03197,15,0.03198,76,0.032,10,0.03201,15,0.03203,10,0.03204,76,0.03205,11
binance,gate,FUNUSDT,0.00143400,0.03183,2119.6653,1774107186152,0.00143100,228681.00000000,0.00143000,620161.00000000,0.00142900,853835.00000000,0.00142800,97451.00000000,0.00142700,658986.00000000,0.00142600,278315.00000000,0.00142500,789693.00000000,0.00142200,8521.00000000,0.00142100,538592.00000000,0.00141900,354673.00000000,0.00143400,551823.00000000,0.00143500,672728.00000000,0.00143600,593023.00000000,0.00143700,658403.00000000,0.00143800,750692.00000000,0.00143900,315205.00000000,0.00144000,585258.00000000,0.00144100,618434.00000000,0.00144200,1163529.00000000,0.00144300,970887.00000000,0.03183,14,0.03182,76,0.0318,15,0.03179,91,0.03177,14,0.03176,150,0.03172,14,0.0317,76,0.03166,10,0.03165,24,0.03189,14,0.03191,14,0.03192,158,0.03197,15,0.03198,76,0.032,10,0.03201,15,0.03203,10,0.03204,76,0.03205,11
binance,gate,FUNUSDT,0.00143400,0.03183,2119.6653,1774107186459,0.00143100,228681.00000000,0.00143000,620161.00000000,0.00142900,853835.00000000,0.00142800,97451.00000000,0.00142700,658986.00000000,0.00142600,278315.00000000,0.00142500,789693.00000000,0.00142200,8521.00000000,0.00142100,538592.00000000,0.00141900,354673.00000000,0.00143400,551823.00000000,0.00143500,672728.00000000,0.00143600,593023.00000000,0.00143700,658403.00000000,0.00143800,750692.00000000,0.00143900,315205.00000000,0.00144000,585258.00000000,0.00144100,618434.00000000,0.00144200,1163529.00000000,0.00144300,970887.00000000,0.03183,14,0.03182,76,0.0318,15,0.03179,91,0.03177,14,0.03176,91,0.03175,59,0.03172,14,0.0317,76,0.03166,10,0.03189,14,0.03191,14,0.03192,158,0.03197,15,0.03198,76,0.032,10,0.03201,15,0.03203,10,0.03204,76,0.03205,11
binance,gate,FUNUSDT,0.00143400,0.03183,2119.6653,1774107186765,0.00143100,228681.00000000,0.00143000,620161.00000000,0.00142900,853835.00000000,0.00142800,97451.00000000,0.00142700,658986.00000000,0.00142600,278315.00000000,0.00142500,789693.00000000,0.00142200,8521.00000000,0.00142100,538592.00000000,0.00141900,354673.00000000,0.00143400,551823.00000000,0.00143500,672728.00000000,0.00143600,593023.00000000,0.00143700,658403.00000000,0.00143800,750692.00000000,0.00143900,315205.00000000,0.00144000,585258.00000000,0.00144100,618434.00000000,0.00144200,1163529.00000000,0.00144300,970887.00000000,0.03183,14,0.03182,76,0.0318,15,0.03179,91,0.03177,14,0.03176,91,0.03175,59,0.03172,14,0.0317,76,0.03166,10,0.03189,14,0.0319,67,0.03191,14,0.03192,91,0.03197,15,0.03198,76,0.032,10,0.03201,15,0.03203,10,0.03204,76
binance,gate,FUNUSDT,0.00143400,0.03183,2119.6653,1774107187075,0.00143100,228681.00000000,0.00143000,620161.00000000,0.00142900,853835.00000000,0.00142800,97451.00000000,0.00142700,658986.00000000,0.00142600,278315.00000000,0.00142500,789693.00000000,0.00142200,8521.00000000,0.00142100,538592.00000000,0.00141900,354673.00000000,0.00143400,551823.00000000,0.00143500,672728.00000000,0.00143600,593023.00000000,0.00143700,658403.00000000,0.00143800,750692.00000000,0.00143900,315205.00000000,0.00144000,585258.00000000,0.00144100,618434.00000000,0.00144200,1163529.00000000,0.00144300,970887.00000000,0.03183,14,0.03182,76,0.0318,15,0.03179,91,0.03177,14,0.03176,91,0.03175,59,0.03172,14,0.0317,76,0.03166,10,0.0319,67,0.03191,14,0.03192,91,0.03197,15,0.03198,76,0.032,10,0.03201,15,0.03203,10,0.03204,76,0.03205,11
binance,gate,FUNUSDT,0.00143400,0.03183,2119.6653,1774107187383,0.00143100,228681.00000000,0.00143000,620161.00000000,0.00142900,853835.00000000,0.00142800,97451.00000000,0.00142700,658986.00000000,0.00142600,278315.00000000,0.00142500,789693.00000000,0.00142200,8521.00000000,0.00142100,538592.00000000,0.00141900,354673.00000000,0.00143400,551823.00000000,0.00143500,672728.00000000,0.00143600,593023.00000000,0.00143700,658403.00000000,0.00143800,750692.00000000,0.00143900,315205.00000000,0.00144000,585258.00000000,0.00144100,618434.00000000,0.00144200,1163529.00000000,0.00144300,970887.00000000,0.03183,14,0.03182,76,0.0318,15,0.03179,91,0.03177,14,0.03176,91,0.03175,59,0.03172,14,0.0317,76,0.03166,10,0.0319,67,0.03191,14,0.03192,91,0.03197,15,0.03198,76,0.032,10,0.03201,15,0.03203,10,0.03204,76,0.03205,11
binance,gate,FUNUSDT,0.00143400,0.03183,2119.6653,1774107187694,0.00143100,228681.00000000,0.00143000,620161.00000000,0.00142900,853835.00000000,0.00142800,97451.00000000,0.00142700,658986.00000000,0.00142600,278315.00000000,0.00142500,789693.00000000,0.00142200,8521.00000000,0.00142100,538592.00000000,0.00141900,354673.00000000,0.00143400,551823.00000000,0.00143500,672728.00000000,0.00143600,593023.00000000,0.00143700,658403.00000000,0.00143800,750692.00000000,0.00143900,315205.00000000,0.00144000,585258.00000000,0.00144100,618434.00000000,0.00144200,1163529.00000000,0.00144300,970887.00000000,0.03183,14,0.03182,76,0.0318,74,0.03179,91,0.03177,14,0.03176,91,0.03172,14,0.0317,76,0.03166,10,0.03165,24,0.03189,14,0.03191,14,0.03192,91,0.03193,67,0.03197,15,0.03198,76,0.032,10,0.03201,15,0.03203,10,0.03204,76
binance,gate,FUNUSDT,0.00143400,0.03183,2119.6653,1774107188000,0.00143100,228681.00000000,0.00143000,620161.00000000,0.00142900,853835.00000000,0.00142800,97451.00000000,0.00142700,658986.00000000,0.00142600,278315.00000000,0.00142500,789693.00000000,0.00142200,8521.00000000,0.00142100,538592.00000000,0.00141900,354673.00000000,0.00143400,551823.00000000,0.00143500,672728.00000000,0.00143600,593023.00000000,0.00143700,658403.00000000,0.00143800,750692.00000000,0.00143900,315205.00000000,0.00144000,585258.00000000,0.00144100,618434.00000000,0.00144200,1163529.00000000,0.00144300,970887.00000000,0.03183,14,0.03182,76,0.03181,14,0.0318,15,0.03179,91,0.03177,14,0.03176,91,0.03172,14,0.0317,76,0.03166,10,0.0319,67,0.03191,14,0.03192,91,0.03197,15,0.03198,76,0.032,10,0.03201,15,0.03203,10,0.03204,76,0.03205,11
binance,gate,FUNUSDT,0.00143400,0.03183,2119.6653,1774107188308,0.00143100,228681.00000000,0.00143000,620161.00000000,0.00142900,853835.00000000,0.00142800,97451.00000000,0.00142700,658986.00000000,0.00142600,278315.00000000,0.00142500,789693.00000000,0.00142200,8521.00000000,0.00142100,538592.00000000,0.00141900,354673.00000000,0.00143400,551823.00000000,0.00143500,672728.00000000,0.00143600,593023.00000000,0.00143700,658403.00000000,0.00143800,750692.00000000,0.00143900,315205.00000000,0.00144000,585258.00000000,0.00144100,618434.00000000,0.00144200,1163529.00000000,0.00144300,970887.00000000,0.03183,14,0.03182,76,0.03181,14,0.0318,15,0.03179,91,0.03177,14,0.03176,91,0.03172,14,0.0317,76,0.03166,10,0.03191,14,0.03192,91,0.03193,67,0.03197,15,0.03198,76,0.032,10,0.03201,15,0.03203,10,0.03204,76,0.03205,11
binance,gate,FUNUSDT,0.00143400,0.03183,2119.6653,1774107188614,0.00143100,228681.00000000,0.00143000,620161.00000000,0.00142900,853835.00000000,0.00142800,97451.00000000,0.00142700,392124.00000000,0.00142600,278315.00000000,0.00142500,789693.00000000,0.00142200,8521.00000000,0.00142100,538592.00000000,0.00141900,160384.00000000,0.00143400,551823.00000000,0.00143500,672728.00000000,0.00143600,593023.00000000,0.00143700,658403.00000000,0.00143800,750692.00000000,0.00143900,315205.00000000,0.00144000,585258.00000000,0.00144100,273532.00000000,0.00144200,1163529.00000000,0.00144300,970887.00000000,0.03183,14,0.03182,76,0.0318,15,0.03179,91,0.03177,14,0.03176,150,0.03172,14,0.0317,76,0.03166,10,0.03165,24,0.03187,15,0.03189,15,0.0319,15,0.03191,81,0.03192,91,0.03197,15,0.03198,76,0.032,10,0.03201,15,0.03203,10
binance,gate,FUNUSDT,0.00143400,0.03183,2119.6653,1774107188941,0.00143100,228681.00000000,0.00143000,620161.00000000,0.00142900,853835.00000000,0.00142800,97451.00000000,0.00142700,392124.00000000,0.00142600,278315.00000000,0.00142500,789693.00000000,0.00142200,8521.00000000,0.00142100,538592.00000000,0.00141900,160384.00000000,0.00143400,551823.00000000,0.00143500,672728.00000000,0.00143600,593023.00000000,0.00143700,658403.00000000,0.00143800,750692.00000000,0.00143900,315205.00000000,0.00144000,585258.00000000,0.00144100,273532.00000000,0.00144200,1163529.00000000,0.00144300,970887.00000000,0.03183,14,0.03182,76,0.0318,15,0.03179,150,0.03177,14,0.03176,91,0.03172,14,0.0317,76,0.03166,10,0.03165,24,0.03186,15,0.03189,15,0.0319,15,0.03191,81,0.03192,91,0.03197,15,0.03198,76,0.032,10,0.03201,15,0.03203,10
binance,gate,FUNUSDT,0.00143400,0.03183,2119.6653,1774107189252,0.00143100,228681.00000000,0.00143000,620161.00000000,0.00142900,853835.00000000,0.00142800,97451.00000000,0.00142700,392124.00000000,0.00142600,278315.00000000,0.00142500,789693.00000000,0.00142200,8521.00000000,0.00142100,538592.00000000,0.00141900,160384.00000000,0.00143400,551823.00000000,0.00143500,672728.00000000,0.00143600,593023.00000000,0.00143700,658403.00000000,0.00143800,750692.00000000,0.00143900,315205.00000000,0.00144000,585258.00000000,0.00144100,273532.00000000,0.00144200,1163529.00000000,0.00144300,970887.00000000,0.03183,14,0.03182,76,0.0318,15,0.03179,91,0.03177,14,0.03176,91,0.03172,14,0.0317,76,0.03166,10,0.03165,24,0.03189,15,0.0319,67,0.03191,14,0.03192,91,0.03197,15,0.03198,76,0.032,10,0.03201,15,0.03203,10,0.03204,76
binance,gate,FUNUSDT,0.00143400,0.03183,2119.6653,1774107189561,0.00143100,228681.00000000,0.00143000,620161.00000000,0.00142900,853835.00000000,0.00142800,97451.00000000,0.00142700,392124.00000000,0.00142600,278315.00000000,0.00142500,789693.00000000,0.00142200,8521.00000000,0.00142100,538592.00000000,0.00141900,160384.00000000,0.00143400,551823.00000000,0.00143500,672728.00000000,0.00143600,593023.00000000,0.00143700,658403.00000000,0.00143800,750692.00000000,0.00143900,315205.00000000,0.00144000,585258.00000000,0.00144100,273532.00000000,0.00144200,1163529.00000000,0.00144300,970887.00000000,0.03183,14,0.03182,76,0.0318,15,0.03179,150,0.03177,14,0.03176,91,0.03172,14,0.0317,76,0.03166,10,0.03165,24,0.03187,15,0.03191,14,0.03192,158,0.03197,15,0.03198,76,0.032,10,0.03201,15,0.03203,10,0.03204,76,0.03205,11
binance,gate,FUNUSDT,0.00143400,0.03183,2119.6653,1774107189869,0.00143100,228681.00000000,0.00143000,620161.00000000,0.00142900,853835.00000000,0.00142800,97451.00000000,0.00142700,392124.00000000,0.00142600,278315.00000000,0.00142500,789693.00000000,0.00142200,8521.00000000,0.00142100,538592.00000000,0.00141900,160384.00000000,0.00143400,551823.00000000,0.00143500,672728.00000000,0.00143600,593023.00000000,0.00143700,658403.00000000,0.00143800,750692.00000000,0.00143900,315205.00000000,0.00144000,585258.00000000,0.00144100,273532.00000000,0.00144200,1163529.00000000,0.00144300,970887.00000000,0.03183,14,0.03182,76,0.0318,15,0.03179,91,0.03177,14,0.03176,91,0.03172,14,0.0317,76,0.03166,10,0.03165,24,0.03189,15,0.0319,67,0.03191,14,0.03192,91,0.03197,15,0.03198,76,0.032,10,0.03201,15,0.03203,10,0.03204,76
binance,gate,FUNUSDT,0.00143400,0.03183,2119.6653,1774107190182,0.00143100,228681.00000000,0.00143000,620161.00000000,0.00142900,853835.00000000,0.00142800,97451.00000000,0.00142700,392124.00000000,0.00142600,278315.00000000,0.00142500,789693.00000000,0.00142200,8521.00000000,0.00142100,538592.00000000,0.00141900,160384.00000000,0.00143400,551823.00000000,0.00143500,672728.00000000,0.00143600,593023.00000000,0.00143700,658403.00000000,0.00143800,750692.00000000,0.00143900,315205.00000000,0.00144000,585258.00000000,0.00144100,273532.00000000,0.00144200,1163529.00000000,0.00144300,970887.00000000,0.03183,14,0.03182,76,0.0318,15,0.03179,150,0.03177,14,0.03176,91,0.03172,14,0.0317,76,0.03166,10,0.03165,24,0.03187,15,0.03191,14,0.03192,158,0.03197,15,0.03198,76,0.032,10,0.03201,15,0.03203,10,0.03204,76,0.03205,11
binance,gate,FUNUSDT,0.00143400,0.03183,2119.6653,1774107190486,0.00143100,228681.00000000,0.00143000,620161.00000000,0.00142900,853835.00000000,0.00142800,97451.00000000,0.00142700,392124.00000000,0.00142600,278315.00000000,0.00142500,789693.00000000,0.00142200,8521.00000000,0.00142100,538592.00000000,0.00141900,160384.00000000,0.00143400,551823.00000000,0.00143500,672728.00000000,0.00143600,593023.00000000,0.00143700,658403.00000000,0.00143800,750692.00000000,0.00143900,315205.00000000,0.00144000,585258.00000000,0.00144100,273532.00000000,0.00144200,1163529.00000000,0.00144300,970887.00000000,0.03183,15,0.03182,76,0.03181,15,0.0318,15,0.03179,91,0.03177,14,0.03176,91,0.03172,14,0.0317,76,0.03166,10,0.03189,82,0.03191,14,0.03192,91,0.03197,15,0.03198,76,0.032,10,0.03201,15,0.03203,10,0.03204,76,0.03205,11
binance,gate,FUNUSDT,0.00143400,0.03183,2119.6653,1774107190795,0.00143100,228681.00000000,0.00143000,620161.00000000,0.00142900,853835.00000000,0.00142800,97451.00000000,0.00142700,392124.00000000,0.00142600,278315.00000000,0.00142500,789693.00000000,0.00142200,8521.00000000,0.00142100,538592.00000000,0.00141900,160384.00000000,0.00143400,551823.00000000,0.00143500,672728.00000000,0.00143600,593023.00000000,0.00143700,658403.00000000,0.00143800,750692.00000000,0.00143900,315205.00000000,0.00144000,585258.00000000,0.00144100,273532.00000000,0.00144200,1163529.00000000,0.00144300,970887.00000000,0.03183,15,0.03182,76,0.03181,15,0.0318,15,0.03179,91,0.03177,14,0.03176,91,0.03174,59,0.03172,14,0.0317,76,0.03189,15,0.03191,81,0.03192,91,0.03197,15,0.03198,76,0.032,10,0.03201,15,0.03203,10,0.03204,76,0.03205,11
binance,gate,FUNUSDT,0.00143400,0.03183,2119.6653,1774107191100,0.00143100,228681.00000000,0.00143000,620161.00000000,0.00142900,853835.00000000,0.00142800,97451.00000000,0.00142700,392124.00000000,0.00142600,278315.00000000,0.00142500,789693.00000000,0.00142200,8521.00000000,0.00142100,538592.00000000,0.00141900,160384.00000000,0.00143400,551823.00000000,0.00143500,672728.00000000,0.00143600,593023.00000000,0.00143700,658403.00000000,0.00143800,750692.00000000,0.00143900,315205.00000000,0.00144000,585258.00000000,0.00144100,273532.00000000,0.00144200,1163529.00000000,0.00144300,970887.00000000,0.03183,15,0.03182,76,0.0318,15,0.03179,91,0.03177,14,0.03176,91,0.03172,14,0.0317,76,0.03166,10,0.03165,24,0.03188,15,0.03189,67,0.0319,15,0.03191,14,0.03192,91,0.03197,15,0.03198,76,0.032,10,0.03201,15,0.03203,10
binance,gate,FUNUSDT,0.00143400,0.03183,2119.6653,1774107191404,0.00143100,228681.00000000,0.00143000,620161.00000000,0.00142900,853835.00000000,0.00142800,97451.00000000,0.00142700,392124.00000000,0.00142600,278315.00000000,0.00142500,789693.00000000,0.00142200,8521.00000000,0.00142100,538592.00000000,0.00141900,160384.00000000,0.00143400,551823.00000000,0.00143500,672728.00000000,0.00143600,593023.00000000,0.00143700,658403.00000000,0.00143800,750692.00000000,0.00143900,315205.00000000,0.00144000,585258.00000000,0.00144100,273532.00000000,0.00144200,1163529.00000000,0.00144300,970887.00000000,0.03183,15,0.03182,76,0.0318,15,0.03179,91,0.03177,14,0.03176,91,0.03172,14,0.0317,76,0.03166,10,0.03165,24,0.0319,15,0.03191,81,0.03192,91,0.03197,15,0.03198,76,0.032,10,0.03201,15,0.03203,10,0.03204,76,0.03205,11
binance,gate,FUNUSDT,0.00143400,0.03183,2119.6653,1774107191711,0.00143100,228681.00000000,0.00143000,620161.00000000,0.00142900,853835.00000000,0.00142800,97451.00000000,0.00142700,392124.00000000,0.00142600,278315.00000000,0.00142500,789693.00000000,0.00142200,8521.00000000,0.00142100,538592.00000000,0.00141900,160384.00000000,0.00143400,551823.00000000,0.00143500,672728.00000000,0.00143600,593023.00000000,0.00143700,658403.00000000,0.00143800,750692.00000000,0.00143900,315205.00000000,0.00144000,585258.00000000,0.00144100,273532.00000000,0.00144200,1163529.00000000,0.00144300,970887.00000000,0.03183,15,0.03182,76,0.0318,15,0.03179,91,0.03177,14,0.03176,91,0.03174,59,0.03172,14,0.0317,76,0.03166,10,0.03188,15,0.03189,67,0.0319,15,0.03191,14,0.03192,91,0.03197,15,0.03198,76,0.032,10,0.03201,15,0.03203,10
binance,gate,FUNUSDT,0.00143400,0.03183,2119.6653,1774107192035,0.00143100,228681.00000000,0.00143000,620161.00000000,0.00142900,853835.00000000,0.00142800,97451.00000000,0.00142700,392124.00000000,0.00142600,278315.00000000,0.00142500,789693.00000000,0.00142200,8521.00000000,0.00142100,538592.00000000,0.00141900,160384.00000000,0.00143400,551823.00000000,0.00143500,672728.00000000,0.00143600,593023.00000000,0.00143700,658403.00000000,0.00143800,750692.00000000,0.00143900,315205.00000000,0.00144000,585258.00000000,0.00144100,273532.00000000,0.00144200,1163529.00000000,0.00144300,970887.00000000,0.03183,15,0.03182,76,0.0318,15,0.03179,91,0.03177,14,0.03176,91,0.03174,59,0.03172,14,0.0317,76,0.03166,10,0.03188,15,0.03189,67,0.03191,14,0.03192,91,0.03197,15,0.03198,76,0.032,10,0.03201,15,0.03203,10,0.03204,76
binance,gate,FUNUSDT,0.00143400,0.03183,2119.6653,1774107192342,0.00143100,228681.00000000,0.00143000,620161.00000000,0.00142900,853835.00000000,0.00142800,97451.00000000,0.00142700,392124.00000000,0.00142600,278315.00000000,0.00142500,789693.00000000,0.00142200,8521.00000000,0.00142100,538592.00000000,0.00141900,160384.00000000,0.00143400,551823.00000000,0.00143500,672728.00000000,0.00143600,593023.00000000,0.00143700,658403.00000000,0.00143800,750692.00000000,0.00143900,315205.00000000,0.00144000,585258.00000000,0.00144100,273532.00000000,0.00144200,1163529.00000000,0.00144300,970887.00000000,0.03183,15,0.03182,76,0.0318,15,0.03179,91,0.03177,14,0.03176,91,0.03174,59,0.03172,14,0.0317,76,0.03166,10,0.03188,15,0.03189,67,0.03191,14,0.03192,91,0.03197,15,0.03198,76,0.032,10,0.03201,15,0.03203,10,0.03204,76
binance,gate,FUNUSDT,0.00143400,0.03183,2119.6653,1774107192659,0.00143100,228681.00000000,0.00143000,620161.00000000,0.00142900,853835.00000000,0.00142800,97451.00000000,0.00142700,392124.00000000,0.00142600,278315.00000000,0.00142500,789693.00000000,0.00142200,8521.00000000,0.00142100,538592.00000000,0.00141900,160384.00000000,0.00143400,551823.00000000,0.00143500,672728.00000000,0.00143600,593023.00000000,0.00143700,658403.00000000,0.00143800,750692.00000000,0.00143900,315205.00000000,0.00144000,585258.00000000,0.00144100,273532.00000000,0.00144200,1163529.00000000,0.00144300,970887.00000000,0.03183,15,0.03182,76,0.0318,15,0.03179,91,0.03177,14,0.03176,91,0.03174,59,0.03172,14,0.0317,76,0.03166,10,0.03188,15,0.03189,67,0.03191,14,0.03192,91,0.03197,15,0.03198,76,0.032,10,0.03201,15,0.03203,10,0.03204,76
binance,gate,FUNUSDT,0.00143400,0.03183,2119.6653,1774107192964,0.00143100,228681.00000000,0.00143000,620161.00000000,0.00142900,853835.00000000,0.00142800,97451.00000000,0.00142700,392124.00000000,0.00142600,278315.00000000,0.00142500,789693.00000000,0.00142200,8521.00000000,0.00142100,538592.00000000,0.00141900,160384.00000000,0.00143400,551823.00000000,0.00143500,672728.00000000,0.00143600,593023.00000000,0.00143700,658403.00000000,0.00143800,750692.00000000,0.00143900,315205.00000000,0.00144000,585258.00000000,0.00144100,273532.00000000,0.00144200,1163529.00000000,0.00144300,970887.00000000,0.03183,15,0.03182,76,0.0318,15,0.03179,91,0.03177,14,0.03176,91,0.03174,59,0.03172,14,0.0317,76,0.03166,10,0.03188,15,0.03189,67,0.03191,14,0.03192,91,0.03197,15,0.03198,76,0.032,10,0.03201,15,0.03203,10,0.03204,76
binance,gate,FUNUSDT,0.00143400,0.03183,2119.6653,1774107193285,0.00143100,228681.00000000,0.00143000,620161.00000000,0.00142900,853835.00000000,0.00142800,97451.00000000,0.00142700,392124.00000000,0.00142600,278315.00000000,0.00142500,789693.00000000,0.00142200,8521.00000000,0.00142100,538592.00000000,0.00141900,160384.00000000,0.00143400,551823.00000000,0.00143500,672728.00000000,0.00143600,593023.00000000,0.00143700,658403.00000000,0.00143800,750692.00000000,0.00143900,315205.00000000,0.00144000,585258.00000000,0.00144100,273532.00000000,0.00144200,1163529.00000000,0.00144300,970887.00000000,0.03183,15,0.03182,76,0.0318,15,0.03179,91,0.03177,14,0.03176,91,0.03174,59,0.03172,14,0.0317,76,0.03166,10,0.0319,15,0.03191,81,0.03192,91,0.03197,15,0.03198,76,0.032,10,0.03201,15,0.03203,10,0.03204,76,0.03205,11
binance,gate,FUNUSDT,0.00143400,0.03183,2119.6653,1774107193607,0.00143100,228681.00000000,0.00143000,620161.00000000,0.00142900,853835.00000000,0.00142800,97451.00000000,0.00142700,392124.00000000,0.00142600,278315.00000000,0.00142500,789693.00000000,0.00142200,8521.00000000,0.00142100,538592.00000000,0.00141900,160384.00000000,0.00143400,551823.00000000,0.00143500,672728.00000000,0.00143600,593023.00000000,0.00143700,658403.00000000,0.00143800,750692.00000000,0.00143900,315205.00000000,0.00144000,585258.00000000,0.00144100,273532.00000000,0.00144200,1163529.00000000,0.00144300,970887.00000000,0.03183,15,0.03182,76,0.0318,15,0.03179,91,0.03177,14,0.03176,91,0.03174,59,0.03172,14,0.0317,76,0.03166,10,0.03189,15,0.0319,82,0.03191,14,0.03192,91,0.03197,15,0.03198,76,0.032,10,0.03201,15,0.03203,10,0.03204,76
binance,gate,FUNUSDT,0.00143400,0.03183,2119.6653,1774107193915,0.00143100,228681.00000000,0.00143000,620161.00000000,0.00142900,853835.00000000,0.00142800,97451.00000000,0.00142700,392124.00000000,0.00142600,278315.00000000,0.00142500,789693.00000000,0.00142200,8521.00000000,0.00142100,538592.00000000,0.00141900,160384.00000000,0.00143400,551823.00000000,0.00143500,672728.00000000,0.00143600,593023.00000000,0.00143700,658403.00000000,0.00143800,750692.00000000,0.00143900,315205.00000000,0.00144000,585258.00000000,0.00144100,273532.00000000,0.00144200,1163529.00000000,0.00144300,970887.00000000,0.03183,15,0.03182,76,0.0318,15,0.03179,91,0.03177,14,0.03176,91,0.03174,59,0.03172,14,0.0317,76,0.03166,10,0.03189,15,0.0319,82,0.03191,14,0.03192,91,0.03197,15,0.03198,76,0.032,10,0.03201,15,0.03203,10,0.03204,76
binance,gate,FUNUSDT,0.00143400,0.03183,2119.6653,1774107194233,0.00143100,228681.00000000,0.00143000,620161.00000000,0.00142900,853835.00000000,0.00142800,97451.00000000,0.00142700,392124.00000000,0.00142600,278315.00000000,0.00142500,789693.00000000,0.00142200,8521.00000000,0.00142100,538592.00000000,0.00141900,160384.00000000,0.00143400,551823.00000000,0.00143500,672728.00000000,0.00143600,593023.00000000,0.00143700,658403.00000000,0.00143800,750692.00000000,0.00143900,315205.00000000,0.00144000,585258.00000000,0.00144100,273532.00000000,0.00144200,1163529.00000000,0.00144300,970887.00000000,0.03183,15,0.03182,76,0.0318,15,0.03179,91,0.03177,14,0.03176,91,0.03174,59,0.03172,14,0.0317,76,0.03166,10,0.03189,15,0.0319,82,0.03191,14,0.03192,91,0.03197,15,0.03198,76,0.032,10,0.03201,15,0.03203,10,0.03204,76
binance,gate,FUNUSDT,0.00143400,0.03183,2119.6653,1774107194542,0.00143100,228681.00000000,0.00143000,620161.00000000,0.00142900,853835.00000000,0.00142800,97451.00000000,0.00142700,392124.00000000,0.00142600,278315.00000000,0.00142500,789693.00000000,0.00142200,8521.00000000,0.00142100,538592.00000000,0.00141900,160384.00000000,0.00143400,641645.00000000,0.00143500,672728.00000000,0.00143600,593023.00000000,0.00143700,658403.00000000,0.00143800,1005772.00000000,0.00143900,315205.00000000,0.00144000,585258.00000000,0.00144100,273532.00000000,0.00144200,1596083.00000000,0.00144300,538333.00000000,0.03183,15,0.03182,76,0.0318,15,0.03179,91,0.03177,14,0.03176,91,0.03175,59,0.03172,14,0.0317,76,0.03166,10,0.03189,15,0.0319,82,0.03191,14,0.03192,91,0.03197,15,0.03198,76,0.032,10,0.03201,15,0.03203,10,0.03204,76
binance,gate,FUNUSDT,0.00143400,0.03183,2119.6653,1774107194848,0.00143100,228681.00000000,0.00143000,620161.00000000,0.00142900,853835.00000000,0.00142800,97451.00000000,0.00142700,392124.00000000,0.00142600,278315.00000000,0.00142500,789693.00000000,0.00142200,8521.00000000,0.00142100,538592.00000000,0.00141900,160384.00000000,0.00143400,641645.00000000,0.00143500,672728.00000000,0.00143600,593023.00000000,0.00143700,658403.00000000,0.00143800,1005772.00000000,0.00143900,315205.00000000,0.00144000,585258.00000000,0.00144100,273532.00000000,0.00144200,1596083.00000000,0.00144300,538333.00000000,0.03183,15,0.03182,76,0.0318,15,0.03179,91,0.03177,14,0.03176,91,0.03172,14,0.0317,76,0.03166,10,0.03165,24,0.03189,67,0.0319,15,0.03191,14,0.03192,91,0.03197,15,0.03198,76,0.032,10,0.03201,15,0.03203,10,0.03204,76
binance,gate,FUNUSDT,0.00143400,0.03183,2119.6653,1774107195157,0.00143100,228681.00000000,0.00143000,620161.00000000,0.00142900,853835.00000000,0.00142800,97451.00000000,0.00142700,392124.00000000,0.00142600,278315.00000000,0.00142500,789693.00000000,0.00142200,8521.00000000,0.00142100,538592.00000000,0.00141900,160384.00000000,0.00143400,641645.00000000,0.00143500,672728.00000000,0.00143600,593023.00000000,0.00143700,658403.00000000,0.00143800,1005772.00000000,0.00143900,315205.00000000,0.00144000,585258.00000000,0.00144100,273532.00000000,0.00144200,1596083.00000000,0.00144300,538333.00000000,0.03183,15,0.03182,76,0.0318,15,0.03179,91,0.03177,14,0.03176,91,0.03174,59,0.03172,14,0.0317,76,0.03166,10,0.03188,15,0.03189,67,0.0319,15,0.03191,14,0.03192,91,0.03197,15,0.03198,76,0.032,10,0.03201,15,0.03203,10
binance,gate,FUNUSDT,0.00143400,0.03183,2119.6653,1774107195472,0.00143100,228681.00000000,0.00143000,620161.00000000,0.00142900,853835.00000000,0.00142800,97451.00000000,0.00142700,392124.00000000,0.00142600,278315.00000000,0.00142500,789693.00000000,0.00142200,8521.00000000,0.00142100,538592.00000000,0.00141900,160384.00000000,0.00143400,641645.00000000,0.00143500,672728.00000000,0.00143600,593023.00000000,0.00143700,658403.00000000,0.00143800,1005772.00000000,0.00143900,315205.00000000,0.00144000,585258.00000000,0.00144100,273532.00000000,0.00144200,1596083.00000000,0.00144300,538333.00000000,0.03183,15,0.03182,76,0.0318,15,0.03179,150,0.03177,14,0.03176,91,0.03172,14,0.0317,76,0.03166,10,0.03165,24,0.03188,15,0.03191,14,0.03192,91,0.03197,15,0.03198,76,0.032,10,0.03201,15,0.03203,10,0.03204,76,0.03205,11
binance,gate,FUNUSDT,0.00143400,0.03183,2119.6653,1774107195776,0.00143100,228681.00000000,0.00143000,620161.00000000,0.00142900,853835.00000000,0.00142800,97451.00000000,0.00142700,392124.00000000,0.00142600,278315.00000000,0.00142500,789693.00000000,0.00142200,8521.00000000,0.00142100,538592.00000000,0.00141900,160384.00000000,0.00143400,641645.00000000,0.00143500,672728.00000000,0.00143600,593023.00000000,0.00143700,658403.00000000,0.00143800,1005772.00000000,0.00143900,315205.00000000,0.00144000,585258.00000000,0.00144100,273532.00000000,0.00144200,1596083.00000000,0.00144300,538333.00000000,0.03183,15,0.03182,76,0.0318,15,0.03179,91,0.03177,14,0.03176,91,0.03172,14,0.0317,76,0.03166,10,0.03165,24,0.03189,15,0.0319,67,0.03191,14,0.03192,91,0.03197,15,0.03198,76,0.032,10,0.03201,15,0.03203,10,0.03204,76
binance,gate,FUNUSDT,0.00143400,0.03183,2119.6653,1774107196082,0.00143100,228681.00000000,0.00143000,620161.00000000,0.00142900,853835.00000000,0.00142800,97451.00000000,0.00142700,392124.00000000,0.00142600,278315.00000000,0.00142500,789693.00000000,0.00142200,8521.00000000,0.00142100,538592.00000000,0.00141900,160384.00000000,0.00143400,641645.00000000,0.00143500,672728.00000000,0.00143600,593023.00000000,0.00143700,658403.00000000,0.00143800,1005772.00000000,0.00143900,315205.00000000,0.00144000,585258.00000000,0.00144100,273532.00000000,0.00144200,1596083.00000000,0.00144300,538333.00000000,0.03183,15,0.03182,76,0.0318,15,0.03179,91,0.03177,14,0.03176,91,0.03172,14,0.0317,76,0.03166,10,0.03165,24,0.03189,82,0.03191,14,0.03192,91,0.03197,15,0.03198,76,0.032,10,0.03201,15,0.03203,10,0.03204,76,0.03205,11
binance,gate,FUNUSDT,0.00143400,0.03183,2119.6653,1774107196391,0.00143100,228681.00000000,0.00143000,620161.00000000,0.00142900,853835.00000000,0.00142800,97451.00000000,0.00142700,392124.00000000,0.00142600,278315.00000000,0.00142500,789693.00000000,0.00142200,8521.00000000,0.00142100,538592.00000000,0.00141900,160384.00000000,0.00143400,641645.00000000,0.00143500,672728.00000000,0.00143600,593023.00000000,0.00143700,658403.00000000,0.00143800,1005772.00000000,0.00143900,315205.00000000,0.00144000,585258.00000000,0.00144100,273532.00000000,0.00144200,1163529.00000000,0.00144300,970887.00000000,0.03183,15,0.03182,76,0.0318,15,0.03179,91,0.03177,14,0.03176,91,0.03172,14,0.0317,76,0.03166,10,0.03165,24,0.03189,15,0.0319,67,0.03191,14,0.03192,91,0.03197,15,0.03198,76,0.032,10,0.03201,15,0.03203,10,0.03204,76
binance,gate,FUNUSDT,0.00143400,0.03183,2119.6653,1774107196700,0.00143100,228681.00000000,0.00143000,620161.00000000,0.00142900,853835.00000000,0.00142800,97451.00000000,0.00142700,392124.00000000,0.00142600,278315.00000000,0.00142500,789693.00000000,0.00142200,8521.00000000,0.00142100,538592.00000000,0.00141900,160384.00000000,0.00143400,641645.00000000,0.00143500,672728.00000000,0.00143600,593023.00000000,0.00143700,658403.00000000,0.00143800,1005772.00000000,0.00143900,315205.00000000,0.00144000,585258.00000000,0.00144100,273532.00000000,0.00144200,1163529.00000000,0.00144300,970887.00000000,0.03183,15,0.03182,76,0.0318,15,0.03179,91,0.03177,14,0.03176,91,0.03172,14,0.0317,76,0.03166,10,0.03165,24,0.03189,15,0.0319,67,0.03191,14,0.03192,91,0.03197,15,0.03198,76,0.032,10,0.03201,15,0.03203,10,0.03204,76
binance,gate,FUNUSDT,0.00143400,0.03183,2119.6653,1774107197009,0.00143100,228681.00000000,0.00143000,620161.00000000,0.00142900,853835.00000000,0.00142800,97451.00000000,0.00142700,392124.00000000,0.00142600,278315.00000000,0.00142500,789693.00000000,0.00142200,8521.00000000,0.00142100,538592.00000000,0.00141900,160384.00000000,0.00143400,641645.00000000,0.00143500,672728.00000000,0.00143600,593023.00000000,0.00143700,658403.00000000,0.00143800,1005772.00000000,0.00143900,315205.00000000,0.00144000,585258.00000000,0.00144100,273532.00000000,0.00144200,1163529.00000000,0.00144300,970887.00000000,0.03183,15,0.03182,76,0.0318,15,0.03179,91,0.03177,14,0.03176,91,0.03172,14,0.0317,76,0.03166,10,0.03165,24,0.03189,15,0.0319,67,0.03191,14,0.03192,91,0.03197,15,0.03198,76,0.032,10,0.03201,15,0.03203,10,0.03204,76
binance,gate,FUNUSDT,0.00143400,0.03183,2119.6653,1774107197327,0.00143100,228681.00000000,0.00143000,620161.00000000,0.00142900,853835.00000000,0.00142800,97451.00000000,0.00142700,392124.00000000,0.00142600,278315.00000000,0.00142500,789693.00000000,0.00142200,8521.00000000,0.00142100,538592.00000000,0.00141900,160384.00000000,0.00143400,641645.00000000,0.00143500,672728.00000000,0.00143600,593023.00000000,0.00143700,658403.00000000,0.00143800,1005772.00000000,0.00143900,315205.00000000,0.00144000,585258.00000000,0.00144100,273532.00000000,0.00144200,1163529.00000000,0.00144300,970887.00000000,0.03183,15,0.03182,76,0.0318,15,0.03179,91,0.03177,14,0.03176,91,0.03172,14,0.0317,76,0.03166,10,0.03165,24,0.03189,15,0.0319,67,0.03191,14,0.03192,91,0.03197,15,0.03198,76,0.032,10,0.03201,15,0.03203,10,0.03204,76
binance,gate,FUNUSDT,0.00143400,0.03183,2119.6653,1774107197636,0.00143100,228681.00000000,0.00143000,620161.00000000,0.00142900,853835.00000000,0.00142800,97451.00000000,0.00142700,392124.00000000,0.00142600,278315.00000000,0.00142500,789693.00000000,0.00142200,8521.00000000,0.00142100,538592.00000000,0.00141900,160384.00000000,0.00143400,641645.00000000,0.00143500,672728.00000000,0.00143600,593023.00000000,0.00143700,658403.00000000,0.00143800,1005772.00000000,0.00143900,315205.00000000,0.00144000,585258.00000000,0.00144100,273532.00000000,0.00144200,1163529.00000000,0.00144300,970887.00000000,0.03183,15,0.03182,76,0.0318,15,0.03179,91,0.03177,14,0.03176,91,0.03172,14,0.0317,76,0.03166,10,0.03165,24,0.03189,15,0.0319,67,0.03191,14,0.03192,91,0.03197,15,0.03198,76,0.032,10,0.03201,15,0.03203,10,0.03204,76
binance,gate,FUNUSDT,0.00143400,0.03183,2119.6653,1774107197937,0.00143100,228681.00000000,0.00143000,620161.00000000,0.00142900,853835.00000000,0.00142800,97451.00000000,0.00142700,392124.00000000,0.00142600,278315.00000000,0.00142500,789693.00000000,0.00142200,8521.00000000,0.00142100,538592.00000000,0.00141900,160384.00000000,0.00143400,641645.00000000,0.00143500,672728.00000000,0.00143600,593023.00000000,0.00143700,658403.00000000,0.00143800,1005772.00000000,0.00143900,315205.00000000,0.00144000,585258.00000000,0.00144100,273532.00000000,0.00144200,1163529.00000000,0.00144300,970887.00000000,0.03183,15,0.03182,76,0.03181,14,0.0318,74,0.03179,91,0.03177,14,0.03176,91,0.03172,14,0.0317,76,0.03166,10,0.03189,14,0.03191,14,0.03192,91,0.03193,67,0.03197,15,0.03198,76,0.032,10,0.03201,15,0.03203,10,0.03204,76
binance,gate,FUNUSDT,0.00143400,0.03183,2119.6653,1774107198246,0.00143100,228681.00000000,0.00143000,620161.00000000,0.00142900,853835.00000000,0.00142800,97451.00000000,0.00142700,392124.00000000,0.00142600,278315.00000000,0.00142500,789693.00000000,0.00142200,8521.00000000,0.00142100,538592.00000000,0.00141900,160384.00000000,0.00143400,641645.00000000,0.00143500,672728.00000000,0.00143600,593023.00000000,0.00143700,658403.00000000,0.00143800,1005772.00000000,0.00143900,315205.00000000,0.00144000,585258.00000000,0.00144100,273532.00000000,0.00144200,1163529.00000000,0.00144300,970887.00000000,0.03183,15,0.03182,76,0.0318,15,0.03179,91,0.03177,14,0.03176,91,0.03175,59,0.03172,14,0.0317,76,0.03166,10,0.03189,14,0.03191,81,0.03192,91,0.03197,15,0.03198,76,0.032,10,0.03201,15,0.03203,10,0.03204,76,0.03205,11
binance,gate,FUNUSDT,0.00143400,0.03183,2119.6653,1774107198561,0.00143100,228681.00000000,0.00143000,620161.00000000,0.00142900,853835.00000000,0.00142800,97451.00000000,0.00142700,392124.00000000,0.00142600,278315.00000000,0.00142500,789693.00000000,0.00142200,8521.00000000,0.00142100,538592.00000000,0.00141900,160384.00000000,0.00143400,641645.00000000,0.00143500,672728.00000000,0.00143600,593023.00000000,0.00143700,658403.00000000,0.00143800,1005772.00000000,0.00143900,315205.00000000,0.00144000,585258.00000000,0.00144100,273532.00000000,0.00144200,1163529.00000000,0.00144300,970887.00000000,0.03183,15,0.03182,76,0.0318,15,0.03179,91,0.03177,14,0.03176,91,0.03175,59,0.03172,14,0.0317,76,0.03166,10,0.03189,14,0.03191,81,0.03192,91,0.03197,15,0.03198,76,0.032,10,0.03201,15,0.03203,10,0.03204,76,0.03205,11
binance,gate,FUNUSDT,0.00143400,0.03183,2119.6653,1774107198862,0.00143100,228681.00000000,0.00143000,620161.00000000,0.00142900,853835.00000000,0.00142800,97451.00000000,0.00142700,392124.00000000,0.00142600,278315.00000000,0.00142500,789693.00000000,0.00142200,8521.00000000,0.00142100,538592.00000000,0.00141900,160384.00000000,0.00143400,641645.00000000,0.00143500,672728.00000000,0.00143600,593023.00000000,0.00143700,658403.00000000,0.00143800,1005772.00000000,0.00143900,315205.00000000,0.00144000,585258.00000000,0.00144100,273532.00000000,0.00144200,1163529.00000000,0.00144300,970887.00000000,0.03183,15,0.03182,76,0.0318,15,0.03179,91,0.03177,14,0.03176,91,0.03172,14,0.0317,76,0.03166,10,0.03165,24,0.03189,14,0.03191,81,0.03192,91,0.03197,15,0.03198,76,0.032,10,0.03201,15,0.03203,10,0.03204,76,0.03205,11
binance,gate,FUNUSDT,0.00143400,0.03183,2119.6653,1774107199168,0.00143100,228681.00000000,0.00143000,620161.00000000,0.00142900,853835.00000000,0.00142800,97451.00000000,0.00142700,392124.00000000,0.00142600,278315.00000000,0.00142500,789693.00000000,0.00142200,8521.00000000,0.00142100,538592.00000000,0.00141900,160384.00000000,0.00143400,641645.00000000,0.00143500,672728.00000000,0.00143600,593023.00000000,0.00143700,658403.00000000,0.00143800,1005772.00000000,0.00143900,315205.00000000,0.00144000,585258.00000000,0.00144100,273532.00000000,0.00144200,1163529.00000000,0.00144300,970887.00000000,0.03183,15,0.03182,76,0.0318,15,0.03179,91,0.03177,14,0.03176,91,0.03172,14,0.0317,76,0.03166,10,0.03165,24,0.03189,14,0.03191,81,0.03192,91,0.03197,15,0.03198,76,0.032,10,0.03201,15,0.03203,10,0.03204,76,0.03205,11
binance,gate,FUNUSDT,0.00143400,0.03183,2119.6653,1774107199469,0.00143100,228681.00000000,0.00143000,620161.00000000,0.00142900,853835.00000000,0.00142800,97451.00000000,0.00142700,392124.00000000,0.00142600,278315.00000000,0.00142500,789693.00000000,0.00142200,8521.00000000,0.00142100,538592.00000000,0.00141900,160384.00000000,0.00143400,641645.00000000,0.00143500,672728.00000000,0.00143600,593023.00000000,0.00143700,658403.00000000,0.00143800,1005772.00000000,0.00143900,315205.00000000,0.00144000,585258.00000000,0.00144100,273532.00000000,0.00144200,1163529.00000000,0.00144300,970887.00000000,0.03183,15,0.03182,76,0.03181,14,0.0318,15,0.03179,91,0.03177,73,0.03176,91,0.03172,14,0.0317,76,0.03166,10,0.0319,67,0.03191,14,0.03192,91,0.03197,15,0.03198,76,0.032,10,0.03201,15,0.03203,10,0.03204,76,0.03205,11
binance,gate,FUNUSDT,0.00143400,0.03183,2119.6653,1774107199784,0.00143100,228681.00000000,0.00143000,620161.00000000,0.00142900,853835.00000000,0.00142800,97451.00000000,0.00142700,392124.00000000,0.00142600,278315.00000000,0.00142500,789693.00000000,0.00142200,8521.00000000,0.00142100,538592.00000000,0.00141900,160384.00000000,0.00143400,641645.00000000,0.00143500,672728.00000000,0.00143600,593023.00000000,0.00143700,658403.00000000,0.00143800,1005772.00000000,0.00143900,315205.00000000,0.00144000,585258.00000000,0.00144100,273532.00000000,0.00144200,1163529.00000000,0.00144300,970887.00000000,0.03183,15,0.03182,76,0.03181,14,0.0318,15,0.03179,91,0.03177,14,0.03176,91,0.03175,59,0.03172,14,0.0317,76,0.03191,14,0.03192,91,0.03193,67,0.03197,15,0.03198,76,0.032,10,0.03201,15,0.03203,10,0.03204,76,0.03205,11
binance,gate,FUNUSDT,0.00143400,0.03183,2119.6653,1774107200085,0.00143100,228681.00000000,0.00143000,620161.00000000,0.00142900,853835.00000000,0.00142800,97451.00000000,0.00142700,392124.00000000,0.00142600,278315.00000000,0.00142500,578662.00000000,0.00142200,8521.00000000,0.00142100,538592.00000000,0.00141900,160384.00000000,0.00143400,641645.00000000,0.00143500,672728.00000000,0.00143600,593023.00000000,0.00143700,658403.00000000,0.00143800,1005772.00000000,0.00143900,315205.00000000,0.00144000,585258.00000000,0.00144100,273532.00000000,0.00144200,1163529.00000000,0.00144300,970887.00000000,0.03183,15,0.03182,76,0.03181,14,0.0318,15,0.03179,91,0.03177,14,0.03176,91,0.03175,59,0.03172,14,0.0317,76,0.03191,14,0.03192,91,0.03193,67,0.03197,15,0.03198,76,0.032,10,0.03201,15,0.03203,10,0.03204,76,0.03205,11
binance,gate,FUNUSDT,0.00143400,0.03183,2119.6653,1774107200385,0.00143100,228681.00000000,0.00143000,620161.00000000,0.00142900,853835.00000000,0.00142800,97451.00000000,0.00142700,392124.00000000,0.00142600,278315.00000000,0.00142500,578662.00000000,0.00142200,8521.00000000,0.00142100,538592.00000000,0.00141900,160384.00000000,0.00143400,641645.00000000,0.00143500,672728.00000000,0.00143600,593023.00000000,0.00143700,658403.00000000,0.00143800,1005772.00000000,0.00143900,315205.00000000,0.00144000,585258.00000000,0.00144100,273532.00000000,0.00144200,1163529.00000000,0.00144300,970887.00000000,0.03183,15,0.03182,76,0.03181,14,0.0318,74,0.03179,91,0.03177,14,0.03176,91,0.03172,14,0.0317,76,0.03166,10,0.0319,14,0.03191,14,0.03192,91,0.03193,67,0.03197,15,0.03198,76,0.032,10,0.03201,15,0.03203,10,0.03204,76
binance,gate,FUNUSDT,0.00143400,0.03183,2119.6653,1774107200692,0.00143100,228681.00000000,0.00143000,620161.00000000,0.00142900,853835.00000000,0.00142800,97451.00000000,0.00142700,392124.00000000,0.00142600,486821.00000000,0.00142500,578662.00000000,0.00142200,8521.00000000,0.00142100,538592.00000000,0.00141900,160384.00000000,0.00143400,641645.00000000,0.00143500,672728.00000000,0.00143600,593023.00000000,0.00143700,658403.00000000,0.00143800,1005772.00000000,0.00143900,315205.00000000,0.00144000,585258.00000000,0.00144100,273532.00000000,0.00144200,1163529.00000000,0.00144300,970887.00000000,0.03183,15,0.03182,76,0.03181,14,0.0318,15,0.03179,91,0.03177,14,0.03176,91,0.03175,59,0.03172,14,0.0317,76,0.0319,14,0.03191,81,0.03192,91,0.03197,15,0.03198,76,0.032,10,0.03201,15,0.03203,10,0.03204,76,0.03205,11
binance,gate,FUNUSDT,0.00143400,0.03183,2119.6653,1774107200992,0.00143100,228681.00000000,0.00143000,620161.00000000,0.00142900,853835.00000000,0.00142800,97451.00000000,0.00142700,392124.00000000,0.00142600,486821.00000000,0.00142500,578662.00000000,0.00142200,8521.00000000,0.00142100,538592.00000000,0.00141900,160384.00000000,0.00143400,641645.00000000,0.00143500,672728.00000000,0.00143600,593023.00000000,0.00143700,658403.00000000,0.00143800,1005772.00000000,0.00143900,315205.00000000,0.00144000,585258.00000000,0.00144100,273532.00000000,0.00144200,1163529.00000000,0.00144300,970887.00000000,0.03183,15,0.03182,76,0.03181,14,0.0318,15,0.03179,91,0.03177,14,0.03176,91,0.03175,59,0.03172,14,0.0317,76,0.0319,14,0.03191,81,0.03192,91,0.03197,15,0.03198,76,0.032,10,0.03201,15,0.03203,10,0.03204,76,0.03205,11
binance,gate,FUNUSDT,0.00143400,0.03183,2119.6653,1774107201301,0.00143100,228681.00000000,0.00143000,620161.00000000,0.00142900,853835.00000000,0.00142800,97451.00000000,0.00142700,392124.00000000,0.00142600,486821.00000000,0.00142500,578662.00000000,0.00142200,8521.00000000,0.00142100,538592.00000000,0.00141900,160384.00000000,0.00143400,641645.00000000,0.00143500,672728.00000000,0.00143600,593023.00000000,0.00143700,658403.00000000,0.00143800,1005772.00000000,0.00143900,315205.00000000,0.00144000,585258.00000000,0.00144100,273532.00000000,0.00144200,1163529.00000000,0.00144300,970887.00000000,0.03183,15,0.03182,76,0.0318,74,0.03179,91,0.03177,14,0.03176,91,0.03172,14,0.0317,76,0.03166,10,0.03165,24,0.0319,14,0.03191,14,0.03192,91,0.03194,67,0.03197,15,0.03198,76,0.032,10,0.03201,15,0.03203,10,0.03204,76
binance,gate,FUNUSDT,0.00143400,0.03183,2119.6653,1774107201613,0.00143100,228681.00000000,0.00143000,620161.00000000,0.00142900,853835.00000000,0.00142800,97451.00000000,0.00142700,392124.00000000,0.00142600,486821.00000000,0.00142500,578662.00000000,0.00142200,8521.00000000,0.00142100,538592.00000000,0.00141900,160384.00000000,0.00143400,641645.00000000,0.00143500,672728.00000000,0.00143600,593023.00000000,0.00143700,658403.00000000,0.00143800,1005772.00000000,0.00143900,315205.00000000,0.00144000,585258.00000000,0.00144100,273532.00000000,0.00144200,1163529.00000000,0.00144300,970887.00000000,0.03183,15,0.03182,76,0.03181,14,0.0318,15,0.03179,91,0.03177,14,0.03176,91,0.03175,59,0.03172,14,0.0317,76,0.03191,14,0.03192,158,0.03197,15,0.03198,76,0.032,10,0.03201,15,0.03203,10,0.03204,76,0.03205,11,0.03206,15
binance,gate,FUNUSDT,0.00143400,0.03183,2119.6653,1774107201930,0.00143100,228681.00000000,0.00143000,620161.00000000,0.00142900,853835.00000000,0.00142800,97451.00000000,0.00142700,392124.00000000,0.00142600,486821.00000000,0.00142500,578662.00000000,0.00142200,8521.00000000,0.00142100,538592.00000000,0.00141900,160384.00000000,0.00143400,641645.00000000,0.00143500,672728.00000000,0.00143600,593023.00000000,0.00143700,658403.00000000,0.00143800,1005772.00000000,0.00143900,315205.00000000,0.00144000,585258.00000000,0.00144100,273532.00000000,0.00144200,1163529.00000000,0.00144300,970887.00000000,0.03183,15,0.03182,76,0.03181,14,0.0318,15,0.03179,91,0.03177,14,0.03176,91,0.03175,59,0.03172,14,0.0317,76,0.03191,14,0.03192,158,0.03197,15,0.03198,76,0.032,10,0.03201,15,0.03203,10,0.03204,76,0.03205,11,0.03206,15
binance,gate,FUNUSDT,0.00143400,0.03183,2119.6653,1774107202240,0.00143100,228681.00000000,0.00143000,620161.00000000,0.00142900,853835.00000000,0.00142800,97451.00000000,0.00142700,392124.00000000,0.00142600,486821.00000000,0.00142500,578662.00000000,0.00142200,8521.00000000,0.00142100,538592.00000000,0.00141900,160384.00000000,0.00143400,641645.00000000,0.00143500,672728.00000000,0.00143600,593023.00000000,0.00143700,658403.00000000,0.00143800,1005772.00000000,0.00143900,315205.00000000,0.00144000,585258.00000000,0.00144100,273532.00000000,0.00144200,1163529.00000000,0.00144300,970887.00000000,0.03183,15,0.03182,76,0.03181,14,0.0318,15,0.03179,91,0.03177,14,0.03176,91,0.03175,59,0.03172,14,0.0317,76,0.03191,14,0.03192,158,0.03197,15,0.03198,76,0.032,10,0.03201,15,0.03203,10,0.03204,76,0.03205,11,0.03206,15
binance,gate,FUNUSDT,0.00143400,0.03183,2119.6653,1774107202548,0.00143100,228681.00000000,0.00143000,620161.00000000,0.00142900,853835.00000000,0.00142800,97451.00000000,0.00142700,392124.00000000,0.00142600,486821.00000000,0.00142500,578662.00000000,0.00142200,8521.00000000,0.00142100,538592.00000000,0.00141900,160384.00000000,0.00143400,641645.00000000,0.00143500,672728.00000000,0.00143600,593023.00000000,0.00143700,658403.00000000,0.00143800,1005772.00000000,0.00143900,315205.00000000,0.00144000,585258.00000000,0.00144100,273532.00000000,0.00144200,1163529.00000000,0.00144300,970887.00000000,0.03183,15,0.03182,76,0.03181,14,0.0318,15,0.03179,91,0.03177,14,0.03176,91,0.03175,59,0.03172,14,0.0317,76,0.03191,14,0.03192,158,0.03197,15,0.03198,76,0.032,10,0.03201,15,0.03203,10,0.03204,76,0.03205,11,0.03206,15
binance,gate,FUNUSDT,0.00143400,0.03183,2119.6653,1774107202850,0.00143100,228681.00000000,0.00143000,620161.00000000,0.00142900,853835.00000000,0.00142800,97451.00000000,0.00142700,392124.00000000,0.00142600,486821.00000000,0.00142500,578662.00000000,0.00142400,1788873.00000000,0.00142200,8521.00000000,0.00142100,538592.00000000,0.00143400,641645.00000000,0.00143500,672728.00000000,0.00143600,593023.00000000,0.00143700,658403.00000000,0.00143800,1005772.00000000,0.00143900,315205.00000000,0.00144000,585258.00000000,0.00144100,273532.00000000,0.00144200,1163529.00000000,0.00144300,970887.00000000,0.03183,15,0.03182,76,0.03181,14,0.0318,74,0.03179,91,0.03177,14,0.03176,91,0.03172,14,0.0317,76,0.03166,10,0.03191,14,0.03192,158,0.03197,15,0.03198,76,0.032,10,0.03201,15,0.03203,10,0.03204,76,0.03205,11,0.03206,15
binance,gate,FUNUSDT,0.00143400,0.03183,2119.6653,1774107203152,0.00143100,228681.00000000,0.00143000,620161.00000000,0.00142900,853835.00000000,0.00142800,97451.00000000,0.00142700,392124.00000000,0.00142600,486821.00000000,0.00142500,578662.00000000,0.00142400,1788873.00000000,0.00142200,8521.00000000,0.00142100,538592.00000000,0.00143400,641645.00000000,0.00143500,672728.00000000,0.00143600,593023.00000000,0.00143700,658403.00000000,0.00143800,1005772.00000000,0.00143900,315205.00000000,0.00144000,585258.00000000,0.00144100,273532.00000000,0.00144200,1163529.00000000,0.00144300,970887.00000000,0.03183,15,0.03182,76,0.03181,14,0.0318,74,0.03179,91,0.03177,14,0.03176,91,0.03172,14,0.0317,76,0.03166,10,0.03191,14,0.03192,158,0.03197,15,0.03198,76,0.032,10,0.03201,15,0.03203,10,0.03204,76,0.03205,11,0.03206,15
binance,gate,FUNUSDT,0.00143400,0.03183,2119.6653,1774107203455,0.00143100,228681.00000000,0.00143000,620161.00000000,0.00142900,853835.00000000,0.00142800,97451.00000000,0.00142700,392124.00000000,0.00142600,486821.00000000,0.00142500,578662.00000000,0.00142400,1788873.00000000,0.00142200,8521.00000000,0.00142100,538592.00000000,0.00143400,641645.00000000,0.00143500,672728.00000000,0.00143600,593023.00000000,0.00143700,658403.00000000,0.00143800,1005772.00000000,0.00143900,315205.00000000,0.00144000,585258.00000000,0.00144100,273532.00000000,0.00144200,1163529.00000000,0.00144300,970887.00000000,0.03183,15,0.03182,76,0.03181,14,0.0318,74,0.03179,91,0.03177,14,0.03176,91,0.03172,14,0.0317,76,0.03166,10,0.03191,14,0.03192,158,0.03197,15,0.03198,76,0.032,10,0.03201,15,0.03203,10,0.03204,76,0.03205,11,0.03206,15
binance,gate,FUNUSDT,0.00143400,0.03183,2119.6653,1774107203757,0.00143100,228681.00000000,0.00143000,620161.00000000,0.00142900,853835.00000000,0.00142800,97451.00000000,0.00142700,392124.00000000,0.00142600,486821.00000000,0.00142500,578662.00000000,0.00142400,1788873.00000000,0.00142200,8521.00000000,0.00142100,538592.00000000,0.00143400,641645.00000000,0.00143500,672728.00000000,0.00143600,593023.00000000,0.00143700,658403.00000000,0.00143800,1005772.00000000,0.00143900,315205.00000000,0.00144000,585258.00000000,0.00144100,273532.00000000,0.00144200,1163529.00000000,0.00144300,970887.00000000,0.03183,15,0.03182,76,0.03181,14,0.0318,74,0.03179,91,0.03177,14,0.03176,91,0.03172,14,0.0317,76,0.03166,10,0.03191,14,0.03192,158,0.03197,15,0.03198,76,0.032,10,0.03201,15,0.03203,10,0.03204,76,0.03205,11,0.03206,15
