spot_exch,fut_exch,symbol,ask_spot,bid_futures,spread_pct,ts,s_b1,s_b2,s_b3,s_b4,s_b5,s_b6,s_b7,s_b8,s_b9,s_b10,s_bq1,s_bq2,s_bq3,s_bq4,s_bq5,s_bq6,s_bq7,s_bq8,s_bq9,s_bq10,s_a1,s_a2,s_a3,s_a4,s_a5,s_a6,s_a7,s_a8,s_a9,s_a10,s_aq1,s_aq2,s_aq3,s_aq4,s_aq5,s_aq6,s_aq7,s_aq8,s_aq9,s_aq10,f_b1,f_b2,f_b3,f_b4,f_b5,f_b6,f_b7,f_b8,f_b9,f_b10,f_bq1,f_bq2,f_bq3,f_bq4,f_bq5,f_bq6,f_bq7,f_bq8,f_bq9,f_bq10,f_a1,f_a2,f_a3,f_a4,f_a5,f_a6,f_a7,f_a8,f_a9,f_a10,f_aq1,f_aq2,f_aq3,f_aq4,f_aq5,f_aq6,f_aq7,f_aq8,f_aq9,f_aq10
binance,gate,NTRNUSDT,0.00610000,0.0062,1.6393,1774107040000,0.00600000,2686625.40000000,0.00590000,1486848.50000000,0.00580000,1525391.20000000,0.00570000,1268185.30000000,0.00560000,709760.10000000,0.00550000,156420.70000000,0.00540000,7778.20000000,0.00530000,1509.40000000,0.00520000,741577.30000000,0.00500000,316325.40000000,0.00610000,514796.40000000,0.00620000,1145873.00000000,0.00630000,1532853.70000000,0.00640000,1544941.10000000,0.00650000,668628.30000000,0.00660000,864090.00000000,0.00670000,325120.10000000,0.00680000,197447.40000000,0.00690000,120000.00000000,0.00700000,537183.90000000,,,,,,,,,,,,,,,,,,,,,,,,,,,,,,,,,,,,,,,,
binance,gate,NTRNUSDT,0.00610000,0.00622,1.9672,1774107041000,0.00600000,2686625.40000000,0.00590000,1486848.50000000,0.00580000,1521752.90000000,0.00570000,1268185.30000000,0.00560000,709760.10000000,0.00550000,156420.70000000,0.00540000,7778.20000000,0.00530000,1509.40000000,0.00520000,741577.30000000,0.00500000,316325.40000000,0.00610000,437950.80000000,0.00620000,1145873.00000000,0.00630000,1532853.70000000,0.00640000,1544941.10000000,0.00650000,668628.30000000,0.00660000,864090.00000000,0.00670000,325120.10000000,0.00680000,197447.40000000,0.00690000,120000.00000000,0.00700000,537183.90000000,,,,,,,,,,,,,,,,,,,,,,,,,,,,,,,,,,,,,,,,
binance,gate,NTRNUSDT,0.00610000,0.00622,1.9672,1774107042000,0.00600000,2686625.40000000,0.00590000,1486848.50000000,0.00580000,1521752.90000000,0.00570000,1268185.30000000,0.00560000,709760.10000000,0.00550000,156420.70000000,0.00540000,7778.20000000,0.00530000,1509.40000000,0.00520000,741577.30000000,0.00500000,316325.40000000,0.00610000,423972.90000000,0.00620000,1145873.00000000,0.00630000,1532853.70000000,0.00640000,1544941.10000000,0.00650000,668628.30000000,0.00660000,864090.00000000,0.00670000,325120.10000000,0.00680000,197447.40000000,0.00690000,120000.00000000,0.00700000,537183.90000000,,,,,,,,,,,,,,,,,,,,,,,,,,,,,,,,,,,,,,,,
binance,gate,NTRNUSDT,0.00620000,0.00622,0.3226,1774107044000,0.00600000,2631569.40000000,0.00590000,1458303.60000000,0.00580000,1520890.80000000,0.00570000,1145405.40000000,0.00560000,709760.10000000,0.00550000,149268.30000000,0.00540000,7778.20000000,0.00530000,1509.40000000,0.00520000,741577.30000000,0.00500000,316325.40000000,0.00610000,609115.40000000,0.00620000,1305229.80000000,0.00630000,1523584.40000000,0.00640000,1544941.10000000,0.00650000,668628.30000000,0.00660000,864090.00000000,0.00670000,325120.10000000,0.00680000,197447.40000000,0.00690000,120000.00000000,0.00700000,537183.90000000,,,,,,,,,,,,,,,,,,,,,,,,,,,,,,,,,,,,,,,,
binance,gate,NTRNUSDT,0.00610000,0.00621,1.8033,1774107045000,0.00600000,2652824.20000000,0.00590000,1458303.60000000,0.00580000,1725225.50000000,0.00570000,1269643.00000000,0.00560000,709760.10000000,0.00550000,149268.30000000,0.00540000,7778.20000000,0.00530000,1509.40000000,0.00520000,741577.30000000,0.00500000,316325.40000000,0.00610000,1321799.40000000,0.00620000,1378713.30000000,0.00630000,1434455.40000000,0.00640000,1544941.10000000,0.00650000,668628.30000000,0.00660000,864090.00000000,0.00670000,325120.10000000,0.00680000,197447.40000000,0.00690000,120000.00000000,0.00700000,537183.90000000,0.00622,547,0.00621,539,0.0062,577,0.00618,1057,0.00617,1224,0.00616,13272,0.00614,39,0.00612,25,0.0061,549,0.00609,1500,0.00624,3656,0.00625,2010,0.00626,596,0.00627,2391,0.00628,6339,0.00629,7407,0.0063,682,0.00632,595,0.00633,595,0.00634,550
binance,gate,NTRNUSDT,0.00610000,0.00621,1.8033,1774107050000,0.00600000,2677535.20000000,0.00590000,1462899.40000000,0.00580000,1725225.50000000,0.00570000,1269643.00000000,0.00560000,709760.10000000,0.00550000,149268.30000000,0.00540000,7778.20000000,0.00530000,1509.40000000,0.00520000,741577.30000000,0.00500000,316325.40000000,0.00610000,1276787.40000000,0.00620000,1379936.20000000,0.00630000,1433232.50000000,0.00640000,1544941.10000000,0.00650000,668628.30000000,0.00660000,864090.00000000,0.00670000,325120.10000000,0.00680000,197447.40000000,0.00690000,120000.00000000,0.00700000,537183.90000000,0.00621,713,0.0062,577,0.00618,1057,0.00617,1224,0.00616,623,0.00615,14694,0.00614,39,0.00612,25,0.0061,718,0.00609,982,0.00624,99,0.00625,429,0.00626,596,0.00627,1039,0.00628,13152,0.00629,597,0.0063,682,0.00632,595,0.00634,643,0.00635,39
binance,gate,NTRNUSDT,0.00610000,0.00621,1.8033,1774107054000,0.00600000,2677535.20000000,0.00590000,1462899.40000000,0.00580000,1725225.50000000,0.00570000,1269643.00000000,0.00560000,709760.10000000,0.00550000,149268.30000000,0.00540000,7778.20000000,0.00530000,1509.40000000,0.00520000,741577.30000000,0.00500000,316325.40000000,0.00610000,1271387.40000000,0.00620000,1379936.20000000,0.00630000,1442501.80000000,0.00640000,1544941.10000000,0.00650000,668628.30000000,0.00660000,864090.00000000,0.00670000,325120.10000000,0.00680000,197447.40000000,0.00690000,120000.00000000,0.00700000,537183.90000000,0.00621,50,0.0062,577,0.00618,1057,0.00617,1224,0.00616,623,0.00615,1568,0.00614,39,0.00612,25,0.0061,718,0.00609,982,0.00624,99,0.00625,429,0.00626,7395,0.00627,7367,0.00628,3209,0.00629,597,0.0063,682,0.00632,595,0.00634,643,0.00635,39
binance,gate,NTRNUSDT,0.00610000,0.0062,1.6393,1774107057000,0.00600000,2033740.50000000,0.00590000,1462899.40000000,0.00580000,2537209.20000000,0.00570000,1269643.00000000,0.00560000,709760.10000000,0.00550000,149268.30000000,0.00540000,7778.20000000,0.00530000,1509.40000000,0.00520000,741577.30000000,0.00500000,316325.40000000,0.00610000,1271387.40000000,0.00620000,1379936.20000000,0.00630000,1451552.90000000,0.00640000,1544941.10000000,0.00650000,668628.30000000,0.00660000,864090.00000000,0.00670000,325120.10000000,0.00680000,197447.40000000,0.00690000,120000.00000000,0.00700000,537183.90000000,0.0062,582,0.00618,1057,0.00617,1224,0.00616,676,0.00615,500,0.00614,13188,0.00612,25,0.0061,549,0.00609,161,0.00608,541,0.00622,553,0.00623,12,0.00624,99,0.00625,500,0.00626,7395,0.00627,7367,0.00628,3200,0.00629,762,0.0063,682,0.00631,846
binance,gate,NTRNUSDT,0.00610000,0.0062,1.6393,1774107067385,0.00600000,2033740.50000000,0.00590000,1462927.40000000,0.00580000,2537209.20000000,0.00570000,1269643.00000000,0.00560000,709760.10000000,0.00550000,149268.30000000,0.00540000,7778.20000000,0.00530000,1509.40000000,0.00520000,741577.30000000,0.00500000,316325.40000000,0.00610000,1252679.90000000,0.00620000,1379936.20000000,0.00630000,1451552.90000000,0.00640000,1544941.10000000,0.00650000,668628.30000000,0.00660000,864090.00000000,0.00670000,325120.10000000,0.00680000,197447.40000000,0.00690000,120000.00000000,0.00700000,537183.90000000,0.0062,596,0.00618,1057,0.00617,1224,0.00616,1176,0.00615,2621,0.00614,13188,0.00612,25,0.0061,549,0.00609,161,0.00608,711,0.00623,659,0.00624,5728,0.00625,1408,0.00626,596,0.00627,13682,0.00628,3200,0.00629,597,0.0063,682,0.00632,767,0.00634,550
binance,gate,NTRNUSDT,0.00610000,0.0062,1.6393,1774107067685,0.00600000,2033740.50000000,0.00590000,1462927.40000000,0.00580000,2537209.20000000,0.00570000,1269643.00000000,0.00560000,709760.10000000,0.00550000,149268.30000000,0.00540000,7778.20000000,0.00530000,1509.40000000,0.00520000,741577.30000000,0.00500000,316325.40000000,0.00610000,1252679.90000000,0.00620000,1379936.20000000,0.00630000,1451552.90000000,0.00640000,1544941.10000000,0.00650000,668628.30000000,0.00660000,864090.00000000,0.00670000,325120.10000000,0.00680000,197447.40000000,0.00690000,120000.00000000,0.00700000,537183.90000000,0.0062,596,0.00618,1057,0.00617,1224,0.00616,1176,0.00615,2621,0.00614,13188,0.00612,25,0.0061,549,0.00609,161,0.00608,711,0.00623,659,0.00624,5729,0.00625,1408,0.00626,596,0.00627,13682,0.00628,3200,0.00629,597,0.0063,682,0.00632,767,0.00634,550
binance,gate,NTRNUSDT,0.00610000,0.0062,1.6393,1774107067985,0.00600000,2033740.50000000,0.00590000,1462927.40000000,0.00580000,2537209.20000000,0.00570000,1269643.00000000,0.00560000,709760.10000000,0.00550000,149268.30000000,0.00540000,7778.20000000,0.00530000,1509.40000000,0.00520000,741577.30000000,0.00500000,316325.40000000,0.00610000,1252679.90000000,0.00620000,1379936.20000000,0.00630000,1451552.90000000,0.00640000,1544941.10000000,0.00650000,668628.30000000,0.00660000,864090.00000000,0.00670000,325120.10000000,0.00680000,197447.40000000,0.00690000,120000.00000000,0.00700000,537183.90000000,0.0062,596,0.00618,1057,0.00617,1224,0.00616,1176,0.00615,2621,0.00614,13188,0.00612,25,0.0061,549,0.00609,161,0.00608,711,0.00623,659,0.00624,5729,0.00625,1408,0.00626,596,0.00627,13682,0.00628,3200,0.00629,597,0.0063,682,0.00632,767,0.00634,550
binance,gate,NTRNUSDT,0.00610000,0.0062,1.6393,1774107068286,0.00600000,2033740.50000000,0.00590000,1462927.40000000,0.00580000,2537209.20000000,0.00570000,1269643.00000000,0.00560000,709760.10000000,0.00550000,149268.30000000,0.00540000,7778.20000000,0.00530000,1509.40000000,0.00520000,741577.30000000,0.00500000,316325.40000000,0.00610000,1252679.90000000,0.00620000,1379936.20000000,0.00630000,1451552.90000000,0.00640000,1544941.10000000,0.00650000,668628.30000000,0.00660000,864090.00000000,0.00670000,325120.10000000,0.00680000,197447.40000000,0.00690000,120000.00000000,0.00700000,537183.90000000,0.0062,596,0.00618,1057,0.00617,1224,0.00616,1176,0.00615,2621,0.00614,13188,0.00612,25,0.0061,549,0.00609,161,0.00608,711,0.00623,632,0.00624,5729,0.00625,1408,0.00626,596,0.00627,13682,0.00628,3200,0.00629,597,0.0063,682,0.00632,767,0.00634,550
binance,gate,NTRNUSDT,0.00610000,0.0062,1.6393,1774107068594,0.00600000,2033740.50000000,0.00590000,1462927.40000000,0.00580000,2537209.20000000,0.00570000,1269643.00000000,0.00560000,709760.10000000,0.00550000,149268.30000000,0.00540000,7778.20000000,0.00530000,1509.40000000,0.00520000,741577.30000000,0.00500000,316325.40000000,0.00610000,1252679.90000000,0.00620000,1379936.20000000,0.00630000,1451552.90000000,0.00640000,1544941.10000000,0.00650000,668628.30000000,0.00660000,864090.00000000,0.00670000,325120.10000000,0.00680000,197447.40000000,0.00690000,120000.00000000,0.00700000,537183.90000000,0.0062,596,0.00618,1057,0.00617,1224,0.00616,1176,0.00615,2621,0.00614,13188,0.00612,25,0.00611,166,0.0061,549,0.00609,161,0.00623,659,0.00624,5729,0.00625,1410,0.00626,596,0.00627,13682,0.00628,3200,0.00629,597,0.0063,682,0.00632,767,0.00634,550
binance,gate,NTRNUSDT,0.00610000,0.0062,1.6393,1774107068894,0.00600000,2033740.50000000,0.00590000,1462927.40000000,0.00580000,2537209.20000000,0.00570000,1269643.00000000,0.00560000,709760.10000000,0.00550000,149268.30000000,0.00540000,7778.20000000,0.00530000,1509.40000000,0.00520000,741577.30000000,0.00500000,316325.40000000,0.00610000,1252679.90000000,0.00620000,1379936.20000000,0.00630000,1451552.90000000,0.00640000,1544941.10000000,0.00650000,668628.30000000,0.00660000,864090.00000000,0.00670000,325120.10000000,0.00680000,197447.40000000,0.00690000,120000.00000000,0.00700000,537183.90000000,0.0062,596,0.00618,1057,0.00617,1224,0.00616,1176,0.00615,2621,0.00614,13188,0.00612,25,0.00611,166,0.0061,549,0.00609,161,0.00623,659,0.00624,4258,0.00625,2881,0.00626,596,0.00627,13682,0.00628,3200,0.00629,597,0.0063,682,0.00632,767,0.00634,550
binance,gate,NTRNUSDT,0.00610000,0.0062,1.6393,1774107069206,0.00600000,2033740.50000000,0.00590000,1462927.40000000,0.00580000,2537209.20000000,0.00570000,1269643.00000000,0.00560000,709760.10000000,0.00550000,149268.30000000,0.00540000,7778.20000000,0.00530000,1509.40000000,0.00520000,741577.30000000,0.00500000,316325.40000000,0.00610000,1252679.90000000,0.00620000,1379936.20000000,0.00630000,1451552.90000000,0.00640000,1544941.10000000,0.00650000,668628.30000000,0.00660000,864090.00000000,0.00670000,325120.10000000,0.00680000,197447.40000000,0.00690000,120000.00000000,0.00700000,537183.90000000,0.0062,596,0.00618,1057,0.00617,1224,0.00616,1176,0.00615,2621,0.00614,13188,0.00612,25,0.0061,549,0.00609,161,0.00608,711,0.00623,632,0.00624,4258,0.00625,2879,0.00626,596,0.00627,13682,0.00628,3200,0.00629,597,0.0063,682,0.00632,767,0.00634,550
binance,gate,NTRNUSDT,0.00610000,0.0062,1.6393,1774107069517,0.00600000,2033740.50000000,0.00590000,1462927.40000000,0.00580000,2537209.20000000,0.00570000,1269643.00000000,0.00560000,709760.10000000,0.00550000,149268.30000000,0.00540000,7778.20000000,0.00530000,1509.40000000,0.00520000,741577.30000000,0.00500000,316325.40000000,0.00610000,1252679.90000000,0.00620000,1379936.20000000,0.00630000,1451552.90000000,0.00640000,1544941.10000000,0.00650000,668628.30000000,0.00660000,864090.00000000,0.00670000,325120.10000000,0.00680000,197447.40000000,0.00690000,120000.00000000,0.00700000,537183.90000000,0.0062,596,0.00618,1057,0.00617,1224,0.00616,1176,0.00615,2621,0.00614,13188,0.00612,25,0.0061,549,0.00609,161,0.00608,711,0.00623,632,0.00624,4258,0.00625,2879,0.00626,596,0.00627,13682,0.00628,3200,0.00629,597,0.0063,682,0.00632,767,0.00634,550
binance,gate,NTRNUSDT,0.00610000,0.0062,1.6393,1774107069831,0.00600000,2033740.50000000,0.00590000,1462927.40000000,0.00580000,2537209.20000000,0.00570000,1269643.00000000,0.00560000,709760.10000000,0.00550000,149268.30000000,0.00540000,7778.20000000,0.00530000,1509.40000000,0.00520000,741577.30000000,0.00500000,316325.40000000,0.00610000,1252679.90000000,0.00620000,1379936.20000000,0.00630000,1451552.90000000,0.00640000,1544941.10000000,0.00650000,668628.30000000,0.00660000,864090.00000000,0.00670000,325120.10000000,0.00680000,197447.40000000,0.00690000,120000.00000000,0.00700000,537183.90000000,0.0062,596,0.00618,1057,0.00617,1224,0.00616,1176,0.00615,2621,0.00614,13188,0.00612,25,0.0061,549,0.00609,161,0.00608,711,0.00623,659,0.00624,4258,0.00625,2879,0.00626,596,0.00627,13682,0.00628,3200,0.00629,597,0.0063,682,0.00632,767,0.00634,550
binance,gate,NTRNUSDT,0.00610000,0.0062,1.6393,1774107070136,0.00600000,2033740.50000000,0.00590000,1462927.40000000,0.00580000,2537209.20000000,0.00570000,1269643.00000000,0.00560000,709760.10000000,0.00550000,149268.30000000,0.00540000,7778.20000000,0.00530000,1509.40000000,0.00520000,741577.30000000,0.00500000,316325.40000000,0.00610000,1252679.90000000,0.00620000,1379936.20000000,0.00630000,1451552.90000000,0.00640000,1544941.10000000,0.00650000,668628.30000000,0.00660000,864090.00000000,0.00670000,325120.10000000,0.00680000,197447.40000000,0.00690000,120000.00000000,0.00700000,537183.90000000,0.0062,596,0.00618,1057,0.00617,1224,0.00616,1176,0.00615,2621,0.00614,13188,0.00612,25,0.0061,549,0.00609,161,0.00608,711,0.00623,659,0.00624,4258,0.00625,2879,0.00626,596,0.00627,13682,0.00628,3200,0.00629,597,0.0063,682,0.00632,767,0.00634,550
binance,gate,NTRNUSDT,0.00610000,0.0062,1.6393,1774107070442,0.00600000,2033740.50000000,0.00590000,1462927.40000000,0.00580000,2537209.20000000,0.00570000,1269643.00000000,0.00560000,709760.10000000,0.00550000,149268.30000000,0.00540000,7778.20000000,0.00530000,1509.40000000,0.00520000,741577.30000000,0.00500000,316325.40000000,0.00610000,1247279.90000000,0.00620000,1379936.20000000,0.00630000,1451552.90000000,0.00640000,1544941.10000000,0.00650000,668628.30000000,0.00660000,864090.00000000,0.00670000,325120.10000000,0.00680000,197447.40000000,0.00690000,120000.00000000,0.00700000,537183.90000000,0.0062,596,0.00618,1057,0.00617,1224,0.00616,1176,0.00615,2621,0.00614,13188,0.00612,25,0.0061,549,0.00609,161,0.00608,711,0.00623,2717,0.00624,3554,0.00625,1471,0.00626,596,0.00627,13682,0.00628,3200,0.00629,597,0.0063,682,0.00632,767,0.00634,550
binance,gate,NTRNUSDT,0.00610000,0.0062,1.6393,1774107070742,0.00600000,2033740.50000000,0.00590000,1462927.40000000,0.00580000,2537209.20000000,0.00570000,1269643.00000000,0.00560000,709760.10000000,0.00550000,149268.30000000,0.00540000,7778.20000000,0.00530000,1509.40000000,0.00520000,741577.30000000,0.00500000,316325.40000000,0.00610000,1247279.90000000,0.00620000,1379936.20000000,0.00630000,1451552.90000000,0.00640000,1544941.10000000,0.00650000,668628.30000000,0.00660000,864090.00000000,0.00670000,325120.10000000,0.00680000,197447.40000000,0.00690000,120000.00000000,0.00700000,537183.90000000,0.0062,596,0.00619,2,0.00618,1057,0.00617,1224,0.00616,1176,0.00615,2621,0.00614,13188,0.00612,25,0.0061,549,0.00609,161,0.00622,1471,0.00623,4425,0.00624,1793,0.00625,1471,0.00626,596,0.00627,13682,0.00628,3200,0.00629,597,0.0063,682,0.00632,767
binance,gate,NTRNUSDT,0.00610000,0.0062,1.6393,1774107071044,0.00600000,2033740.50000000,0.00590000,1462927.40000000,0.00580000,2537209.20000000,0.00570000,1269643.00000000,0.00560000,709760.10000000,0.00550000,149268.30000000,0.00540000,7778.20000000,0.00530000,1509.40000000,0.00520000,741577.30000000,0.00500000,316325.40000000,0.00610000,1247279.90000000,0.00620000,1379936.20000000,0.00630000,1451552.90000000,0.00640000,1544941.10000000,0.00650000,668628.30000000,0.00660000,864090.00000000,0.00670000,325120.10000000,0.00680000,197447.40000000,0.00690000,120000.00000000,0.00700000,537183.90000000,0.0062,596,0.00618,1057,0.00617,1224,0.00616,1176,0.00615,2621,0.00614,13188,0.00612,25,0.0061,549,0.00609,161,0.00608,711,0.00622,1550,0.00623,4425,0.00624,1793,0.00625,1471,0.00626,596,0.00627,13682,0.00628,3200,0.00629,597,0.0063,682,0.00632,767
binance,gate,NTRNUSDT,0.00610000,0.0062,1.6393,1774107071346,0.00600000,2033740.50000000,0.00590000,1462927.40000000,0.00580000,2537209.20000000,0.00570000,1269643.00000000,0.00560000,709760.10000000,0.00550000,149268.30000000,0.00540000,7778.20000000,0.00530000,1509.40000000,0.00520000,741577.30000000,0.00500000,316325.40000000,0.00610000,1247279.90000000,0.00620000,1379936.20000000,0.00630000,1451552.90000000,0.00640000,1544941.10000000,0.00650000,668628.30000000,0.00660000,864090.00000000,0.00670000,325120.10000000,0.00680000,197447.40000000,0.00690000,120000.00000000,0.00700000,537183.90000000,0.0062,596,0.00619,1,0.00618,1057,0.00617,1224,0.00616,1176,0.00615,2621,0.00614,13188,0.00612,25,0.0061,549,0.00609,161,0.00622,1523,0.00623,4425,0.00624,1793,0.00625,1471,0.00626,596,0.00627,13682,0.00628,3200,0.00629,597,0.0063,682,0.00632,767
binance,gate,NTRNUSDT,0.00610000,0.0062,1.6393,1774107071653,0.00600000,2033740.50000000,0.00590000,1462927.40000000,0.00580000,2537209.20000000,0.00570000,1269643.00000000,0.00560000,709760.10000000,0.00550000,149268.30000000,0.00540000,7778.20000000,0.00530000,1509.40000000,0.00520000,741577.30000000,0.00500000,316325.40000000,0.00610000,1247279.90000000,0.00620000,1379936.20000000,0.00630000,1451552.90000000,0.00640000,1544941.10000000,0.00650000,668628.30000000,0.00660000,864090.00000000,0.00670000,325120.10000000,0.00680000,197447.40000000,0.00690000,120000.00000000,0.00700000,537183.90000000,0.0062,596,0.00619,1,0.00618,1057,0.00617,1224,0.00616,1176,0.00615,2621,0.00614,13188,0.00612,25,0.0061,549,0.00609,161,0.00622,1523,0.00623,4425,0.00624,1793,0.00625,1471,0.00626,596,0.00627,13682,0.00628,3200,0.00629,597,0.0063,682,0.00632,767
binance,gate,NTRNUSDT,0.00610000,0.0062,1.6393,1774107071954,0.00600000,2033740.50000000,0.00590000,1462927.40000000,0.00580000,2537209.20000000,0.00570000,1269643.00000000,0.00560000,709760.10000000,0.00550000,149268.30000000,0.00540000,7778.20000000,0.00530000,1509.40000000,0.00520000,741577.30000000,0.00500000,316325.40000000,0.00610000,1247279.90000000,0.00620000,1379936.20000000,0.00630000,1451552.90000000,0.00640000,1544941.10000000,0.00650000,668628.30000000,0.00660000,864090.00000000,0.00670000,325120.10000000,0.00680000,197447.40000000,0.00690000,120000.00000000,0.00700000,537183.90000000,0.0062,596,0.00618,1057,0.00617,1224,0.00616,1176,0.00615,2621,0.00614,13188,0.00612,25,0.0061,549,0.00609,161,0.00608,541,0.00622,1550,0.00623,4425,0.00624,1793,0.00625,1471,0.00626,596,0.00627,13682,0.00628,3200,0.00629,597,0.0063,682,0.00632,767
binance,gate,NTRNUSDT,0.00610000,0.0062,1.6393,1774107072255,0.00600000,2033740.50000000,0.00590000,1462927.40000000,0.00580000,2537209.20000000,0.00570000,1269643.00000000,0.00560000,709760.10000000,0.00550000,149268.30000000,0.00540000,7778.20000000,0.00530000,1509.40000000,0.00520000,741577.30000000,0.00500000,316325.40000000,0.00610000,1247279.90000000,0.00620000,1379936.20000000,0.00630000,1451552.90000000,0.00640000,1544941.10000000,0.00650000,668628.30000000,0.00660000,864090.00000000,0.00670000,325120.10000000,0.00680000,197447.40000000,0.00690000,120000.00000000,0.00700000,537183.90000000,0.0062,596,0.00618,1057,0.00617,1224,0.00616,1176,0.00615,2621,0.00614,13188,0.00612,25,0.0061,549,0.00609,161,0.00608,541,0.00622,1523,0.00623,4425,0.00624,1793,0.00625,1471,0.00626,596,0.00627,13682,0.00628,3200,0.00629,597,0.0063,682,0.00632,767
binance,gate,NTRNUSDT,0.00610000,0.0062,1.6393,1774107072555,0.00600000,2033740.50000000,0.00590000,1462927.40000000,0.00580000,2537209.20000000,0.00570000,1269643.00000000,0.00560000,709760.10000000,0.00550000,149268.30000000,0.00540000,7778.20000000,0.00530000,1509.40000000,0.00520000,741577.30000000,0.00500000,316325.40000000,0.00610000,1247279.90000000,0.00620000,1379936.20000000,0.00630000,1451552.90000000,0.00640000,1544941.10000000,0.00650000,668628.30000000,0.00660000,864090.00000000,0.00670000,325120.10000000,0.00680000,197447.40000000,0.00690000,120000.00000000,0.00700000,537183.90000000,0.0062,596,0.00619,1,0.00618,1057,0.00617,1224,0.00616,1176,0.00615,2621,0.00614,13188,0.00612,25,0.0061,549,0.00609,161,0.00622,1550,0.00623,4425,0.00624,1793,0.00625,1471,0.00626,596,0.00627,13682,0.00628,3200,0.00629,597,0.0063,682,0.00632,767
binance,gate,NTRNUSDT,0.00610000,0.0062,1.6393,1774107072855,0.00600000,2033740.50000000,0.00590000,1462927.40000000,0.00580000,2537209.20000000,0.00570000,1269643.00000000,0.00560000,709760.10000000,0.00550000,149268.30000000,0.00540000,7778.20000000,0.00530000,1509.40000000,0.00520000,741577.30000000,0.00500000,316325.40000000,0.00610000,1247279.90000000,0.00620000,1379936.20000000,0.00630000,1451552.90000000,0.00640000,1544941.10000000,0.00650000,668628.30000000,0.00660000,864090.00000000,0.00670000,325120.10000000,0.00680000,197447.40000000,0.00690000,120000.00000000,0.00700000,537183.90000000,0.0062,596,0.00618,1057,0.00617,1224,0.00616,1176,0.00615,2621,0.00614,13188,0.00612,25,0.0061,549,0.00609,161,0.00608,541,0.00622,1550,0.00623,4425,0.00624,1793,0.00625,1471,0.00626,596,0.00627,13682,0.00628,3200,0.00629,597,0.0063,682,0.00632,767
binance,gate,NTRNUSDT,0.00610000,0.0062,1.6393,1774107073156,0.00600000,2033740.50000000,0.00590000,1462927.40000000,0.00580000,2537209.20000000,0.00570000,1269643.00000000,0.00560000,709760.10000000,0.00550000,149268.30000000,0.00540000,7778.20000000,0.00530000,1509.40000000,0.00520000,741577.30000000,0.00500000,316325.40000000,0.00610000,1247279.90000000,0.00620000,1379936.20000000,0.00630000,1451552.90000000,0.00640000,1544941.10000000,0.00650000,668628.30000000,0.00660000,864090.00000000,0.00670000,325120.10000000,0.00680000,197447.40000000,0.00690000,120000.00000000,0.00700000,537183.90000000,0.0062,596,0.00618,1057,0.00617,1224,0.00616,1176,0.00615,2621,0.00614,13188,0.00612,25,0.0061,549,0.00609,161,0.00608,541,0.00622,1550,0.00623,4427,0.00624,1793,0.00626,596,0.00627,13682,0.00628,3200,0.00629,597,0.0063,682,0.00632,767,0.00634,550
binance,gate,NTRNUSDT,0.00610000,0.0062,1.6393,1774107073456,0.00600000,2033740.50000000,0.00590000,1462927.40000000,0.00580000,2537209.20000000,0.00570000,1269643.00000000,0.00560000,709760.10000000,0.00550000,149268.30000000,0.00540000,7778.20000000,0.00530000,1509.40000000,0.00520000,741577.30000000,0.00500000,316325.40000000,0.00610000,1218586.90000000,0.00620000,1379936.20000000,0.00630000,1451552.90000000,0.00640000,1544941.10000000,0.00650000,668628.30000000,0.00660000,864090.00000000,0.00670000,325120.10000000,0.00680000,197447.40000000,0.00690000,120000.00000000,0.00700000,537183.90000000,0.0062,596,0.00619,1,0.00618,1057,0.00617,1224,0.00616,1176,0.00615,2621,0.00614,13188,0.00612,25,0.0061,549,0.00609,161,0.00622,1523,0.00623,4425,0.00624,1793,0.00626,596,0.00627,13682,0.00628,3200,0.00629,597,0.0063,682,0.00632,767,0.00634,550
binance,gate,NTRNUSDT,0.00610000,0.0062,1.6393,1774107073762,0.00600000,2033740.50000000,0.00590000,1462927.40000000,0.00580000,2537209.20000000,0.00570000,1269643.00000000,0.00560000,709760.10000000,0.00550000,149268.30000000,0.00540000,7778.20000000,0.00530000,1509.40000000,0.00520000,741577.30000000,0.00500000,316325.40000000,0.00610000,1218586.90000000,0.00620000,1379936.20000000,0.00630000,1451552.90000000,0.00640000,1544941.10000000,0.00650000,668628.30000000,0.00660000,864090.00000000,0.00670000,325120.10000000,0.00680000,197447.40000000,0.00690000,120000.00000000,0.00700000,537183.90000000,0.0062,596,0.00619,1,0.00618,1057,0.00617,1224,0.00616,1176,0.00615,2621,0.00614,13188,0.00612,25,0.0061,549,0.00609,161,0.00622,1550,0.00623,4425,0.00624,1793,0.00626,596,0.00627,13682,0.00628,3200,0.00629,597,0.0063,682,0.00632,767,0.00634,550
binance,gate,NTRNUSDT,0.00610000,0.0062,1.6393,1774107074063,0.00600000,2033740.50000000,0.00590000,1462927.40000000,0.00580000,2537209.20000000,0.00570000,1269643.00000000,0.00560000,709760.10000000,0.00550000,149268.30000000,0.00540000,7778.20000000,0.00530000,1509.40000000,0.00520000,741577.30000000,0.00500000,316325.40000000,0.00610000,1218586.90000000,0.00620000,1379936.20000000,0.00630000,1451552.90000000,0.00640000,1544941.10000000,0.00650000,668628.30000000,0.00660000,864090.00000000,0.00670000,325120.10000000,0.00680000,197447.40000000,0.00690000,120000.00000000,0.00700000,537183.90000000,0.0062,596,0.00618,1057,0.00617,1224,0.00616,1176,0.00615,2621,0.00614,13188,0.00612,25,0.0061,549,0.00609,161,0.00608,541,0.00622,1550,0.00623,4425,0.00624,1793,0.00626,596,0.00627,13682,0.00628,3200,0.00629,597,0.0063,682,0.00632,767,0.00634,550
binance,gate,NTRNUSDT,0.00610000,0.0062,1.6393,1774107074363,0.00600000,2033740.50000000,0.00590000,1462927.40000000,0.00580000,2537209.20000000,0.00570000,1269643.00000000,0.00560000,709760.10000000,0.00550000,149268.30000000,0.00540000,7778.20000000,0.00530000,1509.40000000,0.00520000,741577.30000000,0.00500000,316325.40000000,0.00610000,1218586.90000000,0.00620000,1379936.20000000,0.00630000,1451552.90000000,0.00640000,1544941.10000000,0.00650000,668628.30000000,0.00660000,864090.00000000,0.00670000,325120.10000000,0.00680000,197447.40000000,0.00690000,120000.00000000,0.00700000,537183.90000000,0.0062,596,0.00618,1057,0.00617,1224,0.00616,1176,0.00615,2621,0.00614,13188,0.00612,25,0.0061,549,0.00609,161,0.00608,541,0.00622,1577,0.00623,6441,0.00624,1793,0.00626,596,0.00627,13682,0.00628,3200,0.00629,597,0.0063,682,0.00632,767,0.00634,550
binance,gate,NTRNUSDT,0.00610000,0.0062,1.6393,1774107074664,0.00600000,2033740.50000000,0.00590000,1462927.40000000,0.00580000,2537209.20000000,0.00570000,1269643.00000000,0.00560000,709760.10000000,0.00550000,149268.30000000,0.00540000,7778.20000000,0.00530000,1509.40000000,0.00520000,741577.30000000,0.00500000,316325.40000000,0.00610000,1218586.90000000,0.00620000,1379936.20000000,0.00630000,1451552.90000000,0.00640000,1544941.10000000,0.00650000,668628.30000000,0.00660000,864090.00000000,0.00670000,325120.10000000,0.00680000,197447.40000000,0.00690000,120000.00000000,0.00700000,537183.90000000,0.0062,596,0.00618,1057,0.00617,1224,0.00616,1176,0.00615,2621,0.00614,13188,0.00612,25,0.0061,549,0.00609,161,0.00608,541,0.00622,1604,0.00623,6441,0.00624,1793,0.00626,596,0.00627,13682,0.00628,3200,0.00629,597,0.0063,682,0.00632,767,0.00634,550
binance,gate,NTRNUSDT,0.00610000,0.0062,1.6393,1774107074964,0.00600000,2033740.50000000,0.00590000,1462927.40000000,0.00580000,2537209.20000000,0.00570000,1269643.00000000,0.00560000,709760.10000000,0.00550000,149268.30000000,0.00540000,7778.20000000,0.00530000,1509.40000000,0.00520000,741577.30000000,0.00500000,316325.40000000,0.00610000,1218586.90000000,0.00620000,1379936.20000000,0.00630000,1451552.90000000,0.00640000,1544941.10000000,0.00650000,668628.30000000,0.00660000,864090.00000000,0.00670000,325120.10000000,0.00680000,197447.40000000,0.00690000,120000.00000000,0.00700000,537183.90000000,0.0062,596,0.00618,1057,0.00617,1224,0.00616,1176,0.00615,2621,0.00614,13188,0.00612,25,0.0061,549,0.00609,161,0.00608,541,0.00622,1604,0.00623,6442,0.00624,1793,0.00626,596,0.00627,13682,0.00628,3200,0.00629,597,0.0063,682,0.00632,767,0.00634,550
binance,gate,NTRNUSDT,0.00610000,0.0062,1.6393,1774107075265,0.00600000,2033740.50000000,0.00590000,1462927.40000000,0.00580000,2537209.20000000,0.00570000,1269643.00000000,0.00560000,709760.10000000,0.00550000,149268.30000000,0.00540000,7778.20000000,0.00530000,1509.40000000,0.00520000,741577.30000000,0.00500000,316325.40000000,0.00610000,1218586.90000000,0.00620000,1379936.20000000,0.00630000,1451552.90000000,0.00640000,1544941.10000000,0.00650000,668628.30000000,0.00660000,864090.00000000,0.00670000,325120.10000000,0.00680000,197447.40000000,0.00690000,120000.00000000,0.00700000,537183.90000000,0.0062,596,0.00618,1057,0.00617,1224,0.00616,1176,0.00615,2621,0.00614,13188,0.00612,25,0.0061,549,0.00609,161,0.00608,541,0.00622,1577,0.00623,6442,0.00624,1793,0.00626,596,0.00627,13682,0.00628,3200,0.00629,597,0.0063,682,0.00632,767,0.00634,550
binance,gate,NTRNUSDT,0.00610000,0.0062,1.6393,1774107075565,0.00600000,2033740.50000000,0.00590000,1462927.40000000,0.00580000,2537209.20000000,0.00570000,1269643.00000000,0.00560000,709760.10000000,0.00550000,149268.30000000,0.00540000,7778.20000000,0.00530000,1509.40000000,0.00520000,741577.30000000,0.00500000,316325.40000000,0.00610000,1218586.90000000,0.00620000,1379936.20000000,0.00630000,1451552.90000000,0.00640000,1544941.10000000,0.00650000,668628.30000000,0.00660000,864090.00000000,0.00670000,325120.10000000,0.00680000,197447.40000000,0.00690000,120000.00000000,0.00700000,537183.90000000,0.0062,596,0.00618,1057,0.00617,1224,0.00616,1176,0.00615,2621,0.00614,13188,0.00612,25,0.0061,549,0.00609,161,0.00608,541,0.00622,1604,0.00623,6441,0.00624,1793,0.00626,596,0.00627,13682,0.00628,3200,0.00629,597,0.0063,682,0.00632,767,0.00634,550
binance,gate,NTRNUSDT,0.00610000,0.0062,1.6393,1774107075865,0.00600000,2033740.50000000,0.00590000,1462927.40000000,0.00580000,2537209.20000000,0.00570000,1269643.00000000,0.00560000,709760.10000000,0.00550000,149268.30000000,0.00540000,7778.20000000,0.00530000,1509.40000000,0.00520000,741577.30000000,0.00500000,316325.40000000,0.00610000,1218586.90000000,0.00620000,1379936.20000000,0.00630000,1451552.90000000,0.00640000,1544941.10000000,0.00650000,668628.30000000,0.00660000,864090.00000000,0.00670000,325120.10000000,0.00680000,197447.40000000,0.00690000,120000.00000000,0.00700000,537183.90000000,0.0062,596,0.00619,1,0.00618,1057,0.00617,1224,0.00616,2744,0.00615,1053,0.00614,13188,0.00612,25,0.0061,549,0.00609,161,0.00622,1604,0.00623,6441,0.00624,1793,0.00626,596,0.00627,13682,0.00628,3200,0.00629,597,0.0063,682,0.00632,767,0.00634,550
binance,gate,NTRNUSDT,0.00610000,0.0062,1.6393,1774107076165,0.00600000,2033740.50000000,0.00590000,1462927.40000000,0.00580000,2537209.20000000,0.00570000,1269643.00000000,0.00560000,709760.10000000,0.00550000,149268.30000000,0.00540000,7778.20000000,0.00530000,1509.40000000,0.00520000,741577.30000000,0.00500000,316325.40000000,0.00610000,1218586.90000000,0.00620000,1379936.20000000,0.00630000,1451552.90000000,0.00640000,1544941.10000000,0.00650000,668628.30000000,0.00660000,864090.00000000,0.00670000,325120.10000000,0.00680000,197447.40000000,0.00690000,120000.00000000,0.00700000,537183.90000000,0.0062,596,0.00618,1057,0.00617,1224,0.00616,2744,0.00615,1053,0.00614,13188,0.00612,25,0.0061,549,0.00609,161,0.00608,541,0.00622,1550,0.00623,6442,0.00624,1793,0.00626,596,0.00627,13682,0.00628,3200,0.00629,597,0.0063,682,0.00632,767,0.00634,550
binance,gate,NTRNUSDT,0.00610000,0.0062,1.6393,1774107076468,0.00600000,2033740.50000000,0.00590000,1462927.40000000,0.00580000,2537209.20000000,0.00570000,1269643.00000000,0.00560000,709760.10000000,0.00550000,149268.30000000,0.00540000,7778.20000000,0.00530000,1509.40000000,0.00520000,741577.30000000,0.00500000,316325.40000000,0.00610000,1218586.90000000,0.00620000,1379936.20000000,0.00630000,1451552.90000000,0.00640000,1544941.10000000,0.00650000,668628.30000000,0.00660000,864090.00000000,0.00670000,325120.10000000,0.00680000,197447.40000000,0.00690000,120000.00000000,0.00700000,537183.90000000,0.0062,596,0.00618,1057,0.00617,1224,0.00616,2744,0.00615,1053,0.00614,13188,0.00612,25,0.0061,549,0.00609,161,0.00608,541,0.00622,1550,0.00623,6441,0.00624,1793,0.00626,596,0.00627,13682,0.00628,3200,0.00629,597,0.0063,682,0.00632,767,0.00634,550
binance,gate,NTRNUSDT,0.00610000,0.0062,1.6393,1774107076768,0.00600000,2033740.50000000,0.00590000,1462927.40000000,0.00580000,2537209.20000000,0.00570000,1269643.00000000,0.00560000,709760.10000000,0.00550000,149268.30000000,0.00540000,7778.20000000,0.00530000,1509.40000000,0.00520000,741577.30000000,0.00500000,316325.40000000,0.00610000,1218586.90000000,0.00620000,1379936.20000000,0.00630000,1451552.90000000,0.00640000,1544941.10000000,0.00650000,668628.30000000,0.00660000,864090.00000000,0.00670000,325120.10000000,0.00680000,197447.40000000,0.00690000,120000.00000000,0.00700000,537183.90000000,0.0062,596,0.00618,1057,0.00617,1224,0.00616,2744,0.00615,1053,0.00614,13188,0.00612,25,0.0061,549,0.00609,161,0.00608,541,0.00622,1550,0.00623,6442,0.00624,1793,0.00626,596,0.00627,13682,0.00628,3200,0.00629,597,0.0063,682,0.00632,767,0.00634,550
binance,gate,NTRNUSDT,0.00610000,0.0062,1.6393,1774107077069,0.00600000,2033740.50000000,0.00590000,1462927.40000000,0.00580000,2537209.20000000,0.00570000,1269643.00000000,0.00560000,709760.10000000,0.00550000,149268.30000000,0.00540000,7778.20000000,0.00530000,1509.40000000,0.00520000,741577.30000000,0.00500000,316325.40000000,0.00610000,1218586.90000000,0.00620000,1379936.20000000,0.00630000,1451552.90000000,0.00640000,1544941.10000000,0.00650000,668628.30000000,0.00660000,864090.00000000,0.00670000,325120.10000000,0.00680000,197447.40000000,0.00690000,120000.00000000,0.00700000,537183.90000000,0.0062,596,0.00618,1057,0.00617,1224,0.00616,2744,0.00615,1053,0.00614,13188,0.00612,25,0.0061,549,0.00609,161,0.00608,541,0.00622,1550,0.00623,6442,0.00624,1793,0.00626,596,0.00627,13682,0.00628,3200,0.00629,597,0.0063,682,0.00632,767,0.00634,550
binance,gate,NTRNUSDT,0.00610000,0.0062,1.6393,1774107077370,0.00600000,2033740.50000000,0.00590000,1462927.40000000,0.00580000,2537209.20000000,0.00570000,1269643.00000000,0.00560000,709760.10000000,0.00550000,149268.30000000,0.00540000,7778.20000000,0.00530000,1509.40000000,0.00520000,741577.30000000,0.00500000,316325.40000000,0.00610000,1218586.90000000,0.00620000,1379936.20000000,0.00630000,1451552.90000000,0.00640000,1544941.10000000,0.00650000,668628.30000000,0.00660000,864090.00000000,0.00670000,325120.10000000,0.00680000,197447.40000000,0.00690000,120000.00000000,0.00700000,537183.90000000,0.0062,596,0.00618,1057,0.00617,1224,0.00616,2744,0.00615,1053,0.00614,13188,0.00612,25,0.0061,549,0.00609,161,0.00608,541,0.00622,1523,0.00623,6441,0.00624,1793,0.00626,596,0.00627,13682,0.00628,3200,0.00629,597,0.0063,682,0.00632,767,0.00634,550
binance,gate,NTRNUSDT,0.00610000,0.0062,1.6393,1774107077670,0.00600000,2033740.50000000,0.00590000,1462927.40000000,0.00580000,2537209.20000000,0.00570000,1269643.00000000,0.00560000,709760.10000000,0.00550000,149268.30000000,0.00540000,7778.20000000,0.00530000,1509.40000000,0.00520000,741577.30000000,0.00500000,316325.40000000,0.00610000,1218586.90000000,0.00620000,1379936.20000000,0.00630000,1451552.90000000,0.00640000,1544941.10000000,0.00650000,668628.30000000,0.00660000,864090.00000000,0.00670000,325120.10000000,0.00680000,197447.40000000,0.00690000,120000.00000000,0.00700000,537183.90000000,0.0062,596,0.00618,1057,0.00617,1224,0.00616,2744,0.00615,1053,0.00614,13188,0.00612,25,0.0061,549,0.00609,161,0.00608,541,0.00622,1550,0.00623,6441,0.00624,1793,0.00626,596,0.00627,13682,0.00628,3200,0.00629,597,0.0063,682,0.00632,767,0.00634,550
binance,gate,NTRNUSDT,0.00610000,0.0062,1.6393,1774107077971,0.00600000,2033740.50000000,0.00590000,1462927.40000000,0.00580000,2537209.20000000,0.00570000,1269643.00000000,0.00560000,709760.10000000,0.00550000,149268.30000000,0.00540000,7778.20000000,0.00530000,1509.40000000,0.00520000,741577.30000000,0.00500000,316325.40000000,0.00610000,1218586.90000000,0.00620000,1379936.20000000,0.00630000,1451552.90000000,0.00640000,1544941.10000000,0.00650000,668628.30000000,0.00660000,864090.00000000,0.00670000,325120.10000000,0.00680000,197447.40000000,0.00690000,120000.00000000,0.00700000,537183.90000000,0.0062,596,0.00618,1057,0.00617,1224,0.00616,2744,0.00615,1053,0.00614,13188,0.00612,25,0.0061,549,0.00609,161,0.00608,541,0.00622,1550,0.00623,6442,0.00624,1793,0.00626,596,0.00627,13682,0.00628,3200,0.00629,597,0.0063,682,0.00632,767,0.00634,550
binance,gate,NTRNUSDT,0.00610000,0.0062,1.6393,1774107078281,0.00600000,2033740.50000000,0.00590000,1462927.40000000,0.00580000,2537209.20000000,0.00570000,1269643.00000000,0.00560000,709760.10000000,0.00550000,149268.30000000,0.00540000,7778.20000000,0.00530000,1509.40000000,0.00520000,741577.30000000,0.00500000,316325.40000000,0.00610000,1218586.90000000,0.00620000,1379936.20000000,0.00630000,1451552.90000000,0.00640000,1544941.10000000,0.00650000,668628.30000000,0.00660000,864090.00000000,0.00670000,325120.10000000,0.00680000,197447.40000000,0.00690000,120000.00000000,0.00700000,537183.90000000,0.0062,596,0.00618,1057,0.00617,1224,0.00616,2744,0.00615,1053,0.00614,13188,0.00612,25,0.0061,549,0.00609,161,0.00608,541,0.00622,1523,0.00623,6442,0.00624,1793,0.00626,596,0.00627,13682,0.00628,3200,0.00629,597,0.0063,682,0.00632,767,0.00634,550
binance,gate,NTRNUSDT,0.00610000,0.0062,1.6393,1774107078581,0.00600000,2033740.50000000,0.00590000,1462927.40000000,0.00580000,2537209.20000000,0.00570000,1269643.00000000,0.00560000,709760.10000000,0.00550000,149268.30000000,0.00540000,7778.20000000,0.00530000,1509.40000000,0.00520000,741577.30000000,0.00500000,316325.40000000,0.00610000,1218586.90000000,0.00620000,1379936.20000000,0.00630000,1451552.90000000,0.00640000,1544941.10000000,0.00650000,668628.30000000,0.00660000,864090.00000000,0.00670000,325120.10000000,0.00680000,197447.40000000,0.00690000,120000.00000000,0.00700000,537183.90000000,0.0062,596,0.00618,1057,0.00617,1224,0.00616,2744,0.00615,1053,0.00614,13188,0.00612,25,0.0061,715,0.00609,161,0.00608,541,0.00622,1577,0.00623,6441,0.00624,1793,0.00626,598,0.00627,13682,0.00628,3200,0.00629,597,0.0063,682,0.00632,767,0.00634,550
binance,gate,NTRNUSDT,0.00610000,0.0062,1.6393,1774107078882,0.00600000,2033740.50000000,0.00590000,1462927.40000000,0.00580000,2537209.20000000,0.00570000,1269643.00000000,0.00560000,709760.10000000,0.00550000,149268.30000000,0.00540000,7778.20000000,0.00530000,1509.40000000,0.00520000,741577.30000000,0.00500000,316325.40000000,0.00610000,1218586.90000000,0.00620000,1379936.20000000,0.00630000,1451552.90000000,0.00640000,1544941.10000000,0.00650000,668628.30000000,0.00660000,864090.00000000,0.00670000,325120.10000000,0.00680000,197447.40000000,0.00690000,120000.00000000,0.00700000,537183.90000000,0.0062,596,0.00618,1057,0.00617,1224,0.00616,2744,0.00615,1053,0.00614,13188,0.00612,25,0.0061,715,0.00609,161,0.00608,541,0.00622,1550,0.00623,6442,0.00624,1793,0.00626,598,0.00627,13682,0.00628,3200,0.00629,597,0.0063,682,0.00632,767,0.00634,550
binance,gate,NTRNUSDT,0.00610000,0.0062,1.6393,1774107079182,0.00600000,2033740.50000000,0.00590000,1462927.40000000,0.00580000,2537209.20000000,0.00570000,1269643.00000000,0.00560000,709760.10000000,0.00550000,149268.30000000,0.00540000,7778.20000000,0.00530000,1509.40000000,0.00520000,741577.30000000,0.00500000,316325.40000000,0.00610000,1218586.90000000,0.00620000,1379936.20000000,0.00630000,1451552.90000000,0.00640000,1544941.10000000,0.00650000,668628.30000000,0.00660000,864090.00000000,0.00670000,325120.10000000,0.00680000,197447.40000000,0.00690000,120000.00000000,0.00700000,537183.90000000,0.0062,596,0.00618,1057,0.00617,1224,0.00616,2744,0.00615,1053,0.00614,13188,0.00612,25,0.0061,715,0.00609,161,0.00608,541,0.00622,1523,0.00623,6442,0.00624,1793,0.00626,598,0.00627,13682,0.00628,3200,0.00629,597,0.0063,682,0.00632,767,0.00634,550
binance,gate,NTRNUSDT,0.00610000,0.0062,1.6393,1774107079482,0.00600000,2033740.50000000,0.00590000,1462927.40000000,0.00580000,2537209.20000000,0.00570000,1269643.00000000,0.00560000,709760.10000000,0.00550000,149268.30000000,0.00540000,7778.20000000,0.00530000,1509.40000000,0.00520000,741577.30000000,0.00500000,316325.40000000,0.00610000,1218586.90000000,0.00620000,1379936.20000000,0.00630000,1451552.90000000,0.00640000,1544941.10000000,0.00650000,668628.30000000,0.00660000,864090.00000000,0.00670000,325120.10000000,0.00680000,197447.40000000,0.00690000,120000.00000000,0.00700000,537183.90000000,0.0062,596,0.00618,1057,0.00617,1224,0.00616,2744,0.00615,1053,0.00614,13188,0.00612,25,0.0061,715,0.00609,161,0.00608,541,0.00622,1577,0.00623,6442,0.00624,1793,0.00626,598,0.00627,13682,0.00628,3200,0.00629,597,0.0063,682,0.00632,767,0.00634,550
binance,gate,NTRNUSDT,0.00610000,0.0062,1.6393,1774107079785,0.00600000,2033740.50000000,0.00590000,1462927.40000000,0.00580000,2537209.20000000,0.00570000,1269643.00000000,0.00560000,709760.10000000,0.00550000,149268.30000000,0.00540000,7778.20000000,0.00530000,1509.40000000,0.00520000,741577.30000000,0.00500000,316325.40000000,0.00610000,1218586.90000000,0.00620000,1379936.20000000,0.00630000,1451552.90000000,0.00640000,1544941.10000000,0.00650000,668628.30000000,0.00660000,864090.00000000,0.00670000,325120.10000000,0.00680000,197447.40000000,0.00690000,120000.00000000,0.00700000,537183.90000000,0.0062,596,0.00618,1057,0.00617,1224,0.00616,2744,0.00615,1053,0.00614,13188,0.00612,25,0.0061,715,0.00609,161,0.00608,541,0.00622,1523,0.00623,6442,0.00624,1793,0.00626,598,0.00627,13682,0.00628,3200,0.00629,597,0.0063,682,0.00632,767,0.00634,550
binance,gate,NTRNUSDT,0.00610000,0.0062,1.6393,1774107080087,0.00600000,2033740.50000000,0.00590000,1462927.40000000,0.00580000,2537209.20000000,0.00570000,1269643.00000000,0.00560000,709760.10000000,0.00550000,149268.30000000,0.00540000,7778.20000000,0.00530000,1509.40000000,0.00520000,741577.30000000,0.00500000,316325.40000000,0.00610000,1218586.90000000,0.00620000,1379936.20000000,0.00630000,1451552.90000000,0.00640000,1544941.10000000,0.00650000,668628.30000000,0.00660000,864090.00000000,0.00670000,325120.10000000,0.00680000,197447.40000000,0.00690000,120000.00000000,0.00700000,537183.90000000,0.0062,596,0.00618,1057,0.00617,1224,0.00616,2744,0.00615,1053,0.00614,13188,0.00612,25,0.0061,715,0.00609,161,0.00608,541,0.00622,1523,0.00623,6442,0.00624,1793,0.00626,598,0.00627,13682,0.00628,3200,0.00629,597,0.0063,682,0.00632,767,0.00634,550
binance,gate,NTRNUSDT,0.00610000,0.0062,1.6393,1774107080387,0.00600000,2033740.50000000,0.00590000,1462927.40000000,0.00580000,2537209.20000000,0.00570000,1269643.00000000,0.00560000,709760.10000000,0.00550000,149268.30000000,0.00540000,7778.20000000,0.00530000,1509.40000000,0.00520000,741577.30000000,0.00500000,316325.40000000,0.00610000,1218586.90000000,0.00620000,1379936.20000000,0.00630000,1451552.90000000,0.00640000,1544941.10000000,0.00650000,668628.30000000,0.00660000,864090.00000000,0.00670000,325120.10000000,0.00680000,197447.40000000,0.00690000,120000.00000000,0.00700000,537183.90000000,0.0062,596,0.00618,1057,0.00617,1224,0.00616,2744,0.00615,1053,0.00614,13188,0.00612,25,0.0061,715,0.00609,161,0.00608,541,0.00622,1496,0.00623,6442,0.00624,1793,0.00626,598,0.00627,13682,0.00628,3200,0.00629,597,0.0063,682,0.00632,767,0.00634,550
binance,gate,NTRNUSDT,0.00610000,0.0062,1.6393,1774107080687,0.00600000,2033740.50000000,0.00590000,1462927.40000000,0.00580000,2537209.20000000,0.00570000,1269643.00000000,0.00560000,709760.10000000,0.00550000,149268.30000000,0.00540000,7778.20000000,0.00530000,1509.40000000,0.00520000,741577.30000000,0.00500000,316325.40000000,0.00610000,1218586.90000000,0.00620000,1379936.20000000,0.00630000,1451552.90000000,0.00640000,1544941.10000000,0.00650000,668628.30000000,0.00660000,864090.00000000,0.00670000,325120.10000000,0.00680000,197447.40000000,0.00690000,120000.00000000,0.00700000,537183.90000000,0.0062,596,0.00618,1057,0.00617,1224,0.00616,2744,0.00615,1053,0.00614,13188,0.00612,25,0.0061,715,0.00609,161,0.00608,541,0.00622,1550,0.00623,6442,0.00624,1793,0.00626,596,0.00627,13682,0.00628,3200,0.00629,597,0.0063,682,0.00632,767,0.00634,550
binance,gate,NTRNUSDT,0.00610000,0.0062,1.6393,1774107080987,0.00600000,2033740.50000000,0.00590000,1462927.40000000,0.00580000,2537209.20000000,0.00570000,1269643.00000000,0.00560000,709760.10000000,0.00550000,149268.30000000,0.00540000,7778.20000000,0.00530000,1509.40000000,0.00520000,741577.30000000,0.00500000,316325.40000000,0.00610000,1218586.90000000,0.00620000,1379936.20000000,0.00630000,1451552.90000000,0.00640000,1544941.10000000,0.00650000,668628.30000000,0.00660000,864090.00000000,0.00670000,325120.10000000,0.00680000,197447.40000000,0.00690000,120000.00000000,0.00700000,537183.90000000,0.0062,596,0.00618,1057,0.00617,1224,0.00616,2744,0.00615,1053,0.00614,13188,0.00612,25,0.0061,715,0.00609,161,0.00608,541,0.00622,1523,0.00623,6442,0.00624,1793,0.00626,596,0.00627,13682,0.00628,3200,0.00629,597,0.0063,682,0.00632,767,0.00634,550
binance,gate,NTRNUSDT,0.00610000,0.0062,1.6393,1774107081288,0.00600000,2033740.50000000,0.00590000,1462927.40000000,0.00580000,2537209.20000000,0.00570000,1269643.00000000,0.00560000,709760.10000000,0.00550000,149268.30000000,0.00540000,7778.20000000,0.00530000,1509.40000000,0.00520000,741577.30000000,0.00500000,316325.40000000,0.00610000,1218586.90000000,0.00620000,1379936.20000000,0.00630000,1451552.90000000,0.00640000,1544941.10000000,0.00650000,668628.30000000,0.00660000,864090.00000000,0.00670000,325120.10000000,0.00680000,197447.40000000,0.00690000,120000.00000000,0.00700000,537183.90000000,0.0062,596,0.00618,1057,0.00617,1224,0.00616,2744,0.00615,1053,0.00614,13188,0.00612,25,0.0061,715,0.00609,161,0.00608,541,0.00622,1550,0.00623,6442,0.00624,1793,0.00626,596,0.00627,13682,0.00628,3200,0.00629,597,0.0063,682,0.00632,767,0.00634,550
binance,gate,NTRNUSDT,0.00610000,0.0062,1.6393,1774107081588,0.00600000,2033740.50000000,0.00590000,1462927.40000000,0.00580000,2537209.20000000,0.00570000,1269643.00000000,0.00560000,709760.10000000,0.00550000,149268.30000000,0.00540000,7778.20000000,0.00530000,1509.40000000,0.00520000,741577.30000000,0.00500000,316325.40000000,0.00610000,1218586.90000000,0.00620000,1379936.20000000,0.00630000,1451552.90000000,0.00640000,1544941.10000000,0.00650000,668628.30000000,0.00660000,864090.00000000,0.00670000,325120.10000000,0.00680000,197447.40000000,0.00690000,120000.00000000,0.00700000,537183.90000000,0.0062,596,0.00618,1057,0.00617,1224,0.00616,2744,0.00615,1053,0.00614,13188,0.00612,25,0.0061,715,0.00609,161,0.00608,541,0.00622,1550,0.00623,6442,0.00624,1793,0.00626,596,0.00627,13682,0.00628,3200,0.00629,597,0.0063,682,0.00632,767,0.00634,550
binance,gate,NTRNUSDT,0.00610000,0.0062,1.6393,1774107081889,0.00600000,2033740.50000000,0.00590000,1462927.40000000,0.00580000,2537209.20000000,0.00570000,1269643.00000000,0.00560000,709760.10000000,0.00550000,149268.30000000,0.00540000,7778.20000000,0.00530000,1509.40000000,0.00520000,741577.30000000,0.00500000,316325.40000000,0.00610000,1218586.90000000,0.00620000,1379936.20000000,0.00630000,1451552.90000000,0.00640000,1544941.10000000,0.00650000,668628.30000000,0.00660000,864090.00000000,0.00670000,325120.10000000,0.00680000,197447.40000000,0.00690000,120000.00000000,0.00700000,537183.90000000,0.0062,596,0.00618,1057,0.00617,1224,0.00616,2744,0.00615,1053,0.00614,13188,0.00612,25,0.0061,715,0.00609,161,0.00608,541,0.00622,1523,0.00623,6442,0.00624,1793,0.00626,596,0.00627,13682,0.00628,3200,0.00629,597,0.0063,682,0.00632,767,0.00634,550
binance,gate,NTRNUSDT,0.00610000,0.0062,1.6393,1774107082189,0.00600000,2033740.50000000,0.00590000,1462927.40000000,0.00580000,2537209.20000000,0.00570000,1269643.00000000,0.00560000,709760.10000000,0.00550000,149268.30000000,0.00540000,7778.20000000,0.00530000,1509.40000000,0.00520000,741577.30000000,0.00500000,316325.40000000,0.00610000,1218586.90000000,0.00620000,1379936.20000000,0.00630000,1451552.90000000,0.00640000,1544941.10000000,0.00650000,668628.30000000,0.00660000,864090.00000000,0.00670000,325120.10000000,0.00680000,197447.40000000,0.00690000,120000.00000000,0.00700000,537183.90000000,0.0062,596,0.00618,1057,0.00617,1224,0.00616,2744,0.00615,1053,0.00614,13188,0.00612,25,0.0061,715,0.00609,161,0.00608,541,0.00622,1523,0.00623,6442,0.00624,1793,0.00626,596,0.00627,13682,0.00628,3200,0.00629,597,0.0063,682,0.00632,767,0.00634,550
binance,gate,NTRNUSDT,0.00610000,0.0062,1.6393,1774107082489,0.00600000,2033740.50000000,0.00590000,1462927.40000000,0.00580000,2537209.20000000,0.00570000,1269643.00000000,0.00560000,709760.10000000,0.00550000,149268.30000000,0.00540000,7778.20000000,0.00530000,1509.40000000,0.00520000,741577.30000000,0.00500000,316325.40000000,0.00610000,1218586.90000000,0.00620000,1379936.20000000,0.00630000,1451552.90000000,0.00640000,1544941.10000000,0.00650000,668628.30000000,0.00660000,864090.00000000,0.00670000,325120.10000000,0.00680000,197447.40000000,0.00690000,120000.00000000,0.00700000,537183.90000000,0.0062,596,0.00618,1057,0.00617,1224,0.00616,2744,0.00615,1053,0.00614,13188,0.00612,25,0.0061,715,0.00609,161,0.00608,541,0.00622,1550,0.00623,6442,0.00624,1793,0.00626,596,0.00627,13682,0.00628,3200,0.00629,597,0.0063,682,0.00632,767,0.00634,550
binance,gate,NTRNUSDT,0.00610000,0.0062,1.6393,1774107082789,0.00600000,2033740.50000000,0.00590000,1462927.40000000,0.00580000,2537209.20000000,0.00570000,1269643.00000000,0.00560000,709760.10000000,0.00550000,149268.30000000,0.00540000,7778.20000000,0.00530000,1509.40000000,0.00520000,741577.30000000,0.00500000,316325.40000000,0.00610000,1218586.90000000,0.00620000,1379936.20000000,0.00630000,1451552.90000000,0.00640000,1544941.10000000,0.00650000,668628.30000000,0.00660000,864090.00000000,0.00670000,325120.10000000,0.00680000,197447.40000000,0.00690000,120000.00000000,0.00700000,537183.90000000,0.0062,596,0.00618,1057,0.00617,1224,0.00616,2744,0.00615,1053,0.00614,13188,0.00612,25,0.0061,715,0.00609,161,0.00608,541,0.00622,1523,0.00623,6442,0.00624,1793,0.00626,596,0.00627,13682,0.00628,3200,0.00629,597,0.0063,682,0.00632,767,0.00634,550
binance,gate,NTRNUSDT,0.00610000,0.0062,1.6393,1774107083089,0.00600000,2033740.50000000,0.00590000,1462927.40000000,0.00580000,2537209.20000000,0.00570000,1269643.00000000,0.00560000,709760.10000000,0.00550000,149268.30000000,0.00540000,7778.20000000,0.00530000,1509.40000000,0.00520000,741577.30000000,0.00500000,316325.40000000,0.00610000,1218586.90000000,0.00620000,1379936.20000000,0.00630000,1451552.90000000,0.00640000,1544941.10000000,0.00650000,668628.30000000,0.00660000,864090.00000000,0.00670000,325120.10000000,0.00680000,197447.40000000,0.00690000,120000.00000000,0.00700000,537183.90000000,0.0062,596,0.00618,1057,0.00617,1224,0.00616,2744,0.00615,1053,0.00614,13188,0.00612,25,0.0061,715,0.00609,161,0.00608,541,0.00622,1523,0.00623,6442,0.00624,1793,0.00626,596,0.00627,13682,0.00628,3200,0.00629,597,0.0063,682,0.00632,767,0.00634,550
binance,gate,NTRNUSDT,0.00610000,0.0062,1.6393,1774107083389,0.00600000,2033740.50000000,0.00590000,1462927.40000000,0.00580000,2537209.20000000,0.00570000,1269643.00000000,0.00560000,709760.10000000,0.00550000,149268.30000000,0.00540000,7778.20000000,0.00530000,1509.40000000,0.00520000,741577.30000000,0.00500000,316325.40000000,0.00610000,1218586.90000000,0.00620000,1379936.20000000,0.00630000,1451552.90000000,0.00640000,1544941.10000000,0.00650000,668628.30000000,0.00660000,864090.00000000,0.00670000,325120.10000000,0.00680000,197447.40000000,0.00690000,120000.00000000,0.00700000,537183.90000000,0.0062,596,0.00618,1057,0.00617,1224,0.00616,2744,0.00615,1053,0.00614,13188,0.00612,25,0.0061,715,0.00609,161,0.00608,541,0.00622,1523,0.00623,6442,0.00624,1793,0.00626,596,0.00627,13682,0.00628,3200,0.00629,597,0.0063,682,0.00632,767,0.00634,550
binance,gate,NTRNUSDT,0.00610000,0.0062,1.6393,1774107083689,0.00600000,2033740.50000000,0.00590000,1462927.40000000,0.00580000,2537209.20000000,0.00570000,1269643.00000000,0.00560000,709760.10000000,0.00550000,149268.30000000,0.00540000,7778.20000000,0.00530000,1509.40000000,0.00520000,741577.30000000,0.00500000,316325.40000000,0.00610000,1218586.90000000,0.00620000,1379936.20000000,0.00630000,1451552.90000000,0.00640000,1544941.10000000,0.00650000,668628.30000000,0.00660000,864090.00000000,0.00670000,325120.10000000,0.00680000,197447.40000000,0.00690000,120000.00000000,0.00700000,537183.90000000,0.0062,596,0.00618,1057,0.00617,1224,0.00616,2744,0.00615,1053,0.00614,13188,0.00612,25,0.0061,715,0.00609,161,0.00608,541,0.00622,1523,0.00623,6442,0.00624,1793,0.00626,596,0.00627,13682,0.00628,3200,0.00629,597,0.0063,682,0.00632,767,0.00634,550
binance,gate,NTRNUSDT,0.00610000,0.0062,1.6393,1774107083990,0.00600000,2033740.50000000,0.00590000,1462927.40000000,0.00580000,2144106.30000000,0.00570000,1269643.00000000,0.00560000,709760.10000000,0.00550000,149268.30000000,0.00540000,7778.20000000,0.00530000,1509.40000000,0.00520000,741577.30000000,0.00500000,316325.40000000,0.00610000,1218586.90000000,0.00620000,1379936.20000000,0.00630000,1451552.90000000,0.00640000,1544941.10000000,0.00650000,668628.30000000,0.00660000,864090.00000000,0.00670000,325120.10000000,0.00680000,197447.40000000,0.00690000,120000.00000000,0.00700000,537183.90000000,0.0062,596,0.00618,1057,0.00617,1224,0.00616,2744,0.00615,1053,0.00614,13188,0.00612,25,0.0061,715,0.00609,161,0.00608,541,0.00622,1523,0.00623,6442,0.00624,1793,0.00626,596,0.00627,13682,0.00628,3200,0.00629,597,0.0063,682,0.00632,767,0.00634,550
binance,gate,NTRNUSDT,0.00610000,0.0062,1.6393,1774107084301,0.00600000,2033740.50000000,0.00590000,1462927.40000000,0.00580000,2144106.30000000,0.00570000,1269643.00000000,0.00560000,709760.10000000,0.00550000,149268.30000000,0.00540000,7778.20000000,0.00530000,1509.40000000,0.00520000,741577.30000000,0.00500000,316325.40000000,0.00610000,1218586.90000000,0.00620000,1379936.20000000,0.00630000,1451552.90000000,0.00640000,1544941.10000000,0.00650000,668628.30000000,0.00660000,864090.00000000,0.00670000,325120.10000000,0.00680000,197447.40000000,0.00690000,120000.00000000,0.00700000,537183.90000000,0.0062,596,0.00618,1057,0.00617,1224,0.00616,2744,0.00615,1053,0.00614,13188,0.00612,25,0.0061,715,0.00609,161,0.00608,541,0.00622,1523,0.00623,6442,0.00624,1793,0.00626,596,0.00627,13682,0.00628,3200,0.00629,597,0.0063,682,0.00632,767,0.00634,550
binance,gate,NTRNUSDT,0.00610000,0.0062,1.6393,1774107084610,0.00600000,2033740.50000000,0.00590000,1462927.40000000,0.00580000,2144106.30000000,0.00570000,1269643.00000000,0.00560000,709760.10000000,0.00550000,149268.30000000,0.00540000,7778.20000000,0.00530000,1509.40000000,0.00520000,741577.30000000,0.00500000,316325.40000000,0.00610000,1218586.90000000,0.00620000,1379936.20000000,0.00630000,1451552.90000000,0.00640000,1544941.10000000,0.00650000,668628.30000000,0.00660000,864090.00000000,0.00670000,325120.10000000,0.00680000,197447.40000000,0.00690000,120000.00000000,0.00700000,537183.90000000,0.0062,596,0.00618,1057,0.00617,1224,0.00616,2744,0.00615,1053,0.00614,13188,0.00612,25,0.0061,715,0.00609,161,0.00608,541,0.00622,1496,0.00623,6442,0.00624,1793,0.00626,596,0.00627,13682,0.00628,3200,0.00629,597,0.0063,682,0.00632,767,0.00634,550
binance,gate,NTRNUSDT,0.00610000,0.0062,1.6393,1774107084922,0.00600000,2033740.50000000,0.00590000,1462927.40000000,0.00580000,2524806.20000000,0.00570000,1269643.00000000,0.00560000,709760.10000000,0.00550000,149268.30000000,0.00540000,7778.20000000,0.00530000,1509.40000000,0.00520000,741577.30000000,0.00500000,316325.40000000,0.00610000,1198305.10000000,0.00620000,1379936.20000000,0.00630000,1451552.90000000,0.00640000,1544941.10000000,0.00650000,668628.30000000,0.00660000,864090.00000000,0.00670000,325120.10000000,0.00680000,197447.40000000,0.00690000,120000.00000000,0.00700000,537183.90000000,0.0062,596,0.00618,1057,0.00617,1224,0.00616,2744,0.00615,1053,0.00614,13188,0.00612,25,0.0061,715,0.00609,161,0.00608,541,0.00622,1523,0.00623,6442,0.00624,1793,0.00626,596,0.00627,13682,0.00628,3200,0.00629,597,0.0063,682,0.00632,767,0.00634,550
binance,gate,NTRNUSDT,0.00610000,0.0062,1.6393,1774107085235,0.00600000,2033740.50000000,0.00590000,1462927.40000000,0.00580000,2524806.20000000,0.00570000,1269643.00000000,0.00560000,709760.10000000,0.00550000,149268.30000000,0.00540000,7778.20000000,0.00530000,1509.40000000,0.00520000,741577.30000000,0.00500000,316325.40000000,0.00610000,1198305.10000000,0.00620000,1379936.20000000,0.00630000,1451552.90000000,0.00640000,1544941.10000000,0.00650000,668628.30000000,0.00660000,864090.00000000,0.00670000,325120.10000000,0.00680000,197447.40000000,0.00690000,120000.00000000,0.00700000,537183.90000000,0.0062,596,0.00618,1057,0.00617,1224,0.00616,2744,0.00615,1053,0.00614,13188,0.00612,25,0.0061,715,0.00609,161,0.00608,541,0.00622,1523,0.00623,6442,0.00624,1793,0.00626,596,0.00627,13682,0.00628,3200,0.00629,597,0.0063,682,0.00632,767,0.00634,550
binance,gate,NTRNUSDT,0.00610000,0.0062,1.6393,1774107085546,0.00600000,2033740.50000000,0.00590000,1462927.40000000,0.00580000,2524806.20000000,0.00570000,1269643.00000000,0.00560000,709760.10000000,0.00550000,149268.30000000,0.00540000,7778.20000000,0.00530000,1509.40000000,0.00520000,741577.30000000,0.00500000,316325.40000000,0.00610000,1198305.10000000,0.00620000,1379936.20000000,0.00630000,1451552.90000000,0.00640000,1544941.10000000,0.00650000,668628.30000000,0.00660000,864090.00000000,0.00670000,325120.10000000,0.00680000,197447.40000000,0.00690000,120000.00000000,0.00700000,537183.90000000,0.0062,596,0.00618,1057,0.00617,1224,0.00616,2744,0.00615,1053,0.00614,13188,0.00612,25,0.0061,715,0.00609,161,0.00608,541,0.00622,1550,0.00623,6442,0.00624,1793,0.00626,596,0.00627,13682,0.00628,3200,0.00629,597,0.0063,682,0.00632,767,0.00634,550
binance,gate,NTRNUSDT,0.00610000,0.0062,1.6393,1774107085850,0.00600000,2033740.50000000,0.00590000,1462927.40000000,0.00580000,2524806.20000000,0.00570000,1269643.00000000,0.00560000,709760.10000000,0.00550000,149268.30000000,0.00540000,7778.20000000,0.00530000,1509.40000000,0.00520000,741577.30000000,0.00500000,316325.40000000,0.00610000,1198305.10000000,0.00620000,1379936.20000000,0.00630000,1451552.90000000,0.00640000,1544941.10000000,0.00650000,668628.30000000,0.00660000,864090.00000000,0.00670000,325120.10000000,0.00680000,197447.40000000,0.00690000,120000.00000000,0.00700000,537183.90000000,0.0062,596,0.00618,1057,0.00617,1224,0.00616,2744,0.00615,1053,0.00614,13188,0.00612,25,0.0061,715,0.00609,161,0.00608,541,0.00622,1550,0.00623,6442,0.00624,1793,0.00626,596,0.00627,13682,0.00628,3200,0.00629,597,0.0063,682,0.00632,767,0.00634,550
binance,gate,NTRNUSDT,0.00610000,0.0062,1.6393,1774107086151,0.00600000,2033740.50000000,0.00590000,1462927.40000000,0.00580000,2524806.20000000,0.00570000,1269643.00000000,0.00560000,709760.10000000,0.00550000,149268.30000000,0.00540000,7778.20000000,0.00530000,1509.40000000,0.00520000,741577.30000000,0.00500000,316325.40000000,0.00610000,1198305.10000000,0.00620000,1379936.20000000,0.00630000,1451552.90000000,0.00640000,1544941.10000000,0.00650000,668628.30000000,0.00660000,864090.00000000,0.00670000,325120.10000000,0.00680000,197447.40000000,0.00690000,120000.00000000,0.00700000,537183.90000000,0.0062,596,0.00618,1057,0.00617,1224,0.00616,2744,0.00615,1053,0.00614,13188,0.00612,25,0.0061,715,0.00609,161,0.00608,541,0.00622,1550,0.00623,6442,0.00624,1793,0.00626,596,0.00627,13682,0.00628,3200,0.00629,597,0.0063,682,0.00632,767,0.00634,550
binance,gate,NTRNUSDT,0.00610000,0.0062,1.6393,1774107086451,0.00600000,2033740.50000000,0.00590000,1462927.40000000,0.00580000,2524806.20000000,0.00570000,1269643.00000000,0.00560000,709760.10000000,0.00550000,149268.30000000,0.00540000,7778.20000000,0.00530000,1509.40000000,0.00520000,741577.30000000,0.00500000,316325.40000000,0.00610000,1198305.10000000,0.00620000,1379936.20000000,0.00630000,1451552.90000000,0.00640000,1544941.10000000,0.00650000,668628.30000000,0.00660000,864090.00000000,0.00670000,325120.10000000,0.00680000,197447.40000000,0.00690000,120000.00000000,0.00700000,537183.90000000,0.0062,596,0.00618,1057,0.00617,1224,0.00616,2744,0.00615,1053,0.00614,13188,0.00612,25,0.0061,549,0.00609,161,0.00608,541,0.00622,1550,0.00623,6442,0.00624,1793,0.00626,596,0.00627,13682,0.00628,3200,0.00629,597,0.0063,682,0.00632,767,0.00634,550
binance,gate,NTRNUSDT,0.00610000,0.0062,1.6393,1774107086752,0.00600000,2033740.50000000,0.00590000,1462927.40000000,0.00580000,2524806.20000000,0.00570000,1269643.00000000,0.00560000,709760.10000000,0.00550000,149268.30000000,0.00540000,7778.20000000,0.00530000,1509.40000000,0.00520000,741577.30000000,0.00500000,316325.40000000,0.00610000,1198305.10000000,0.00620000,1379936.20000000,0.00630000,1451552.90000000,0.00640000,1544941.10000000,0.00650000,668628.30000000,0.00660000,864090.00000000,0.00670000,325120.10000000,0.00680000,197447.40000000,0.00690000,120000.00000000,0.00700000,537183.90000000,0.0062,596,0.00618,1057,0.00617,1224,0.00616,2744,0.00615,1053,0.00614,13188,0.00612,25,0.0061,549,0.00609,161,0.00608,541,0.00622,1577,0.00623,6442,0.00624,1793,0.00626,596,0.00627,13682,0.00628,3200,0.00629,597,0.0063,682,0.00632,767,0.00634,550
binance,gate,NTRNUSDT,0.00610000,0.0062,1.6393,1774107087052,0.00600000,2033740.50000000,0.00590000,1462927.40000000,0.00580000,2524806.20000000,0.00570000,1269643.00000000,0.00560000,709760.10000000,0.00550000,149268.30000000,0.00540000,7778.20000000,0.00530000,1509.40000000,0.00520000,741577.30000000,0.00500000,316325.40000000,0.00610000,1198305.10000000,0.00620000,1379936.20000000,0.00630000,1451552.90000000,0.00640000,1544941.10000000,0.00650000,668628.30000000,0.00660000,864090.00000000,0.00670000,325120.10000000,0.00680000,197447.40000000,0.00690000,120000.00000000,0.00700000,537183.90000000,0.0062,596,0.00618,1057,0.00617,1224,0.00616,2744,0.00615,1053,0.00614,13188,0.00612,25,0.0061,549,0.00609,161,0.00608,541,0.00622,1577,0.00623,6442,0.00624,1793,0.00626,596,0.00627,13682,0.00628,3200,0.00629,597,0.0063,682,0.00632,767,0.00634,550
binance,gate,NTRNUSDT,0.00610000,0.0062,1.6393,1774107087353,0.00600000,2033740.50000000,0.00590000,1462927.40000000,0.00580000,2524806.20000000,0.00570000,1269643.00000000,0.00560000,709760.10000000,0.00550000,149268.30000000,0.00540000,7778.20000000,0.00530000,1509.40000000,0.00520000,741577.30000000,0.00500000,316325.40000000,0.00610000,1198305.10000000,0.00620000,1379936.20000000,0.00630000,1451552.90000000,0.00640000,1544941.10000000,0.00650000,668628.30000000,0.00660000,864090.00000000,0.00670000,325120.10000000,0.00680000,197447.40000000,0.00690000,120000.00000000,0.00700000,537183.90000000,0.0062,596,0.00618,1057,0.00617,1224,0.00616,2744,0.00615,1053,0.00614,13188,0.00612,25,0.0061,549,0.00609,161,0.00608,541,0.00622,1577,0.00623,6442,0.00624,1793,0.00626,596,0.00627,13682,0.00628,3200,0.00629,597,0.0063,682,0.00632,767,0.00634,550
binance,gate,NTRNUSDT,0.00610000,0.0062,1.6393,1774107087663,0.00600000,2033740.50000000,0.00590000,1462927.40000000,0.00580000,2524806.20000000,0.00570000,1269643.00000000,0.00560000,709760.10000000,0.00550000,149268.30000000,0.00540000,7778.20000000,0.00530000,1509.40000000,0.00520000,741577.30000000,0.00500000,316325.40000000,0.00610000,1198305.10000000,0.00620000,1379936.20000000,0.00630000,1451552.90000000,0.00640000,1544941.10000000,0.00650000,668628.30000000,0.00660000,864090.00000000,0.00670000,325120.10000000,0.00680000,197447.40000000,0.00690000,120000.00000000,0.00700000,537183.90000000,0.0062,596,0.00618,1057,0.00617,1224,0.00616,2744,0.00615,1053,0.00614,13188,0.00612,25,0.0061,549,0.00609,161,0.00608,541,0.00622,1604,0.00623,6442,0.00624,1793,0.00626,596,0.00627,13682,0.00628,3200,0.00629,597,0.0063,682,0.00632,767,0.00634,550
binance,gate,NTRNUSDT,0.00610000,0.0062,1.6393,1774107087976,0.00600000,2033740.50000000,0.00590000,1462927.40000000,0.00580000,2524806.20000000,0.00570000,1269643.00000000,0.00560000,709760.10000000,0.00550000,149268.30000000,0.00540000,7778.20000000,0.00530000,1509.40000000,0.00520000,741577.30000000,0.00500000,316325.40000000,0.00610000,1198305.10000000,0.00620000,1379936.20000000,0.00630000,1451552.90000000,0.00640000,1544941.10000000,0.00650000,668628.30000000,0.00660000,864090.00000000,0.00670000,325120.10000000,0.00680000,197447.40000000,0.00690000,120000.00000000,0.00700000,537183.90000000,0.0062,596,0.00618,1057,0.00617,1224,0.00616,2744,0.00615,1053,0.00614,13188,0.00612,25,0.0061,549,0.00609,161,0.00608,541,0.00622,1550,0.00623,6442,0.00624,1793,0.00626,596,0.00627,13682,0.00628,3200,0.00629,597,0.0063,682,0.00632,767,0.00634,550
binance,gate,NTRNUSDT,0.00610000,0.0062,1.6393,1774107088290,0.00600000,2033740.50000000,0.00590000,1462927.40000000,0.00580000,2524806.20000000,0.00570000,1269643.00000000,0.00560000,709760.10000000,0.00550000,149268.30000000,0.00540000,7778.20000000,0.00530000,1509.40000000,0.00520000,741577.30000000,0.00500000,316325.40000000,0.00610000,1198305.10000000,0.00620000,1379936.20000000,0.00630000,1451552.90000000,0.00640000,1544941.10000000,0.00650000,668628.30000000,0.00660000,864090.00000000,0.00670000,325120.10000000,0.00680000,197447.40000000,0.00690000,120000.00000000,0.00700000,537183.90000000,0.0062,596,0.00618,1057,0.00617,1224,0.00616,2744,0.00615,1053,0.00614,13188,0.00612,25,0.0061,549,0.00609,327,0.00608,541,0.00622,1523,0.00623,6442,0.00624,1793,0.00626,598,0.00627,13682,0.00628,3200,0.00629,597,0.0063,682,0.00632,767,0.00634,550
binance,gate,NTRNUSDT,0.00610000,0.0062,1.6393,1774107088598,0.00600000,2033740.50000000,0.00590000,1462927.40000000,0.00580000,2524806.20000000,0.00570000,1269643.00000000,0.00560000,709760.10000000,0.00550000,149268.30000000,0.00540000,7778.20000000,0.00530000,1509.40000000,0.00520000,741577.30000000,0.00500000,316325.40000000,0.00610000,1181974.30000000,0.00620000,1379936.20000000,0.00630000,1451552.90000000,0.00640000,1544941.10000000,0.00650000,668628.30000000,0.00660000,864090.00000000,0.00670000,325120.10000000,0.00680000,197447.40000000,0.00690000,120000.00000000,0.00700000,537183.90000000,0.0062,596,0.00618,1057,0.00617,1224,0.00616,2744,0.00615,1053,0.00614,13188,0.00612,25,0.0061,549,0.00609,327,0.00608,541,0.00622,1604,0.00623,6442,0.00624,1793,0.00626,598,0.00627,13682,0.00628,3200,0.00629,597,0.0063,682,0.00632,767,0.00634,550
binance,gate,NTRNUSDT,0.00610000,0.0062,1.6393,1774107088905,0.00600000,2033740.50000000,0.00590000,1462927.40000000,0.00580000,2524806.20000000,0.00570000,1269643.00000000,0.00560000,709760.10000000,0.00550000,149268.30000000,0.00540000,7778.20000000,0.00530000,1509.40000000,0.00520000,741577.30000000,0.00500000,316325.40000000,0.00610000,1181974.30000000,0.00620000,1379936.20000000,0.00630000,1451552.90000000,0.00640000,1544941.10000000,0.00650000,668628.30000000,0.00660000,864090.00000000,0.00670000,325120.10000000,0.00680000,197447.40000000,0.00690000,120000.00000000,0.00700000,537183.90000000,0.0062,596,0.00618,1057,0.00617,1224,0.00616,2744,0.00615,1053,0.00614,13188,0.00612,25,0.0061,549,0.00609,161,0.00608,541,0.00622,1550,0.00623,6442,0.00624,1793,0.00626,598,0.00627,13682,0.00628,3200,0.00629,597,0.0063,682,0.00632,767,0.00634,550
binance,gate,NTRNUSDT,0.00610000,0.0062,1.6393,1774107089213,0.00600000,2033740.50000000,0.00590000,1462927.40000000,0.00580000,2524806.20000000,0.00570000,1269643.00000000,0.00560000,709760.10000000,0.00550000,149268.30000000,0.00540000,7778.20000000,0.00530000,1509.40000000,0.00520000,741577.30000000,0.00500000,316325.40000000,0.00610000,1181974.30000000,0.00620000,1379936.20000000,0.00630000,1451552.90000000,0.00640000,1544941.10000000,0.00650000,668628.30000000,0.00660000,864090.00000000,0.00670000,325120.10000000,0.00680000,197447.40000000,0.00690000,120000.00000000,0.00700000,537183.90000000,0.0062,596,0.00618,1057,0.00617,1224,0.00616,2744,0.00615,1053,0.00614,13188,0.00612,25,0.0061,549,0.00609,161,0.00608,541,0.00622,1550,0.00623,6442,0.00624,1793,0.00626,598,0.00627,13682,0.00628,3200,0.00629,597,0.0063,682,0.00632,767,0.00634,550
binance,gate,NTRNUSDT,0.00610000,0.0062,1.6393,1774107089527,0.00600000,2033740.50000000,0.00590000,1462927.40000000,0.00580000,2524806.20000000,0.00570000,1269643.00000000,0.00560000,709760.10000000,0.00550000,149268.30000000,0.00540000,7778.20000000,0.00530000,1509.40000000,0.00520000,741577.30000000,0.00500000,316325.40000000,0.00610000,1181974.30000000,0.00620000,1379936.20000000,0.00630000,1451552.90000000,0.00640000,1544941.10000000,0.00650000,668628.30000000,0.00660000,864090.00000000,0.00670000,325120.10000000,0.00680000,197447.40000000,0.00690000,120000.00000000,0.00700000,537183.90000000,0.0062,596,0.00618,1057,0.00617,1224,0.00616,2744,0.00615,1053,0.00614,13188,0.00612,25,0.0061,549,0.00609,161,0.00608,541,0.00622,1604,0.00623,6442,0.00624,1793,0.00626,598,0.00627,13682,0.00628,3200,0.00629,597,0.0063,682,0.00632,767,0.00634,550
binance,gate,NTRNUSDT,0.00610000,0.0062,1.6393,1774107089835,0.00600000,2033740.50000000,0.00590000,1462927.40000000,0.00580000,2524806.20000000,0.00570000,1269643.00000000,0.00560000,709760.10000000,0.00550000,149268.30000000,0.00540000,7778.20000000,0.00530000,1509.40000000,0.00520000,741577.30000000,0.00500000,316325.40000000,0.00610000,1181974.30000000,0.00620000,1379936.20000000,0.00630000,1451552.90000000,0.00640000,1544941.10000000,0.00650000,668628.30000000,0.00660000,864090.00000000,0.00670000,325120.10000000,0.00680000,197447.40000000,0.00690000,120000.00000000,0.00700000,537183.90000000,0.0062,596,0.00618,1057,0.00617,1224,0.00616,2744,0.00615,1053,0.00614,13188,0.00612,25,0.0061,549,0.00609,161,0.00608,541,0.00622,1550,0.00623,6442,0.00624,1793,0.00626,598,0.00627,13682,0.00628,3200,0.00629,597,0.0063,682,0.00632,767,0.00634,550
binance,gate,NTRNUSDT,0.00610000,0.0062,1.6393,1774107090144,0.00600000,2033740.50000000,0.00590000,1462927.40000000,0.00580000,2524806.20000000,0.00570000,1269643.00000000,0.00560000,709760.10000000,0.00550000,149268.30000000,0.00540000,7778.20000000,0.00530000,1509.40000000,0.00520000,741577.30000000,0.00500000,316325.40000000,0.00610000,1181974.30000000,0.00620000,1379936.20000000,0.00630000,1451552.90000000,0.00640000,1544941.10000000,0.00650000,668628.30000000,0.00660000,864090.00000000,0.00670000,325120.10000000,0.00680000,197447.40000000,0.00690000,120000.00000000,0.00700000,537183.90000000,0.0062,596,0.00618,1057,0.00617,1224,0.00616,2744,0.00615,1053,0.00614,13188,0.00612,25,0.0061,549,0.00609,161,0.00608,541,0.00622,1523,0.00623,6442,0.00624,1793,0.00626,598,0.00627,13682,0.00628,3200,0.00629,597,0.0063,682,0.00632,767,0.00634,550
binance,gate,NTRNUSDT,0.00610000,0.0062,1.6393,1774107090444,0.00600000,2033740.50000000,0.00590000,1462927.40000000,0.00580000,2524806.20000000,0.00570000,1269643.00000000,0.00560000,709760.10000000,0.00550000,149268.30000000,0.00540000,7778.20000000,0.00530000,1509.40000000,0.00520000,741577.30000000,0.00500000,316325.40000000,0.00610000,1181974.30000000,0.00620000,1379936.20000000,0.00630000,1451552.90000000,0.00640000,1544941.10000000,0.00650000,668628.30000000,0.00660000,864090.00000000,0.00670000,325120.10000000,0.00680000,197447.40000000,0.00690000,120000.00000000,0.00700000,537183.90000000,0.0062,596,0.00618,1057,0.00617,1224,0.00616,2744,0.00615,1053,0.00614,13188,0.00612,25,0.0061,549,0.00609,161,0.00608,541,0.00622,1550,0.00623,6442,0.00624,1793,0.00626,598,0.00627,13682,0.00628,3200,0.00629,597,0.0063,682,0.00632,767,0.00634,550
binance,gate,NTRNUSDT,0.00610000,0.0062,1.6393,1774107090752,0.00600000,2033740.50000000,0.00590000,1462927.40000000,0.00580000,2524806.20000000,0.00570000,1269643.00000000,0.00560000,709760.10000000,0.00550000,149268.30000000,0.00540000,7778.20000000,0.00530000,1509.40000000,0.00520000,741577.30000000,0.00500000,316325.40000000,0.00610000,1181974.30000000,0.00620000,1379936.20000000,0.00630000,1451552.90000000,0.00640000,1544941.10000000,0.00650000,668628.30000000,0.00660000,864090.00000000,0.00670000,325120.10000000,0.00680000,197447.40000000,0.00690000,120000.00000000,0.00700000,537183.90000000,0.0062,596,0.00618,1057,0.00617,1224,0.00616,2744,0.00615,1053,0.00614,13188,0.00612,25,0.0061,549,0.00609,161,0.00608,541,0.00622,1577,0.00623,6442,0.00624,1793,0.00626,598,0.00627,13682,0.00628,3200,0.00629,597,0.0063,682,0.00632,767,0.00634,550
binance,gate,NTRNUSDT,0.00610000,0.0062,1.6393,1774107091052,0.00600000,2033740.50000000,0.00590000,1462927.40000000,0.00580000,2524806.20000000,0.00570000,1269643.00000000,0.00560000,709760.10000000,0.00550000,149268.30000000,0.00540000,7778.20000000,0.00530000,1509.40000000,0.00520000,741577.30000000,0.00500000,316325.40000000,0.00610000,1181974.30000000,0.00620000,1379936.20000000,0.00630000,1451552.90000000,0.00640000,1544941.10000000,0.00650000,668628.30000000,0.00660000,864090.00000000,0.00670000,325120.10000000,0.00680000,197447.40000000,0.00690000,120000.00000000,0.00700000,537183.90000000,0.0062,596,0.00618,1057,0.00617,1224,0.00616,2744,0.00615,1053,0.00614,13188,0.00612,25,0.0061,549,0.00609,161,0.00608,541,0.00622,1550,0.00623,6442,0.00624,1793,0.00626,598,0.00627,13682,0.00628,3200,0.00629,597,0.0063,682,0.00632,767,0.00634,550
binance,gate,NTRNUSDT,0.00610000,0.0062,1.6393,1774107091353,0.00600000,2033740.50000000,0.00590000,1462927.40000000,0.00580000,2524806.20000000,0.00570000,1269643.00000000,0.00560000,709760.10000000,0.00550000,149268.30000000,0.00540000,7778.20000000,0.00530000,1509.40000000,0.00520000,741577.30000000,0.00500000,316325.40000000,0.00610000,1171661.20000000,0.00620000,1379936.20000000,0.00630000,1451552.90000000,0.00640000,1544941.10000000,0.00650000,668628.30000000,0.00660000,864090.00000000,0.00670000,325120.10000000,0.00680000,197447.40000000,0.00690000,120000.00000000,0.00700000,537183.90000000,0.0062,596,0.00618,1057,0.00617,1224,0.00616,2744,0.00615,1053,0.00614,13188,0.00612,25,0.0061,549,0.00609,161,0.00608,541,0.00622,1550,0.00623,6442,0.00624,1793,0.00626,598,0.00627,13682,0.00628,3200,0.00629,597,0.0063,682,0.00632,767,0.00634,550
binance,gate,NTRNUSDT,0.00610000,0.0062,1.6393,1774107091653,0.00600000,2033740.50000000,0.00590000,1462927.40000000,0.00580000,2524806.20000000,0.00570000,1269643.00000000,0.00560000,709760.10000000,0.00550000,149268.30000000,0.00540000,7778.20000000,0.00530000,1509.40000000,0.00520000,741577.30000000,0.00500000,316325.40000000,0.00610000,1171661.20000000,0.00620000,1379936.20000000,0.00630000,1451552.90000000,0.00640000,1544941.10000000,0.00650000,668628.30000000,0.00660000,864090.00000000,0.00670000,325120.10000000,0.00680000,197447.40000000,0.00690000,120000.00000000,0.00700000,537183.90000000,0.0062,596,0.00618,1057,0.00617,1224,0.00616,2744,0.00615,1053,0.00614,13188,0.00612,25,0.0061,549,0.00609,161,0.00608,541,0.00622,1604,0.00623,6442,0.00624,1793,0.00626,598,0.00627,13682,0.00628,3200,0.00629,597,0.0063,682,0.00632,767,0.00634,550
binance,gate,NTRNUSDT,0.00610000,0.0062,1.6393,1774107091953,0.00600000,2033740.50000000,0.00590000,1462927.40000000,0.00580000,2524806.20000000,0.00570000,1269643.00000000,0.00560000,709760.10000000,0.00550000,149268.30000000,0.00540000,7778.20000000,0.00530000,1509.40000000,0.00520000,741577.30000000,0.00500000,316325.40000000,0.00610000,1171661.20000000,0.00620000,1379936.20000000,0.00630000,1451552.90000000,0.00640000,1544941.10000000,0.00650000,668628.30000000,0.00660000,864090.00000000,0.00670000,325120.10000000,0.00680000,197447.40000000,0.00690000,120000.00000000,0.00700000,537183.90000000,0.0062,596,0.00618,1057,0.00617,1224,0.00616,2744,0.00615,1053,0.00614,13188,0.00612,25,0.0061,549,0.00609,161,0.00608,541,0.00622,1523,0.00623,6442,0.00624,1793,0.00626,598,0.00627,13682,0.00628,3200,0.00629,597,0.0063,682,0.00632,767,0.00634,550
binance,gate,NTRNUSDT,0.00610000,0.0062,1.6393,1774107092253,0.00600000,2033740.50000000,0.00590000,1462927.40000000,0.00580000,2524806.20000000,0.00570000,1269643.00000000,0.00560000,709760.10000000,0.00550000,149268.30000000,0.00540000,7778.20000000,0.00530000,1509.40000000,0.00520000,741577.30000000,0.00500000,316325.40000000,0.00610000,1171661.20000000,0.00620000,1379936.20000000,0.00630000,1451552.90000000,0.00640000,1544941.10000000,0.00650000,668628.30000000,0.00660000,864090.00000000,0.00670000,325120.10000000,0.00680000,197447.40000000,0.00690000,120000.00000000,0.00700000,537183.90000000,0.0062,596,0.00618,1057,0.00617,1224,0.00616,2744,0.00615,1053,0.00614,13188,0.00612,25,0.0061,549,0.00609,161,0.00608,541,0.00622,1523,0.00623,6442,0.00624,1793,0.00626,598,0.00627,13682,0.00628,3200,0.00629,597,0.0063,682,0.00632,767,0.00634,550
binance,gate,NTRNUSDT,0.00610000,0.0062,1.6393,1774107092558,0.00600000,2033740.50000000,0.00590000,1462927.40000000,0.00580000,2524806.20000000,0.00570000,1269643.00000000,0.00560000,709760.10000000,0.00550000,149268.30000000,0.00540000,7778.20000000,0.00530000,1509.40000000,0.00520000,741577.30000000,0.00500000,316325.40000000,0.00610000,1171661.20000000,0.00620000,1379936.20000000,0.00630000,1451552.90000000,0.00640000,1544941.10000000,0.00650000,668628.30000000,0.00660000,864090.00000000,0.00670000,325120.10000000,0.00680000,197447.40000000,0.00690000,120000.00000000,0.00700000,537183.90000000,0.0062,596,0.00618,1057,0.00617,1224,0.00616,2744,0.00615,1053,0.00614,13188,0.00612,25,0.0061,549,0.00609,161,0.00608,541,0.00622,1550,0.00623,6442,0.00624,1793,0.00626,598,0.00627,13682,0.00628,3200,0.00629,597,0.0063,682,0.00632,767,0.00634,550
binance,gate,NTRNUSDT,0.00610000,0.0062,1.6393,1774107092858,0.00600000,2033740.50000000,0.00590000,1462927.40000000,0.00580000,2524806.20000000,0.00570000,1269643.00000000,0.00560000,709760.10000000,0.00550000,149268.30000000,0.00540000,7778.20000000,0.00530000,1509.40000000,0.00520000,741577.30000000,0.00500000,316325.40000000,0.00610000,1171661.20000000,0.00620000,1379936.20000000,0.00630000,1451552.90000000,0.00640000,1544941.10000000,0.00650000,668628.30000000,0.00660000,864090.00000000,0.00670000,325120.10000000,0.00680000,197447.40000000,0.00690000,120000.00000000,0.00700000,537183.90000000,0.0062,596,0.00618,1057,0.00617,1224,0.00616,2744,0.00615,1053,0.00614,13188,0.00612,25,0.0061,549,0.00609,161,0.00608,541,0.00622,1523,0.00623,6442,0.00624,1793,0.00626,598,0.00627,13682,0.00628,3200,0.00629,597,0.0063,682,0.00632,767,0.00634,550
binance,gate,NTRNUSDT,0.00610000,0.0062,1.6393,1774107093171,0.00600000,2033740.50000000,0.00590000,1462927.40000000,0.00580000,2524806.20000000,0.00570000,1269643.00000000,0.00560000,709760.10000000,0.00550000,149268.30000000,0.00540000,7778.20000000,0.00530000,1509.40000000,0.00520000,741577.30000000,0.00500000,316325.40000000,0.00610000,1171661.20000000,0.00620000,1379936.20000000,0.00630000,1451552.90000000,0.00640000,1544941.10000000,0.00650000,668628.30000000,0.00660000,864090.00000000,0.00670000,325120.10000000,0.00680000,197447.40000000,0.00690000,120000.00000000,0.00700000,537183.90000000,0.0062,596,0.00618,1057,0.00617,1224,0.00616,2744,0.00615,1053,0.00614,13188,0.00612,25,0.0061,549,0.00609,161,0.00608,541,0.00622,1523,0.00623,6442,0.00624,1793,0.00626,598,0.00627,13682,0.00628,3200,0.00629,597,0.0063,682,0.00632,767,0.00634,550
binance,gate,NTRNUSDT,0.00610000,0.0062,1.6393,1774107093481,0.00600000,2033740.50000000,0.00590000,1462927.40000000,0.00580000,2524806.20000000,0.00570000,1269643.00000000,0.00560000,709760.10000000,0.00550000,149268.30000000,0.00540000,7778.20000000,0.00530000,1509.40000000,0.00520000,741577.30000000,0.00500000,316325.40000000,0.00610000,1171661.20000000,0.00620000,1379936.20000000,0.00630000,1451552.90000000,0.00640000,1544941.10000000,0.00650000,668628.30000000,0.00660000,864090.00000000,0.00670000,325120.10000000,0.00680000,197447.40000000,0.00690000,120000.00000000,0.00700000,537183.90000000,0.0062,596,0.00618,1057,0.00617,1224,0.00616,2744,0.00615,1053,0.00614,13188,0.00612,25,0.0061,549,0.00609,161,0.00608,541,0.00622,1523,0.00623,6442,0.00624,1793,0.00626,598,0.00627,13682,0.00628,3200,0.00629,597,0.0063,682,0.00632,767,0.00634,550
binance,gate,NTRNUSDT,0.00610000,0.0062,1.6393,1774107093791,0.00600000,2033740.50000000,0.00590000,1462927.40000000,0.00580000,2524806.20000000,0.00570000,1269643.00000000,0.00560000,709760.10000000,0.00550000,149268.30000000,0.00540000,7778.20000000,0.00530000,1509.40000000,0.00520000,741577.30000000,0.00500000,316325.40000000,0.00610000,1171661.20000000,0.00620000,1379936.20000000,0.00630000,1451552.90000000,0.00640000,1544941.10000000,0.00650000,668628.30000000,0.00660000,864090.00000000,0.00670000,325120.10000000,0.00680000,197447.40000000,0.00690000,120000.00000000,0.00700000,537183.90000000,0.0062,596,0.00618,1057,0.00617,1224,0.00616,2744,0.00615,1053,0.00614,13188,0.00612,25,0.0061,549,0.00609,161,0.00608,541,0.00622,1523,0.00623,6442,0.00624,1793,0.00626,598,0.00627,13682,0.00628,3200,0.00629,597,0.0063,682,0.00632,767,0.00634,550
binance,gate,NTRNUSDT,0.00610000,0.0062,1.6393,1774107094103,0.00600000,2033740.50000000,0.00590000,1462927.40000000,0.00580000,2524806.20000000,0.00570000,1269643.00000000,0.00560000,709760.10000000,0.00550000,149268.30000000,0.00540000,7778.20000000,0.00530000,1509.40000000,0.00520000,741577.30000000,0.00500000,316325.40000000,0.00610000,1171661.20000000,0.00620000,1379936.20000000,0.00630000,1451552.90000000,0.00640000,1544941.10000000,0.00650000,668628.30000000,0.00660000,864090.00000000,0.00670000,325120.10000000,0.00680000,197447.40000000,0.00690000,120000.00000000,0.00700000,537183.90000000,0.0062,596,0.00618,1057,0.00617,1224,0.00616,2744,0.00615,1053,0.00614,13188,0.00612,25,0.0061,549,0.00609,161,0.00608,541,0.00622,1523,0.00623,6442,0.00624,1793,0.00626,598,0.00627,13682,0.00628,3200,0.00629,597,0.0063,682,0.00632,767,0.00634,550
binance,gate,NTRNUSDT,0.00610000,0.0062,1.6393,1774107094413,0.00600000,2033740.50000000,0.00590000,1462927.40000000,0.00580000,2524806.20000000,0.00570000,1269643.00000000,0.00560000,709760.10000000,0.00550000,149268.30000000,0.00540000,7778.20000000,0.00530000,1509.40000000,0.00520000,741577.30000000,0.00500000,316325.40000000,0.00610000,1171661.20000000,0.00620000,1379936.20000000,0.00630000,1451552.90000000,0.00640000,1544941.10000000,0.00650000,668628.30000000,0.00660000,864090.00000000,0.00670000,325120.10000000,0.00680000,197447.40000000,0.00690000,120000.00000000,0.00700000,537183.90000000,0.0062,596,0.00618,1057,0.00617,1224,0.00616,2744,0.00615,1053,0.00614,13188,0.00612,25,0.0061,549,0.00609,161,0.00608,541,0.00622,1523,0.00623,6442,0.00624,1793,0.00626,598,0.00627,13682,0.00628,3200,0.00629,597,0.0063,682,0.00632,767,0.00634,550
binance,gate,NTRNUSDT,0.00610000,0.0062,1.6393,1774107094728,0.00600000,2033740.50000000,0.00590000,1462927.40000000,0.00580000,2524806.20000000,0.00570000,1269643.00000000,0.00560000,709760.10000000,0.00550000,149268.30000000,0.00540000,7778.20000000,0.00530000,1509.40000000,0.00520000,741577.30000000,0.00500000,316325.40000000,0.00610000,1171661.20000000,0.00620000,1379936.20000000,0.00630000,1451552.90000000,0.00640000,1544941.10000000,0.00650000,668628.30000000,0.00660000,864090.00000000,0.00670000,325120.10000000,0.00680000,197447.40000000,0.00690000,120000.00000000,0.00700000,537183.90000000,0.0062,596,0.00618,1057,0.00617,1224,0.00616,2744,0.00615,1053,0.00614,13188,0.00612,25,0.0061,549,0.00609,161,0.00608,541,0.00622,1523,0.00623,6442,0.00624,1793,0.00626,598,0.00627,13682,0.00628,3200,0.00629,597,0.0063,682,0.00632,767,0.00634,550
binance,gate,NTRNUSDT,0.00610000,0.0062,1.6393,1774107095040,0.00600000,2033740.50000000,0.00590000,1462927.40000000,0.00580000,2524806.20000000,0.00570000,1269643.00000000,0.00560000,709760.10000000,0.00550000,149268.30000000,0.00540000,7778.20000000,0.00530000,1509.40000000,0.00520000,741577.30000000,0.00500000,316325.40000000,0.00610000,1171661.20000000,0.00620000,1379936.20000000,0.00630000,1451552.90000000,0.00640000,1544941.10000000,0.00650000,668628.30000000,0.00660000,864090.00000000,0.00670000,325120.10000000,0.00680000,197447.40000000,0.00690000,120000.00000000,0.00700000,537183.90000000,0.0062,596,0.00618,1057,0.00617,1224,0.00616,2744,0.00615,1053,0.00614,13188,0.00612,25,0.0061,549,0.00609,161,0.00608,541,0.00622,1523,0.00623,6442,0.00624,1793,0.00626,598,0.00627,13682,0.00628,3200,0.00629,597,0.0063,682,0.00632,767,0.00634,550
binance,gate,NTRNUSDT,0.00610000,0.0062,1.6393,1774107095351,0.00600000,2033740.50000000,0.00590000,1462927.40000000,0.00580000,2524806.20000000,0.00570000,1269643.00000000,0.00560000,709760.10000000,0.00550000,149268.30000000,0.00540000,7778.20000000,0.00530000,1509.40000000,0.00520000,741577.30000000,0.00500000,316325.40000000,0.00610000,1171661.20000000,0.00620000,1379936.20000000,0.00630000,1451552.90000000,0.00640000,1544941.10000000,0.00650000,668628.30000000,0.00660000,864090.00000000,0.00670000,325120.10000000,0.00680000,197447.40000000,0.00690000,120000.00000000,0.00700000,537183.90000000,0.0062,596,0.00618,1057,0.00617,1224,0.00616,2744,0.00615,1053,0.00614,13188,0.00612,25,0.0061,549,0.00609,161,0.00608,541,0.00622,1496,0.00623,6442,0.00624,1793,0.00626,598,0.00627,13682,0.00628,3200,0.00629,597,0.0063,682,0.00632,767,0.00634,550
binance,gate,NTRNUSDT,0.00610000,0.0062,1.6393,1774107095662,0.00600000,2033740.50000000,0.00590000,1462927.40000000,0.00580000,2524806.20000000,0.00570000,1269643.00000000,0.00560000,709760.10000000,0.00550000,149268.30000000,0.00540000,7778.20000000,0.00530000,1509.40000000,0.00520000,741577.30000000,0.00500000,316325.40000000,0.00610000,1171661.20000000,0.00620000,1379936.20000000,0.00630000,1451552.90000000,0.00640000,1544941.10000000,0.00650000,668628.30000000,0.00660000,864090.00000000,0.00670000,325120.10000000,0.00680000,197447.40000000,0.00690000,120000.00000000,0.00700000,537183.90000000,0.0062,596,0.00618,1057,0.00617,1224,0.00616,2744,0.00615,1053,0.00614,13188,0.00612,25,0.0061,549,0.00609,161,0.00608,541,0.00622,1523,0.00623,6442,0.00624,1793,0.00626,598,0.00627,13682,0.00628,3200,0.00629,597,0.0063,682,0.00632,767,0.00634,550
binance,gate,NTRNUSDT,0.00610000,0.0062,1.6393,1774107095968,0.00600000,2033740.50000000,0.00590000,1462927.40000000,0.00580000,2524806.20000000,0.00570000,1269643.00000000,0.00560000,709760.10000000,0.00550000,149268.30000000,0.00540000,7778.20000000,0.00530000,1509.40000000,0.00520000,741577.30000000,0.00500000,316325.40000000,0.00610000,1171661.20000000,0.00620000,1379936.20000000,0.00630000,1451552.90000000,0.00640000,1544941.10000000,0.00650000,668628.30000000,0.00660000,864090.00000000,0.00670000,325120.10000000,0.00680000,197447.40000000,0.00690000,120000.00000000,0.00700000,537183.90000000,0.0062,596,0.00618,1057,0.00617,1224,0.00616,2744,0.00615,1053,0.00614,13188,0.00612,25,0.0061,549,0.00609,161,0.00608,541,0.00622,1523,0.00623,6442,0.00624,1793,0.00626,598,0.00627,13682,0.00628,3200,0.00629,597,0.0063,682,0.00632,767,0.00634,550
binance,gate,NTRNUSDT,0.00610000,0.0062,1.6393,1774107096269,0.00600000,2033740.50000000,0.00590000,1462927.40000000,0.00580000,2417708.10000000,0.00570000,1269643.00000000,0.00560000,709760.10000000,0.00550000,149268.30000000,0.00540000,7778.20000000,0.00530000,1509.40000000,0.00520000,741577.30000000,0.00500000,316325.40000000,0.00610000,1171661.20000000,0.00620000,1379936.20000000,0.00630000,1451552.90000000,0.00640000,1544941.10000000,0.00650000,668628.30000000,0.00660000,864090.00000000,0.00670000,325120.10000000,0.00680000,197447.40000000,0.00690000,120000.00000000,0.00700000,537183.90000000,0.0062,596,0.00618,1057,0.00617,1224,0.00616,2744,0.00615,1053,0.00614,13188,0.00612,25,0.0061,549,0.00609,161,0.00608,541,0.00622,1496,0.00623,6442,0.00624,1793,0.00626,598,0.00627,13682,0.00628,3200,0.00629,597,0.0063,682,0.00632,767,0.00634,550
binance,gate,NTRNUSDT,0.00610000,0.0062,1.6393,1774107096569,0.00600000,2033740.50000000,0.00590000,1462927.40000000,0.00580000,2417708.10000000,0.00570000,1269643.00000000,0.00560000,709760.10000000,0.00550000,149268.30000000,0.00540000,7778.20000000,0.00530000,1509.40000000,0.00520000,741577.30000000,0.00500000,316325.40000000,0.00610000,1171661.20000000,0.00620000,1379936.20000000,0.00630000,1451552.90000000,0.00640000,1544941.10000000,0.00650000,668628.30000000,0.00660000,864090.00000000,0.00670000,325120.10000000,0.00680000,197447.40000000,0.00690000,120000.00000000,0.00700000,537183.90000000,0.0062,596,0.00618,1057,0.00617,1224,0.00616,2744,0.00615,1053,0.00614,13188,0.00612,25,0.0061,549,0.00609,161,0.00608,541,0.00622,1523,0.00623,6442,0.00624,1793,0.00626,598,0.00627,13682,0.00628,3200,0.00629,597,0.0063,682,0.00632,767,0.00634,550
binance,gate,NTRNUSDT,0.00610000,0.0062,1.6393,1774107096869,0.00600000,2033740.50000000,0.00590000,1462927.40000000,0.00580000,2417708.10000000,0.00570000,1269643.00000000,0.00560000,709760.10000000,0.00550000,149268.30000000,0.00540000,7778.20000000,0.00530000,1509.40000000,0.00520000,741577.30000000,0.00500000,316325.40000000,0.00610000,1171661.20000000,0.00620000,1379936.20000000,0.00630000,1451552.90000000,0.00640000,1544941.10000000,0.00650000,668628.30000000,0.00660000,864090.00000000,0.00670000,325120.10000000,0.00680000,197447.40000000,0.00690000,120000.00000000,0.00700000,537183.90000000,0.0062,596,0.00618,1057,0.00617,1224,0.00616,2744,0.00615,1053,0.00614,13188,0.00612,25,0.0061,549,0.00609,161,0.00608,541,0.00622,1523,0.00623,6442,0.00624,1793,0.00626,598,0.00627,13682,0.00628,3200,0.00629,597,0.0063,682,0.00632,767,0.00634,550
binance,gate,NTRNUSDT,0.00610000,0.0062,1.6393,1774107097171,0.00600000,2033740.50000000,0.00590000,1462927.40000000,0.00580000,2417708.10000000,0.00570000,1269643.00000000,0.00560000,709760.10000000,0.00550000,149268.30000000,0.00540000,7778.20000000,0.00530000,1509.40000000,0.00520000,741577.30000000,0.00500000,316325.40000000,0.00610000,1171661.20000000,0.00620000,1379936.20000000,0.00630000,1451552.90000000,0.00640000,1544941.10000000,0.00650000,668628.30000000,0.00660000,864090.00000000,0.00670000,325120.10000000,0.00680000,197447.40000000,0.00690000,120000.00000000,0.00700000,537183.90000000,0.0062,596,0.00618,1057,0.00617,1224,0.00616,2744,0.00615,1053,0.00614,13188,0.00612,25,0.0061,549,0.00609,161,0.00608,541,0.00622,1496,0.00623,6442,0.00624,1793,0.00626,598,0.00627,13682,0.00628,3200,0.00629,597,0.0063,682,0.00632,767,0.00634,550
binance,gate,NTRNUSDT,0.00610000,0.0062,1.6393,1774107097478,0.00600000,2033740.50000000,0.00590000,1462927.40000000,0.00580000,2417708.10000000,0.00570000,1269643.00000000,0.00560000,709760.10000000,0.00550000,149268.30000000,0.00540000,7778.20000000,0.00530000,1509.40000000,0.00520000,741577.30000000,0.00500000,316325.40000000,0.00610000,1171661.20000000,0.00620000,1379936.20000000,0.00630000,1451552.90000000,0.00640000,1544941.10000000,0.00650000,668628.30000000,0.00660000,864090.00000000,0.00670000,325120.10000000,0.00680000,197447.40000000,0.00690000,120000.00000000,0.00700000,537183.90000000,0.0062,596,0.00618,1057,0.00617,1224,0.00616,2744,0.00615,1053,0.00614,13188,0.00612,25,0.0061,549,0.00609,161,0.00608,541,0.00622,1496,0.00623,6442,0.00624,1793,0.00626,598,0.00627,13682,0.00628,3200,0.00629,597,0.0063,682,0.00632,767,0.00634,550
binance,gate,NTRNUSDT,0.00610000,0.0062,1.6393,1774107097782,0.00600000,2033740.50000000,0.00590000,1462927.40000000,0.00580000,2417708.10000000,0.00570000,1269643.00000000,0.00560000,709760.10000000,0.00550000,149268.30000000,0.00540000,7778.20000000,0.00530000,1509.40000000,0.00520000,741577.30000000,0.00500000,316325.40000000,0.00610000,1171661.20000000,0.00620000,1379936.20000000,0.00630000,1451552.90000000,0.00640000,1544941.10000000,0.00650000,668628.30000000,0.00660000,864090.00000000,0.00670000,325120.10000000,0.00680000,197447.40000000,0.00690000,120000.00000000,0.00700000,537183.90000000,0.0062,596,0.00618,1057,0.00617,1224,0.00616,2744,0.00615,1053,0.00614,13188,0.00612,25,0.0061,549,0.00609,161,0.00608,541,0.00622,1523,0.00623,6442,0.00624,1793,0.00626,598,0.00627,13682,0.00628,3200,0.00629,597,0.0063,682,0.00632,767,0.00634,550
binance,gate,NTRNUSDT,0.00610000,0.0062,1.6393,1774107098084,0.00600000,2033740.50000000,0.00590000,1462927.40000000,0.00580000,2417708.10000000,0.00570000,1269643.00000000,0.00560000,709760.10000000,0.00550000,149268.30000000,0.00540000,7778.20000000,0.00530000,1509.40000000,0.00520000,741577.30000000,0.00500000,316325.40000000,0.00610000,1122747.80000000,0.00620000,1379936.20000000,0.00630000,1451552.90000000,0.00640000,1544941.10000000,0.00650000,668628.30000000,0.00660000,864090.00000000,0.00670000,325120.10000000,0.00680000,197447.40000000,0.00690000,120000.00000000,0.00700000,537183.90000000,0.0062,596,0.00619,2,0.00618,1057,0.00617,1224,0.00616,2744,0.00615,4253,0.00614,13188,0.00612,25,0.0061,549,0.00609,161,0.00622,1471,0.00623,6441,0.00624,1793,0.00626,598,0.00627,13682,0.00628,3200,0.00629,597,0.0063,682,0.00632,767,0.00634,550
binance,gate,NTRNUSDT,0.00610000,0.0062,1.6393,1774107098384,0.00600000,2033740.50000000,0.00590000,1462927.40000000,0.00580000,2417708.10000000,0.00570000,1269643.00000000,0.00560000,709760.10000000,0.00550000,149268.30000000,0.00540000,7778.20000000,0.00530000,1509.40000000,0.00520000,741577.30000000,0.00500000,316325.40000000,0.00610000,1122747.80000000,0.00620000,1379936.20000000,0.00630000,1451552.90000000,0.00640000,1544941.10000000,0.00650000,668628.30000000,0.00660000,864090.00000000,0.00670000,325120.10000000,0.00680000,197447.40000000,0.00690000,120000.00000000,0.00700000,537183.90000000,0.0062,596,0.00619,1,0.00618,1057,0.00617,1224,0.00616,2744,0.00615,4253,0.00614,13188,0.00612,25,0.0061,549,0.00609,327,0.00622,1471,0.00623,6441,0.00624,1793,0.00626,598,0.00627,13682,0.00628,3200,0.00629,597,0.0063,682,0.00632,767,0.00634,550
binance,gate,NTRNUSDT,0.00610000,0.0062,1.6393,1774107098685,0.00600000,2033740.50000000,0.00590000,1462927.40000000,0.00580000,2417708.10000000,0.00570000,1269643.00000000,0.00560000,709760.10000000,0.00550000,149268.30000000,0.00540000,7778.20000000,0.00530000,1509.40000000,0.00520000,741577.30000000,0.00500000,316325.40000000,0.00610000,1122747.80000000,0.00620000,1379936.20000000,0.00630000,1451552.90000000,0.00640000,1544941.10000000,0.00650000,668628.30000000,0.00660000,864090.00000000,0.00670000,325120.10000000,0.00680000,197447.40000000,0.00690000,120000.00000000,0.00700000,537183.90000000,0.0062,596,0.00619,1,0.00618,1057,0.00617,1224,0.00616,2744,0.00615,4253,0.00614,13188,0.00612,25,0.0061,549,0.00609,327,0.00622,1523,0.00623,6441,0.00624,1793,0.00626,598,0.00627,13682,0.00628,3200,0.00629,597,0.0063,682,0.00632,767,0.00634,550
binance,gate,NTRNUSDT,0.00610000,0.0062,1.6393,1774107098985,0.00600000,2033740.50000000,0.00590000,1462927.40000000,0.00580000,2417708.10000000,0.00570000,1269643.00000000,0.00560000,709760.10000000,0.00550000,149268.30000000,0.00540000,7778.20000000,0.00530000,1509.40000000,0.00520000,741577.30000000,0.00500000,316325.40000000,0.00610000,1122747.80000000,0.00620000,1379936.20000000,0.00630000,1451552.90000000,0.00640000,1544941.10000000,0.00650000,668628.30000000,0.00660000,864090.00000000,0.00670000,325120.10000000,0.00680000,197447.40000000,0.00690000,120000.00000000,0.00700000,537183.90000000,0.0062,596,0.00618,1057,0.00617,1224,0.00616,2744,0.00615,4253,0.00614,13188,0.00612,25,0.0061,549,0.00609,327,0.00608,541,0.00622,1496,0.00623,6441,0.00624,1793,0.00626,598,0.00627,13682,0.00628,3200,0.00629,597,0.0063,682,0.00632,767,0.00634,550
binance,gate,NTRNUSDT,0.00610000,0.0062,1.6393,1774107099288,0.00600000,2033740.50000000,0.00590000,1462927.40000000,0.00580000,2417708.10000000,0.00570000,1269643.00000000,0.00560000,709760.10000000,0.00550000,149268.30000000,0.00540000,7778.20000000,0.00530000,1509.40000000,0.00520000,741577.30000000,0.00500000,316325.40000000,0.00610000,1122747.80000000,0.00620000,1379936.20000000,0.00630000,1451552.90000000,0.00640000,1544941.10000000,0.00650000,668628.30000000,0.00660000,864090.00000000,0.00670000,325120.10000000,0.00680000,197447.40000000,0.00690000,120000.00000000,0.00700000,537183.90000000,0.0062,596,0.00618,1057,0.00617,1224,0.00616,2744,0.00615,4253,0.00614,13188,0.00612,25,0.00611,166,0.0061,549,0.00609,161,0.00622,1496,0.00623,6441,0.00624,1793,0.00626,598,0.00627,13682,0.00628,3200,0.00629,597,0.0063,682,0.00632,767,0.00634,550
binance,gate,NTRNUSDT,0.00610000,0.0062,1.6393,1774107099588,0.00600000,2033740.50000000,0.00590000,1462927.40000000,0.00580000,2417708.10000000,0.00570000,1269643.00000000,0.00560000,709760.10000000,0.00550000,149268.30000000,0.00540000,7778.20000000,0.00530000,1509.40000000,0.00520000,741577.30000000,0.00500000,316325.40000000,0.00610000,1122747.80000000,0.00620000,1379936.20000000,0.00630000,1451552.90000000,0.00640000,1544941.10000000,0.00650000,668628.30000000,0.00660000,864090.00000000,0.00670000,325120.10000000,0.00680000,197447.40000000,0.00690000,120000.00000000,0.00700000,537183.90000000,0.0062,596,0.00619,1,0.00618,1057,0.00617,1224,0.00616,2744,0.00615,4253,0.00614,13188,0.00612,25,0.00611,166,0.0061,549,0.00622,1523,0.00623,6441,0.00624,1793,0.00626,598,0.00627,13682,0.00628,3200,0.00629,597,0.0063,682,0.00632,767,0.00634,550
binance,gate,NTRNUSDT,0.00610000,0.0062,1.6393,1774107099889,0.00600000,2033740.50000000,0.00590000,1462927.40000000,0.00580000,2417708.10000000,0.00570000,1269643.00000000,0.00560000,709760.10000000,0.00550000,149268.30000000,0.00540000,7778.20000000,0.00530000,1509.40000000,0.00520000,741577.30000000,0.00500000,316325.40000000,0.00610000,1122747.80000000,0.00620000,1379936.20000000,0.00630000,1451552.90000000,0.00640000,1544941.10000000,0.00650000,668628.30000000,0.00660000,864090.00000000,0.00670000,325120.10000000,0.00680000,197447.40000000,0.00690000,120000.00000000,0.00700000,537183.90000000,0.0062,596,0.00618,1057,0.00617,1224,0.00616,2744,0.00615,4253,0.00614,13188,0.00612,25,0.00611,166,0.0061,549,0.00609,161,0.00622,1523,0.00623,6441,0.00624,1793,0.00626,598,0.00627,13682,0.00628,3200,0.00629,597,0.0063,682,0.00632,767,0.00634,550
binance,gate,NTRNUSDT,0.00610000,0.0062,1.6393,1774107100189,0.00600000,2033740.50000000,0.00590000,1462927.40000000,0.00580000,2417708.10000000,0.00570000,1269643.00000000,0.00560000,709760.10000000,0.00550000,149268.30000000,0.00540000,7778.20000000,0.00530000,1509.40000000,0.00520000,741577.30000000,0.00500000,316325.40000000,0.00610000,1122747.80000000,0.00620000,1379936.20000000,0.00630000,1451552.90000000,0.00640000,1544941.10000000,0.00650000,668628.30000000,0.00660000,864090.00000000,0.00670000,325120.10000000,0.00680000,197447.40000000,0.00690000,120000.00000000,0.00700000,537183.90000000,0.0062,596,0.00619,1,0.00618,1057,0.00617,1224,0.00616,2744,0.00615,4253,0.00614,13188,0.00612,25,0.00611,166,0.0061,549,0.00622,1496,0.00623,6441,0.00624,1793,0.00626,598,0.00627,13682,0.00628,3200,0.00629,597,0.0063,682,0.00632,767,0.00634,550
