spot_exch,fut_exch,symbol,ask_spot,bid_futures,spread_pct,ts,s_b1,s_b2,s_b3,s_b4,s_b5,s_b6,s_b7,s_b8,s_b9,s_b10,s_bq1,s_bq2,s_bq3,s_bq4,s_bq5,s_bq6,s_bq7,s_bq8,s_bq9,s_bq10,s_a1,s_a2,s_a3,s_a4,s_a5,s_a6,s_a7,s_a8,s_a9,s_a10,s_aq1,s_aq2,s_aq3,s_aq4,s_aq5,s_aq6,s_aq7,s_aq8,s_aq9,s_aq10,f_b1,f_b2,f_b3,f_b4,f_b5,f_b6,f_b7,f_b8,f_b9,f_b10,f_bq1,f_bq2,f_bq3,f_bq4,f_bq5,f_bq6,f_bq7,f_bq8,f_bq9,f_bq10,f_a1,f_a2,f_a3,f_a4,f_a5,f_a6,f_a7,f_a8,f_a9,f_a10,f_aq1,f_aq2,f_aq3,f_aq4,f_aq5,f_aq6,f_aq7,f_aq8,f_aq9,f_aq10
gate,bybit,VANRYUSDT,0.005577,0.00601,7.764,1774107044000,,,,,,,,,,,,,,,,,,,,,,,,,,,,,,,,,,,,,,,,,0.006010,25994,0.006009,2410,0.006008,3485,0.006007,22979,0.006006,19630,0.006005,70136,0.006004,22012,0.006003,20938,0.006002,32909,0.006001,70118,0.006011,15058,0.006012,19752,0.006013,8818,0.006014,28986,0.006015,60091,0.006016,44011,0.006017,11052,0.006018,48098,0.006019,55981,0.006020,24290
gate,bybit,VANRYUSDT,0.005576,0.006011,7.8013,1774107059000,0.005575,11600,0.005574,16969,0.005573,15543,0.005572,17917,0.005571,15229,0.00557,15012,0.005569,36441,0.005568,31600,0.005567,31600,0.005566,31600,0.005576,3762,0.005577,157386,0.005578,228516,0.005579,198519,0.00558,191770,0.005584,11600,0.005586,600,0.005593,15330,0.005594,11600,0.005595,26980,,,,,,,,,,,,,,,,,,,,,,,,,,,,,,,,,,,,,,,,
gate,bybit,VANRYUSDT,0.005577,0.006011,7.782,1774107061000,0.005575,16141,0.005574,16969,0.005573,15543,0.005572,17917,0.005571,15229,0.00557,15012,0.005569,35696,0.005568,31600,0.005567,31600,0.005566,31600,0.005576,5905,0.005577,144374,0.005578,228516,0.005579,198519,0.00558,191770,0.005584,11600,0.005586,600,0.005593,15330,0.005594,11600,0.005595,26980,,,,,,,,,,,,,,,,,,,,,,,,,,,,,,,,,,,,,,,,
gate,bybit,VANRYUSDT,0.005577,0.006011,7.782,1774107067000,0.005575,16141,0.005574,16969,0.005573,15543,0.005572,17917,0.005571,15229,0.00557,15012,0.005569,31600,0.005568,31600,0.005567,31600,0.005566,31600,0.005577,144374,0.005578,228516,0.005579,198519,0.00558,191770,0.005584,11600,0.005586,600,0.005593,15330,0.005594,11600,0.005595,26980,0.005597,4673,0.006011,12151,0.006010,3411,0.006009,3349,0.006008,24470,0.006007,21009,0.006006,21872,0.006005,70136,0.006004,22012,0.006003,20938,0.006002,32909,0.006012,17852,0.006013,4712,0.006014,17594,0.006015,68938,0.006016,44011,0.006017,11052,0.006018,48098,0.006019,55981,0.006020,24290,0.006021,46594
gate,bybit,VANRYUSDT,0.005577,0.006011,7.782,1774107067385,0.005575,16141,0.005574,16969,0.005573,15543,0.005572,17917,0.005571,15229,0.00557,15012,0.005569,31600,0.005568,31600,0.005567,31600,0.005566,31600,0.005577,153035,0.005578,228516,0.005579,198519,0.00558,191770,0.005584,11600,0.005586,600,0.005593,15330,0.005594,11600,0.005595,26980,0.005597,4673,0.006011,12151,0.006010,3411,0.006009,3349,0.006008,24470,0.006007,21009,0.006006,21872,0.006005,70136,0.006004,22012,0.006003,20938,0.006002,32909,0.006012,17661,0.006013,4712,0.006014,2582,0.006015,24009,0.006016,44011,0.006017,11052,0.006018,48098,0.006019,55981,0.006020,24290,0.006021,46594
gate,bybit,VANRYUSDT,0.005577,0.006011,7.782,1774107067685,0.005575,16141,0.005574,16969,0.005573,15543,0.005572,17917,0.005571,15229,0.00557,15012,0.005569,31600,0.005568,31600,0.005567,31600,0.005566,31600,0.005577,153035,0.005578,228516,0.005579,198519,0.00558,191770,0.005584,11600,0.005586,600,0.005593,15330,0.005594,11600,0.005595,26980,0.005597,4673,0.006011,12151,0.006010,3411,0.006009,3349,0.006008,24470,0.006007,21009,0.006006,21872,0.006005,70136,0.006004,22012,0.006003,20938,0.006002,32909,0.006012,17661,0.006013,4712,0.006014,2582,0.006015,24009,0.006016,44011,0.006017,11052,0.006018,48098,0.006019,55981,0.006020,24290,0.006021,46594
gate,bybit,VANRYUSDT,0.005577,0.006011,7.782,1774107067985,0.005575,16141,0.005574,16969,0.005573,15543,0.005572,17917,0.005571,15229,0.00557,15012,0.005569,31600,0.005568,31600,0.005567,31600,0.005566,31600,0.005577,153035,0.005578,228516,0.005579,198519,0.00558,191770,0.005584,11600,0.005586,600,0.005593,15330,0.005594,11600,0.005595,26980,0.005597,4673,0.006011,12151,0.006010,3411,0.006009,3349,0.006008,24470,0.006007,21009,0.006006,21872,0.006005,70136,0.006004,22012,0.006003,20938,0.006002,32909,0.006012,17661,0.006013,4712,0.006014,2582,0.006015,39021,0.006016,44011,0.006017,11052,0.006018,48098,0.006019,55981,0.006020,24290,0.006021,46594
gate,bybit,VANRYUSDT,0.005577,0.006011,7.782,1774107068286,0.005575,16141,0.005574,16969,0.005573,15543,0.005572,17917,0.005571,15229,0.00557,15012,0.005569,31600,0.005568,31600,0.005567,31600,0.005566,31600,0.005577,153035,0.005578,228516,0.005579,198519,0.00558,191770,0.005584,11600,0.005586,600,0.005593,15330,0.005594,11600,0.005595,26980,0.005597,4673,0.006011,12151,0.006010,3411,0.006009,3349,0.006008,24470,0.006007,21009,0.006006,21872,0.006005,70136,0.006004,22012,0.006003,20938,0.006002,32909,0.006012,17661,0.006013,4712,0.006014,2582,0.006015,39021,0.006016,44011,0.006017,11052,0.006018,48098,0.006019,55981,0.006020,24290,0.006021,46594
gate,bybit,VANRYUSDT,0.005577,0.006011,7.782,1774107068594,0.005575,16141,0.005574,16969,0.005573,15543,0.005572,17917,0.005571,15229,0.00557,15012,0.005569,31600,0.005568,31600,0.005567,31600,0.005566,31600,0.005577,153035,0.005578,228516,0.005579,198519,0.00558,191770,0.005584,11600,0.005586,600,0.005593,15330,0.005594,11600,0.005595,26980,0.005597,4673,0.006011,12151,0.006010,3411,0.006009,3349,0.006008,24470,0.006007,21009,0.006006,21872,0.006005,70136,0.006004,22012,0.006003,20938,0.006002,32909,0.006012,17661,0.006013,4712,0.006014,2582,0.006015,39021,0.006016,44011,0.006017,11052,0.006018,48098,0.006019,55981,0.006020,24290,0.006021,46594
gate,bybit,VANRYUSDT,0.005577,0.006011,7.782,1774107068894,0.005575,16141,0.005574,16969,0.005573,15543,0.005572,17917,0.005571,15229,0.00557,15012,0.005569,31600,0.005568,31600,0.005567,31600,0.005566,31600,0.005577,153035,0.005578,228516,0.005579,198519,0.00558,191770,0.005584,11600,0.005586,600,0.005593,15330,0.005594,11600,0.005595,26980,0.005597,4673,0.006011,12151,0.006010,3411,0.006009,3349,0.006008,24470,0.006007,21009,0.006006,21872,0.006005,70136,0.006004,22012,0.006003,20938,0.006002,32909,0.006012,17661,0.006013,4712,0.006014,2582,0.006015,39021,0.006016,44011,0.006017,11052,0.006018,48098,0.006019,55981,0.006020,24290,0.006021,46594
gate,bybit,VANRYUSDT,0.005577,0.006011,7.782,1774107069206,0.005575,16141,0.005574,16969,0.005573,15543,0.005572,17917,0.005571,15229,0.00557,15012,0.005569,31600,0.005568,31600,0.005567,31600,0.005566,31600,0.005577,153035,0.005578,228516,0.005579,198519,0.00558,191770,0.005584,11600,0.005586,600,0.005593,15330,0.005594,11600,0.005595,26980,0.005597,4673,0.006011,12151,0.006010,3411,0.006009,3349,0.006008,24470,0.006007,21009,0.006006,21872,0.006005,70136,0.006004,22012,0.006003,20938,0.006002,32909,0.006012,17661,0.006013,4712,0.006014,2582,0.006015,39021,0.006016,44011,0.006017,11052,0.006018,48098,0.006019,55981,0.006020,24290,0.006021,46594
gate,bybit,VANRYUSDT,0.005577,0.006011,7.782,1774107069517,0.005575,16141,0.005574,16969,0.005573,15543,0.005572,17917,0.005571,15229,0.00557,15012,0.005569,31600,0.005568,31600,0.005567,31600,0.005566,31600,0.005577,153035,0.005578,228516,0.005579,198519,0.00558,191770,0.005584,11600,0.005586,600,0.005593,15330,0.005594,11600,0.005595,26980,0.005597,4673,0.006011,12151,0.006010,3411,0.006009,3349,0.006008,24470,0.006007,21009,0.006006,21872,0.006005,70136,0.006004,22012,0.006003,20938,0.006002,32909,0.006012,17661,0.006013,4712,0.006014,2582,0.006015,39021,0.006016,44011,0.006017,11052,0.006018,48098,0.006019,55981,0.006020,24290,0.006021,46594
gate,bybit,VANRYUSDT,0.005577,0.006011,7.782,1774107069831,0.005575,16141,0.005574,16969,0.005573,15543,0.005572,17917,0.005571,15229,0.00557,15012,0.005569,31600,0.005568,31600,0.005567,31600,0.005566,31600,0.005577,153035,0.005578,228516,0.005579,198519,0.00558,191770,0.005584,11600,0.005586,600,0.005593,15330,0.005594,11600,0.005595,26980,0.005597,4673,0.006011,12589,0.006010,3411,0.006009,3123,0.006008,24470,0.006007,21009,0.006006,21872,0.006005,70136,0.006004,22012,0.006003,20938,0.006002,32909,0.006012,17661,0.006013,4712,0.006014,2582,0.006015,39021,0.006016,44011,0.006017,11052,0.006018,48098,0.006019,55981,0.006020,24290,0.006021,46594
gate,bybit,VANRYUSDT,0.005577,0.006011,7.782,1774107070136,0.005575,16141,0.005574,16969,0.005573,15543,0.005572,17917,0.005571,15229,0.00557,15012,0.005569,31600,0.005568,31600,0.005567,31600,0.005566,31600,0.005577,144374,0.005578,228516,0.005579,198519,0.00558,191770,0.005584,11600,0.005586,600,0.005593,15330,0.005594,11600,0.005595,26980,0.005597,4673,0.006011,12591,0.006010,3411,0.006009,3123,0.006008,24470,0.006007,21009,0.006006,21872,0.006005,70136,0.006004,22012,0.006003,20938,0.006002,32909,0.006012,17661,0.006013,4712,0.006014,2582,0.006015,39021,0.006016,44011,0.006017,11052,0.006018,48098,0.006019,55981,0.006020,24290,0.006021,46594
gate,bybit,VANRYUSDT,0.005577,0.006011,7.782,1774107070442,0.005575,16141,0.005574,16969,0.005573,15543,0.005572,17917,0.005571,15229,0.00557,15012,0.005569,31600,0.005568,31600,0.005567,31600,0.005566,31600,0.005577,144374,0.005578,228516,0.005579,198519,0.00558,191770,0.005584,11600,0.005586,600,0.005593,15330,0.005594,11600,0.005595,26980,0.005597,4673,0.006011,12702,0.006010,3411,0.006009,3123,0.006008,24470,0.006007,21009,0.006006,21872,0.006005,70136,0.006004,22012,0.006003,20938,0.006002,32909,0.006012,17661,0.006013,4712,0.006014,2582,0.006015,39021,0.006016,44011,0.006017,11052,0.006018,48098,0.006019,55981,0.006020,24290,0.006021,46594
gate,bybit,VANRYUSDT,0.005577,0.006011,7.782,1774107070742,0.005575,16141,0.005574,16969,0.005573,15543,0.005572,17917,0.005571,15229,0.00557,15012,0.005569,31600,0.005568,31600,0.005567,31600,0.005566,31600,0.005577,144374,0.005578,228516,0.005579,198519,0.00558,191770,0.005584,11600,0.005586,600,0.005593,15330,0.005594,11600,0.005595,26980,0.005597,4673,0.006011,12702,0.006010,3411,0.006009,3123,0.006008,24470,0.006007,21009,0.006006,21872,0.006005,70136,0.006004,22012,0.006003,20938,0.006002,32909,0.006012,17661,0.006013,4712,0.006014,2582,0.006015,39021,0.006016,44011,0.006017,11052,0.006018,48098,0.006019,55981,0.006020,24290,0.006021,46594
gate,bybit,VANRYUSDT,0.005577,0.006011,7.782,1774107071044,0.005575,16141,0.005574,16969,0.005573,15543,0.005572,17917,0.005571,15229,0.00557,15012,0.005569,31600,0.005568,31600,0.005567,31600,0.005566,31600,0.005577,124374,0.005578,228516,0.005579,198519,0.00558,191770,0.005584,11600,0.005586,600,0.005593,15330,0.005594,11600,0.005595,26980,0.005597,4673,0.006011,12702,0.006010,4871,0.006009,3123,0.006008,25930,0.006007,21009,0.006006,21872,0.006005,70136,0.006004,22012,0.006003,20938,0.006002,32909,0.006012,17661,0.006013,4712,0.006014,2582,0.006015,39021,0.006016,44011,0.006017,11052,0.006018,48098,0.006019,55981,0.006020,24290,0.006021,46594
gate,bybit,VANRYUSDT,0.005577,0.006011,7.782,1774107071346,0.005575,16141,0.005574,16969,0.005573,15543,0.005572,17917,0.005571,15229,0.00557,15012,0.005569,31600,0.005568,31600,0.005567,31600,0.005566,31600,0.005577,124374,0.005578,228516,0.005579,198519,0.00558,191770,0.005584,11600,0.005586,600,0.005593,15330,0.005594,11600,0.005595,26980,0.005597,4673,0.006011,12702,0.006010,4871,0.006009,3123,0.006008,25930,0.006007,21009,0.006006,21872,0.006005,70136,0.006004,22012,0.006003,20938,0.006002,32909,0.006012,17661,0.006013,4712,0.006014,2582,0.006015,39021,0.006016,44011,0.006017,11052,0.006018,48098,0.006019,55981,0.006020,24290,0.006021,46594
gate,bybit,VANRYUSDT,0.005577,0.006011,7.782,1774107071653,0.005575,16141,0.005574,16969,0.005573,15543,0.005572,17917,0.005571,15229,0.00557,15012,0.005569,31600,0.005568,31600,0.005567,31600,0.005566,31600,0.005577,124374,0.005578,228516,0.005579,198519,0.00558,191770,0.005584,11600,0.005586,600,0.005593,15330,0.005594,11600,0.005595,26980,0.005597,4673,0.006011,12702,0.006010,4871,0.006009,3123,0.006008,25930,0.006007,21009,0.006006,21872,0.006005,70136,0.006004,22012,0.006003,20938,0.006002,32909,0.006012,17661,0.006013,4712,0.006014,2582,0.006015,39021,0.006016,44011,0.006017,11052,0.006018,48098,0.006019,55981,0.006020,24290,0.006021,46594
gate,bybit,VANRYUSDT,0.005577,0.006011,7.782,1774107071954,0.005575,16141,0.005574,16969,0.005573,15543,0.005572,17917,0.005571,15229,0.00557,15012,0.005569,31600,0.005568,31600,0.005567,31600,0.005566,31600,0.005577,124374,0.005578,228516,0.005579,198519,0.00558,191770,0.005584,11600,0.005586,600,0.005593,15330,0.005594,11600,0.005595,26980,0.005597,4673,0.006011,12702,0.006010,4871,0.006009,3123,0.006008,25930,0.006007,21009,0.006006,21872,0.006005,70136,0.006004,22012,0.006003,20938,0.006002,32909,0.006012,17661,0.006013,4712,0.006014,2582,0.006015,39021,0.006016,44011,0.006017,11052,0.006018,48098,0.006019,55981,0.006020,24290,0.006021,46594
gate,bybit,VANRYUSDT,0.005577,0.006011,7.782,1774107072255,0.005575,16141,0.005574,16969,0.005573,15543,0.005572,17917,0.005571,15229,0.00557,15012,0.005569,31600,0.005568,31600,0.005567,31600,0.005566,31600,0.005577,124374,0.005578,228516,0.005579,198519,0.00558,191770,0.005584,11600,0.005586,600,0.005593,15330,0.005594,11600,0.005595,26980,0.005597,4673,0.006011,12702,0.006010,4871,0.006009,3123,0.006008,25930,0.006007,21009,0.006006,21872,0.006005,70136,0.006004,22012,0.006003,20938,0.006002,32909,0.006012,17661,0.006013,4712,0.006014,2582,0.006015,39021,0.006016,44011,0.006017,11052,0.006018,48098,0.006019,55981,0.006020,24290,0.006021,46594
gate,bybit,VANRYUSDT,0.005577,0.006011,7.782,1774107072555,0.005575,16141,0.005574,16969,0.005573,15543,0.005572,17917,0.005571,15229,0.00557,15012,0.005569,31600,0.005568,31600,0.005567,31600,0.005566,31600,0.005577,124374,0.005578,228516,0.005579,198519,0.00558,191770,0.005584,11600,0.005586,600,0.005593,15330,0.005594,11600,0.005595,26980,0.005597,4673,0.006011,12702,0.006010,4871,0.006009,3123,0.006008,25930,0.006007,21009,0.006006,21872,0.006005,70136,0.006004,22012,0.006003,20938,0.006002,32909,0.006012,17661,0.006013,4712,0.006014,2582,0.006015,39021,0.006016,44011,0.006017,11052,0.006018,48098,0.006019,55981,0.006020,24290,0.006021,46594
gate,bybit,VANRYUSDT,0.005577,0.006011,7.782,1774107072855,0.005575,16141,0.005574,16969,0.005573,15543,0.005572,17917,0.005571,15229,0.00557,15012,0.005569,31600,0.005568,31600,0.005567,49566,0.005566,31600,0.005577,133035,0.005578,228516,0.005579,198519,0.00558,191770,0.005584,11600,0.005586,600,0.005593,15330,0.005594,11600,0.005595,26980,0.005597,4673,0.006011,12700,0.006010,4871,0.006009,3123,0.006008,25930,0.006007,21009,0.006006,21872,0.006005,70136,0.006004,22012,0.006003,20938,0.006002,32909,0.006012,17661,0.006013,4712,0.006014,2582,0.006015,39021,0.006016,44011,0.006017,11052,0.006018,48098,0.006019,55981,0.006020,24290,0.006021,46594
gate,bybit,VANRYUSDT,0.005577,0.006011,7.782,1774107073156,0.005575,16141,0.005574,16969,0.005573,15543,0.005572,17917,0.005571,15229,0.00557,15012,0.005569,31600,0.005568,31600,0.005567,49566,0.005566,31600,0.005577,133035,0.005578,228516,0.005579,198519,0.00558,191770,0.005584,11600,0.005586,600,0.005593,15330,0.005594,11600,0.005595,26980,0.005597,4673,0.006011,12700,0.006010,4871,0.006009,3123,0.006008,25930,0.006007,21009,0.006006,21872,0.006005,70136,0.006004,22012,0.006003,20938,0.006002,32909,0.006012,17661,0.006013,4712,0.006014,2582,0.006015,39021,0.006016,44011,0.006017,11052,0.006018,48098,0.006019,55981,0.006020,24290,0.006021,46594
gate,bybit,VANRYUSDT,0.005577,0.006011,7.782,1774107073456,0.005575,16141,0.005574,16969,0.005573,15543,0.005572,17917,0.005571,15229,0.00557,15012,0.005569,31600,0.005568,31600,0.005567,49566,0.005566,31600,0.005577,133035,0.005578,228516,0.005579,198519,0.00558,191770,0.005584,11600,0.005586,600,0.005593,15330,0.005594,11600,0.005595,26980,0.005597,4673,0.006011,12700,0.006010,4871,0.006009,3123,0.006008,25930,0.006007,21009,0.006006,21872,0.006005,70136,0.006004,22012,0.006003,20938,0.006002,32909,0.006012,17661,0.006013,4712,0.006014,2582,0.006015,39021,0.006016,44011,0.006017,11052,0.006018,48098,0.006019,55981,0.006020,24290,0.006021,46594
gate,bybit,VANRYUSDT,0.005577,0.006011,7.782,1774107073762,0.005575,16141,0.005574,16969,0.005573,15543,0.005572,17917,0.005571,15229,0.00557,15012,0.005569,31600,0.005568,31600,0.005567,49566,0.005566,31600,0.005577,124374,0.005578,228516,0.005579,198519,0.00558,191770,0.005584,11600,0.005586,600,0.005593,15330,0.005594,11600,0.005595,26980,0.005597,4673,0.006011,12700,0.006010,4871,0.006009,3123,0.006008,25930,0.006007,21009,0.006006,21872,0.006005,70136,0.006004,22012,0.006003,20938,0.006002,32909,0.006012,17661,0.006013,4712,0.006014,2582,0.006015,39021,0.006016,44011,0.006017,11052,0.006018,48098,0.006019,55981,0.006020,24290,0.006021,46594
gate,bybit,VANRYUSDT,0.005577,0.006011,7.782,1774107074063,0.005575,16141,0.005574,16969,0.005573,15543,0.005572,17917,0.005571,15229,0.00557,15012,0.005569,31600,0.005568,31600,0.005567,49566,0.005566,31600,0.005577,124374,0.005578,228516,0.005579,198519,0.00558,191770,0.005584,11600,0.005586,600,0.005593,15330,0.005594,11600,0.005595,26980,0.005597,4673,0.006011,12700,0.006010,4871,0.006009,3123,0.006008,25930,0.006007,21009,0.006006,21872,0.006005,70136,0.006004,22012,0.006003,20938,0.006002,32909,0.006012,17661,0.006013,4712,0.006014,2582,0.006015,39021,0.006016,44011,0.006017,11052,0.006018,48098,0.006019,55981,0.006020,24290,0.006021,46594
gate,bybit,VANRYUSDT,0.005577,0.006011,7.782,1774107074363,0.005575,16141,0.005574,16969,0.005573,15543,0.005572,17917,0.005571,15229,0.00557,15012,0.005569,31600,0.005568,31600,0.005567,49566,0.005566,31600,0.005577,124374,0.005578,228516,0.005579,198519,0.00558,191770,0.005584,11600,0.005586,600,0.005593,15330,0.005594,11600,0.005595,26980,0.005597,4673,0.006011,12700,0.006010,4871,0.006009,3123,0.006008,25930,0.006007,21009,0.006006,21872,0.006005,70136,0.006004,22012,0.006003,20938,0.006002,32909,0.006012,17661,0.006013,4712,0.006014,2582,0.006015,39021,0.006016,44011,0.006017,11052,0.006018,48098,0.006019,55981,0.006020,24290,0.006021,46594
gate,bybit,VANRYUSDT,0.005577,0.006011,7.782,1774107074664,0.005575,16141,0.005574,16969,0.005573,15543,0.005572,17917,0.005571,15229,0.00557,15012,0.005569,31600,0.005568,31600,0.005567,49566,0.005566,31600,0.005577,124374,0.005578,228516,0.005579,198519,0.00558,191770,0.005584,11600,0.005586,600,0.005593,15330,0.005594,11600,0.005595,26980,0.005597,4673,0.006011,12700,0.006010,4871,0.006009,3123,0.006008,25930,0.006007,21009,0.006006,21872,0.006005,70136,0.006004,22012,0.006003,20938,0.006002,32909,0.006012,17661,0.006013,4712,0.006014,2582,0.006015,39021,0.006016,44011,0.006017,11052,0.006018,48098,0.006019,55981,0.006020,24290,0.006021,46594
gate,bybit,VANRYUSDT,0.005577,0.006011,7.782,1774107074964,0.005575,16141,0.005574,16969,0.005573,15543,0.005572,17917,0.005571,15229,0.00557,15012,0.005569,31600,0.005568,31600,0.005567,49566,0.005566,31600,0.005577,124374,0.005578,228516,0.005579,198519,0.00558,191770,0.005584,11600,0.005586,600,0.005593,15330,0.005594,11600,0.005595,26980,0.005597,4673,0.006011,12700,0.006010,4871,0.006009,3123,0.006008,25930,0.006007,21009,0.006006,21872,0.006005,70136,0.006004,22012,0.006003,20938,0.006002,32909,0.006012,17661,0.006013,4712,0.006014,2582,0.006015,39021,0.006016,44011,0.006017,11052,0.006018,48098,0.006019,55981,0.006020,24290,0.006021,46594
gate,bybit,VANRYUSDT,0.005577,0.006011,7.782,1774107075265,0.005575,16141,0.005574,16969,0.005573,15543,0.005572,17917,0.005571,15229,0.00557,15012,0.005569,31600,0.005568,31600,0.005567,49566,0.005566,31600,0.005577,124374,0.005578,228516,0.005579,198519,0.00558,191770,0.005584,11600,0.005586,600,0.005593,15330,0.005594,11600,0.005595,26980,0.005597,4673,0.006011,12700,0.006010,4871,0.006009,3123,0.006008,25930,0.006007,21009,0.006006,21872,0.006005,70136,0.006004,22012,0.006003,20938,0.006002,32909,0.006012,17661,0.006013,4712,0.006014,2582,0.006015,39021,0.006016,44011,0.006017,11052,0.006018,48098,0.006019,55981,0.006020,24290,0.006021,46594
gate,bybit,VANRYUSDT,0.005577,0.006011,7.782,1774107075565,0.005575,16141,0.005574,16969,0.005573,15543,0.005572,17917,0.005571,15229,0.00557,15012,0.005569,31600,0.005568,31600,0.005567,49566,0.005566,31600,0.005577,124374,0.005578,228516,0.005579,198519,0.00558,191770,0.005584,11600,0.005586,600,0.005593,15330,0.005594,11600,0.005595,26980,0.005597,4673,0.006011,12700,0.006010,4871,0.006009,3123,0.006008,25930,0.006007,21009,0.006006,21872,0.006005,70136,0.006004,22012,0.006003,20938,0.006002,32909,0.006012,17661,0.006013,4712,0.006014,2582,0.006015,39021,0.006016,44011,0.006017,11052,0.006018,48098,0.006019,55981,0.006020,24290,0.006021,46594
gate,bybit,VANRYUSDT,0.005577,0.006011,7.782,1774107075865,0.005575,16141,0.005574,16969,0.005573,15543,0.005572,17917,0.005571,15229,0.00557,15012,0.005569,31600,0.005568,31600,0.005567,49566,0.005566,31600,0.005577,124374,0.005578,228516,0.005579,198519,0.00558,191770,0.005584,11600,0.005586,600,0.005593,15330,0.005594,11600,0.005595,26980,0.005597,4673,0.006011,12700,0.006010,4871,0.006009,3123,0.006008,25930,0.006007,21009,0.006006,21872,0.006005,70136,0.006004,22012,0.006003,20938,0.006002,32909,0.006012,17661,0.006013,4712,0.006014,2582,0.006015,39021,0.006016,44011,0.006017,11052,0.006018,48098,0.006019,55981,0.006020,24290,0.006021,46594
gate,bybit,VANRYUSDT,0.005577,0.006011,7.782,1774107076165,0.005575,16141,0.005574,16969,0.005573,15543,0.005572,17917,0.005571,15229,0.00557,15012,0.005569,31600,0.005568,31600,0.005567,49566,0.005566,31600,0.005577,124374,0.005578,228516,0.005579,198519,0.00558,191770,0.005584,11600,0.005586,600,0.005593,15330,0.005594,11600,0.005595,26980,0.005597,4673,0.006011,12700,0.006010,4871,0.006009,3123,0.006008,25930,0.006007,21009,0.006006,21872,0.006005,70136,0.006004,22012,0.006003,20938,0.006002,32909,0.006012,17661,0.006013,4712,0.006014,2582,0.006015,39021,0.006016,44011,0.006017,11052,0.006018,48098,0.006019,55981,0.006020,24290,0.006021,46594
gate,bybit,VANRYUSDT,0.005577,0.006011,7.782,1774107076468,0.005575,16141,0.005574,16969,0.005573,15543,0.005572,17917,0.005571,15229,0.00557,15012,0.005569,31600,0.005568,31600,0.005567,49566,0.005566,31600,0.005577,124374,0.005578,228516,0.005579,198519,0.00558,191770,0.005584,11600,0.005586,600,0.005593,15330,0.005594,11600,0.005595,26980,0.005597,4673,0.006011,12700,0.006010,4871,0.006009,3123,0.006008,25930,0.006007,21009,0.006006,21872,0.006005,70136,0.006004,22012,0.006003,20938,0.006002,32909,0.006012,17661,0.006013,4712,0.006014,2582,0.006015,39021,0.006016,44011,0.006017,11052,0.006018,48098,0.006019,55981,0.006020,24290,0.006021,46594
gate,bybit,VANRYUSDT,0.005577,0.006011,7.782,1774107076768,0.005575,16141,0.005574,16969,0.005573,15543,0.005572,17917,0.005571,15229,0.00557,15012,0.005569,31600,0.005568,31600,0.005567,49566,0.005566,31600,0.005577,124374,0.005578,228516,0.005579,198519,0.00558,191770,0.005584,11600,0.005586,600,0.005593,15330,0.005594,11600,0.005595,26980,0.005597,4673,0.006011,15144,0.006010,4871,0.006009,3123,0.006008,25930,0.006007,21009,0.006006,21872,0.006005,70136,0.006004,22012,0.006003,20938,0.006002,32909,0.006012,17661,0.006013,4712,0.006014,2582,0.006015,39021,0.006016,44011,0.006017,11052,0.006018,48098,0.006019,55981,0.006020,24290,0.006021,46594
gate,bybit,VANRYUSDT,0.005577,0.006011,7.782,1774107077069,0.005575,16141,0.005574,16969,0.005573,15543,0.005572,17917,0.005571,15229,0.00557,15012,0.005569,31600,0.005568,31600,0.005567,49566,0.005566,31600,0.005577,124374,0.005578,228516,0.005579,198519,0.00558,191770,0.005584,11600,0.005586,600,0.005593,15330,0.005594,11600,0.005595,26980,0.005597,4673,0.006011,15144,0.006010,4871,0.006009,3123,0.006008,25930,0.006007,21009,0.006006,21872,0.006005,70136,0.006004,22012,0.006003,20938,0.006002,32909,0.006012,17661,0.006013,4712,0.006014,2582,0.006015,39021,0.006016,44011,0.006017,11052,0.006018,48098,0.006019,55981,0.006020,24290,0.006021,46594
gate,bybit,VANRYUSDT,0.005577,0.006011,7.782,1774107077370,0.005575,16141,0.005574,16969,0.005573,15543,0.005572,17917,0.005571,15229,0.00557,15012,0.005569,31600,0.005568,31600,0.005567,49566,0.005566,31600,0.005577,124374,0.005578,228516,0.005579,198519,0.00558,191770,0.005584,11600,0.005586,600,0.005593,15330,0.005594,11600,0.005595,26980,0.005597,4673,0.006011,15144,0.006010,4871,0.006009,3123,0.006008,25930,0.006007,21009,0.006006,21872,0.006005,70136,0.006004,22012,0.006003,20938,0.006002,32909,0.006012,17661,0.006013,4712,0.006014,2582,0.006015,39021,0.006016,44011,0.006017,11052,0.006018,48098,0.006019,55981,0.006020,24290,0.006021,46594
gate,bybit,VANRYUSDT,0.005576,0.006011,7.8013,1774107077670,0.005575,15642,0.005574,16969,0.005573,15543,0.005572,17917,0.005571,15229,0.00557,15012,0.005569,35371,0.005568,31600,0.005567,49566,0.005566,31600,0.005576,3556,0.005577,133035,0.005578,228516,0.005579,198519,0.00558,191770,0.005584,11600,0.005586,600,0.005593,15330,0.005594,11600,0.005595,26980,0.006011,15144,0.006010,3411,0.006009,3123,0.006008,24470,0.006007,21009,0.006006,21872,0.006005,70136,0.006004,22012,0.006003,20938,0.006002,32909,0.006012,17661,0.006013,4712,0.006014,2582,0.006015,39021,0.006016,44011,0.006017,11052,0.006018,48098,0.006019,55981,0.006020,24290,0.006021,46594
gate,bybit,VANRYUSDT,0.005576,0.006011,7.8013,1774107077971,0.005575,15642,0.005574,16969,0.005573,15543,0.005572,17917,0.005571,15229,0.00557,15012,0.005569,35371,0.005568,31600,0.005567,49566,0.005566,31600,0.005576,3556,0.005577,133035,0.005578,228516,0.005579,198519,0.00558,191770,0.005584,11600,0.005586,600,0.005593,15330,0.005594,11600,0.005595,26980,0.006011,15144,0.006010,3411,0.006009,3123,0.006008,24470,0.006007,21009,0.006006,21872,0.006005,70136,0.006004,22012,0.006003,20938,0.006002,32909,0.006012,17661,0.006013,4712,0.006014,2582,0.006015,39021,0.006016,44011,0.006017,11052,0.006018,48098,0.006019,55981,0.006020,24290,0.006021,46594
gate,bybit,VANRYUSDT,0.005576,0.006011,7.8013,1774107078281,0.005575,15642,0.005574,16969,0.005573,15543,0.005572,17917,0.005571,15229,0.00557,15012,0.005569,35371,0.005568,31600,0.005567,49566,0.005566,31600,0.005576,3556,0.005577,133035,0.005578,228516,0.005579,198519,0.00558,191770,0.005584,11600,0.005586,600,0.005593,15330,0.005594,11600,0.005595,26980,0.006011,15144,0.006010,3411,0.006009,3123,0.006008,24470,0.006007,21009,0.006006,21872,0.006005,70136,0.006004,22012,0.006003,20938,0.006002,32909,0.006012,17661,0.006013,4712,0.006014,2582,0.006015,39021,0.006016,44011,0.006017,11052,0.006018,48098,0.006019,55981,0.006020,24290,0.006021,46594
gate,bybit,VANRYUSDT,0.005576,0.006011,7.8013,1774107078581,0.005575,15642,0.005574,16969,0.005573,15543,0.005572,17917,0.005571,15229,0.00557,15012,0.005569,35371,0.005568,31600,0.005567,49566,0.005566,31600,0.005576,3556,0.005577,133035,0.005578,228516,0.005579,198519,0.00558,191770,0.005584,11600,0.005586,600,0.005593,15330,0.005594,11600,0.005595,26980,0.006011,15144,0.006010,3411,0.006009,3123,0.006008,24470,0.006007,21009,0.006006,21872,0.006005,70136,0.006004,22012,0.006003,20938,0.006002,32909,0.006012,17661,0.006013,4712,0.006014,2582,0.006015,39021,0.006016,44011,0.006017,11052,0.006018,48098,0.006019,55981,0.006020,24290,0.006021,46594
gate,bybit,VANRYUSDT,0.005576,0.006011,7.8013,1774107078882,0.005575,15642,0.005574,16969,0.005573,15543,0.005572,17917,0.005571,15229,0.00557,15012,0.005569,35371,0.005568,31600,0.005567,49566,0.005566,31600,0.005576,3556,0.005577,133035,0.005578,228516,0.005579,198519,0.00558,191770,0.005584,11600,0.005586,600,0.005593,15330,0.005594,11600,0.005595,26980,0.006011,15144,0.006010,3411,0.006009,3123,0.006008,24470,0.006007,21009,0.006006,21872,0.006005,70136,0.006004,22012,0.006003,20938,0.006002,32909,0.006012,17661,0.006013,4712,0.006014,2582,0.006015,39021,0.006016,44011,0.006017,11052,0.006018,48098,0.006019,55981,0.006020,24290,0.006021,46594
gate,bybit,VANRYUSDT,0.005576,0.006011,7.8013,1774107079182,0.005575,15642,0.005574,16969,0.005573,15543,0.005572,17917,0.005571,15229,0.00557,15012,0.005569,35371,0.005568,31600,0.005567,49566,0.005566,31600,0.005576,3556,0.005577,133035,0.005578,228516,0.005579,198519,0.00558,191770,0.005584,11600,0.005586,600,0.005593,15330,0.005594,11600,0.005595,26980,0.006011,15144,0.006010,3411,0.006009,3123,0.006008,24470,0.006007,21009,0.006006,21872,0.006005,70136,0.006004,22012,0.006003,20938,0.006002,32909,0.006012,17661,0.006013,4712,0.006014,2582,0.006015,39021,0.006016,44011,0.006017,11052,0.006018,48098,0.006019,55981,0.006020,24290,0.006021,46594
gate,bybit,VANRYUSDT,0.005576,0.006011,7.8013,1774107079482,0.005575,15642,0.005574,16969,0.005573,15543,0.005572,17917,0.005571,15229,0.00557,15012,0.005569,35371,0.005568,31600,0.005567,49566,0.005566,31600,0.005576,3556,0.005577,133035,0.005578,228516,0.005579,198519,0.00558,191770,0.005584,11600,0.005586,600,0.005593,15330,0.005594,11600,0.005595,26980,0.006011,15144,0.006010,3411,0.006009,3123,0.006008,24470,0.006007,21009,0.006006,21872,0.006005,70136,0.006004,22012,0.006003,20938,0.006002,32909,0.006012,17661,0.006013,4712,0.006014,2582,0.006015,39021,0.006016,44011,0.006017,11052,0.006018,48098,0.006019,55981,0.006020,24290,0.006021,46594
gate,bybit,VANRYUSDT,0.005576,0.006011,7.8013,1774107079785,0.005575,15642,0.005574,16969,0.005573,15543,0.005572,17917,0.005571,15229,0.00557,15012,0.005569,35371,0.005568,31600,0.005567,49566,0.005566,31600,0.005576,3556,0.005577,124374,0.005578,228516,0.005579,198519,0.00558,191770,0.005584,11600,0.005586,600,0.005593,15330,0.005594,11600,0.005595,26980,0.006011,15144,0.006010,3411,0.006009,3123,0.006008,24470,0.006007,21009,0.006006,21872,0.006005,70136,0.006004,22012,0.006003,20938,0.006002,32909,0.006012,17661,0.006013,4712,0.006014,2582,0.006015,39021,0.006016,44011,0.006017,11052,0.006018,48098,0.006019,55981,0.006020,24290,0.006021,46594
gate,bybit,VANRYUSDT,0.005576,0.006011,7.8013,1774107080087,0.005575,15642,0.005574,16969,0.005573,15543,0.005572,17917,0.005571,15229,0.00557,15012,0.005569,35371,0.005568,31600,0.005567,49566,0.005566,31600,0.005576,3556,0.005577,124374,0.005578,228516,0.005579,198519,0.00558,191770,0.005584,11600,0.005586,600,0.005593,15330,0.005594,11600,0.005595,26980,0.006011,15144,0.006010,3411,0.006009,3123,0.006008,24470,0.006007,21009,0.006006,21872,0.006005,70136,0.006004,22012,0.006003,20938,0.006002,32909,0.006012,17661,0.006013,4712,0.006014,2582,0.006015,39021,0.006016,44011,0.006017,11052,0.006018,48098,0.006019,55981,0.006020,24290,0.006021,46594
gate,bybit,VANRYUSDT,0.005576,0.006011,7.8013,1774107080387,0.005575,15642,0.005574,16969,0.005573,15543,0.005572,17917,0.005571,15229,0.00557,15012,0.005569,35371,0.005568,31600,0.005567,49566,0.005566,31600,0.005576,3556,0.005577,124374,0.005578,228516,0.005579,198519,0.00558,191770,0.005584,11600,0.005586,600,0.005593,15330,0.005594,11600,0.005595,26980,0.006011,15144,0.006010,3411,0.006009,3123,0.006008,24470,0.006007,21009,0.006006,21872,0.006005,70136,0.006004,22012,0.006003,20938,0.006002,32909,0.006012,17661,0.006013,4712,0.006014,2582,0.006015,39021,0.006016,44011,0.006017,11052,0.006018,48098,0.006019,55981,0.006020,24290,0.006021,46594
gate,bybit,VANRYUSDT,0.005576,0.006011,7.8013,1774107080687,0.005575,15642,0.005574,16969,0.005573,15543,0.005572,17917,0.005571,15229,0.00557,15012,0.005569,35371,0.005568,31600,0.005567,49566,0.005566,31600,0.005576,3556,0.005577,124374,0.005578,228516,0.005579,198519,0.00558,191770,0.005584,11600,0.005586,600,0.005593,15330,0.005594,11600,0.005595,26980,0.006011,15144,0.006010,3411,0.006009,3123,0.006008,24470,0.006007,21009,0.006006,21872,0.006005,70136,0.006004,22012,0.006003,20938,0.006002,32909,0.006012,17661,0.006013,4712,0.006014,2582,0.006015,39021,0.006016,44011,0.006017,11052,0.006018,48098,0.006019,55981,0.006020,24290,0.006021,46594
gate,bybit,VANRYUSDT,0.005576,0.006011,7.8013,1774107080987,0.005575,15642,0.005574,16969,0.005573,15543,0.005572,17917,0.005571,15229,0.00557,15012,0.005569,35371,0.005568,31600,0.005567,49566,0.005566,31600,0.005576,3556,0.005577,124374,0.005578,228516,0.005579,198519,0.00558,191770,0.005584,11600,0.005586,600,0.005593,15330,0.005594,11600,0.005595,26980,0.006011,15144,0.006010,3411,0.006009,3123,0.006008,24470,0.006007,21009,0.006006,21872,0.006005,70136,0.006004,22012,0.006003,20938,0.006002,32909,0.006012,17661,0.006013,4712,0.006014,2582,0.006015,39021,0.006016,44011,0.006017,11052,0.006018,48098,0.006019,55981,0.006020,24290,0.006021,46594
gate,bybit,VANRYUSDT,0.005576,0.006011,7.8013,1774107081288,0.005575,15642,0.005574,16969,0.005573,15543,0.005572,17917,0.005571,15229,0.00557,15012,0.005569,35371,0.005568,31600,0.005567,49566,0.005566,31600,0.005576,3556,0.005577,129163,0.005578,228516,0.005579,198519,0.00558,191770,0.005584,11600,0.005586,600,0.005593,15330,0.005594,11600,0.005595,26980,0.006011,15144,0.006010,3411,0.006009,3123,0.006008,24470,0.006007,21009,0.006006,21872,0.006005,70136,0.006004,22012,0.006003,20938,0.006002,32909,0.006012,17661,0.006013,4712,0.006014,2582,0.006015,39021,0.006016,44011,0.006017,11052,0.006018,48098,0.006019,55981,0.006020,24290,0.006021,46594
gate,bybit,VANRYUSDT,0.005576,0.006011,7.8013,1774107081588,0.005575,15642,0.005574,16969,0.005573,15543,0.005572,17917,0.005571,15229,0.00557,15012,0.005569,35371,0.005568,31600,0.005567,49566,0.005566,31600,0.005576,3556,0.005577,129163,0.005578,228516,0.005579,198519,0.00558,191770,0.005584,11600,0.005586,600,0.005593,15330,0.005594,11600,0.005595,26980,0.006011,15144,0.006010,3411,0.006009,3123,0.006008,24470,0.006007,21009,0.006006,21872,0.006005,70136,0.006004,22012,0.006003,20938,0.006002,32909,0.006012,17661,0.006013,4712,0.006014,2582,0.006015,39021,0.006016,44011,0.006017,11052,0.006018,48098,0.006019,55981,0.006020,24290,0.006021,46594
gate,bybit,VANRYUSDT,0.005576,0.006011,7.8013,1774107081889,0.005575,15642,0.005574,16969,0.005573,15543,0.005572,17917,0.005571,15229,0.00557,15012,0.005569,35371,0.005568,31600,0.005567,49566,0.005566,31600,0.005576,3556,0.005577,129163,0.005578,228516,0.005579,198519,0.00558,191770,0.005584,11600,0.005586,600,0.005593,15330,0.005594,11600,0.005595,26980,0.006011,15144,0.006010,3411,0.006009,3123,0.006008,24470,0.006007,21009,0.006006,21872,0.006005,70136,0.006004,22012,0.006003,20938,0.006002,32909,0.006012,17661,0.006013,4712,0.006014,2582,0.006015,39021,0.006016,44011,0.006017,11052,0.006018,48098,0.006019,55981,0.006020,24290,0.006021,46594
gate,bybit,VANRYUSDT,0.005576,0.006011,7.8013,1774107082189,0.005575,15642,0.005574,16969,0.005573,15543,0.005572,17917,0.005571,15229,0.00557,15012,0.005569,35371,0.005568,31600,0.005567,49566,0.005566,31600,0.005576,3556,0.005577,129163,0.005578,228516,0.005579,198519,0.00558,191770,0.005584,11600,0.005586,600,0.005593,15330,0.005594,11600,0.005595,26980,0.006011,15144,0.006010,3411,0.006009,3123,0.006008,24470,0.006007,21009,0.006006,21872,0.006005,70136,0.006004,22012,0.006003,20938,0.006002,32909,0.006012,17661,0.006013,4712,0.006014,2582,0.006015,39021,0.006016,44011,0.006017,11052,0.006018,48098,0.006019,55981,0.006020,24290,0.006021,46594
gate,bybit,VANRYUSDT,0.005576,0.006011,7.8013,1774107082489,0.005575,15642,0.005574,16969,0.005573,15543,0.005572,17917,0.005571,15229,0.00557,15012,0.005569,35371,0.005568,31600,0.005567,49566,0.005566,31600,0.005576,3556,0.005577,129163,0.005578,228516,0.005579,198519,0.00558,191770,0.005584,11600,0.005586,600,0.005593,15330,0.005594,11600,0.005595,26980,0.006011,15144,0.006010,3411,0.006009,3123,0.006008,24470,0.006007,21009,0.006006,21872,0.006005,70136,0.006004,22012,0.006003,20938,0.006002,32909,0.006012,17661,0.006013,4712,0.006014,2582,0.006015,39021,0.006016,44011,0.006017,11052,0.006018,48098,0.006019,55981,0.006020,24290,0.006021,46594
gate,bybit,VANRYUSDT,0.005576,0.006011,7.8013,1774107082789,0.005575,15642,0.005574,16969,0.005573,15543,0.005572,17917,0.005571,15229,0.00557,15012,0.005569,35371,0.005568,31600,0.005567,49566,0.005566,31600,0.005576,3556,0.005577,129163,0.005578,228516,0.005579,198519,0.00558,191770,0.005584,11600,0.005586,600,0.005593,15330,0.005594,11600,0.005595,26980,0.006011,15144,0.006010,3411,0.006009,3123,0.006008,24470,0.006007,21009,0.006006,21872,0.006005,70136,0.006004,22012,0.006003,20938,0.006002,32909,0.006012,17661,0.006013,4712,0.006014,2582,0.006015,39021,0.006016,44011,0.006017,11052,0.006018,48098,0.006019,55981,0.006020,24290,0.006021,46594
gate,bybit,VANRYUSDT,0.005576,0.006011,7.8013,1774107083089,0.005575,15642,0.005574,16969,0.005573,15543,0.005572,17917,0.005571,15229,0.00557,15012,0.005569,35371,0.005568,31600,0.005567,49566,0.005566,31600,0.005576,3556,0.005577,129163,0.005578,228516,0.005579,198519,0.00558,191770,0.005584,11600,0.005586,600,0.005593,15330,0.005594,11600,0.005595,26980,0.006011,15144,0.006010,3411,0.006009,3123,0.006008,24470,0.006007,21009,0.006006,21872,0.006005,70136,0.006004,22012,0.006003,20938,0.006002,32909,0.006012,17661,0.006013,4712,0.006014,2582,0.006015,39021,0.006016,44011,0.006017,11052,0.006018,48098,0.006019,55981,0.006020,24290,0.006021,46594
gate,bybit,VANRYUSDT,0.005576,0.006011,7.8013,1774107083389,0.005575,15642,0.005574,16969,0.005573,15543,0.005572,17917,0.005571,15229,0.00557,15012,0.005569,35371,0.005568,31600,0.005567,49566,0.005566,31600,0.005576,3556,0.005577,129163,0.005578,228516,0.005579,198519,0.00558,191770,0.005584,11600,0.005586,600,0.005593,15330,0.005594,11600,0.005595,26980,0.006011,15144,0.006010,3411,0.006009,3123,0.006008,24470,0.006007,21009,0.006006,21872,0.006005,70136,0.006004,22012,0.006003,20938,0.006002,32909,0.006012,17661,0.006013,4712,0.006014,2582,0.006015,39021,0.006016,44011,0.006017,11052,0.006018,48098,0.006019,55981,0.006020,24290,0.006021,46594
gate,bybit,VANRYUSDT,0.005576,0.006011,7.8013,1774107083689,0.005575,15642,0.005574,16969,0.005573,15543,0.005572,17917,0.005571,15229,0.00557,15012,0.005569,35371,0.005568,31600,0.005567,49566,0.005566,31600,0.005576,3556,0.005577,129163,0.005578,228516,0.005579,198519,0.00558,191770,0.005584,11600,0.005586,600,0.005593,15330,0.005594,11600,0.005595,26980,0.006011,15144,0.006010,3411,0.006009,3123,0.006008,24470,0.006007,21009,0.006006,21872,0.006005,70136,0.006004,22012,0.006003,20938,0.006002,32909,0.006012,17661,0.006013,4712,0.006014,2582,0.006015,39021,0.006016,44011,0.006017,11052,0.006018,48098,0.006019,55981,0.006020,24290,0.006021,46594
gate,bybit,VANRYUSDT,0.005576,0.006011,7.8013,1774107083990,0.005575,15642,0.005574,16969,0.005573,15543,0.005572,17917,0.005571,15229,0.00557,15012,0.005569,35371,0.005568,31600,0.005567,49566,0.005566,31600,0.005576,3556,0.005577,129163,0.005578,228516,0.005579,198519,0.00558,191770,0.005584,11600,0.005586,600,0.005593,15330,0.005594,11600,0.005595,26980,0.006011,15144,0.006010,3411,0.006009,3123,0.006008,24470,0.006007,21009,0.006006,21872,0.006005,70136,0.006004,22012,0.006003,20938,0.006002,32909,0.006012,17661,0.006013,4712,0.006014,2582,0.006015,39021,0.006016,44011,0.006017,11052,0.006018,48098,0.006019,55981,0.006020,24290,0.006021,46594
gate,bybit,VANRYUSDT,0.005576,0.006011,7.8013,1774107084301,0.005575,15642,0.005574,16969,0.005573,15543,0.005572,17917,0.005571,15229,0.00557,15012,0.005569,35371,0.005568,31600,0.005567,49566,0.005566,31600,0.005576,3556,0.005577,129163,0.005578,228516,0.005579,198519,0.00558,191770,0.005584,11600,0.005586,600,0.005593,15330,0.005594,11600,0.005595,26980,0.006011,15144,0.006010,3411,0.006009,3123,0.006008,24470,0.006007,21009,0.006006,21872,0.006005,70136,0.006004,22012,0.006003,20938,0.006002,32909,0.006012,17661,0.006013,4712,0.006014,2582,0.006015,39021,0.006016,44011,0.006017,11052,0.006018,48098,0.006019,55981,0.006020,24290,0.006021,46594
gate,bybit,VANRYUSDT,0.005576,0.006011,7.8013,1774107084610,0.005575,15642,0.005574,16969,0.005573,15543,0.005572,17917,0.005571,15229,0.00557,15012,0.005569,35371,0.005568,31600,0.005567,49566,0.005566,31600,0.005576,3556,0.005577,129163,0.005578,228516,0.005579,198519,0.00558,191770,0.005584,11600,0.005586,600,0.005593,15330,0.005594,11600,0.005595,26980,0.006011,15144,0.006010,3411,0.006009,3123,0.006008,24470,0.006007,21009,0.006006,21872,0.006005,70136,0.006004,22012,0.006003,20938,0.006002,32909,0.006012,17661,0.006013,4712,0.006014,2582,0.006015,39021,0.006016,44011,0.006017,11052,0.006018,48098,0.006019,55981,0.006020,24290,0.006021,46594
gate,bybit,VANRYUSDT,0.005576,0.006011,7.8013,1774107084922,0.005575,15642,0.005574,16969,0.005573,15543,0.005572,17917,0.005571,15229,0.00557,15012,0.005569,35371,0.005568,31600,0.005567,49566,0.005566,31600,0.005576,3556,0.005577,129163,0.005578,228516,0.005579,198519,0.00558,191770,0.005584,11600,0.005586,600,0.005593,15330,0.005594,11600,0.005595,26980,0.006011,15144,0.006010,3411,0.006009,3123,0.006008,24470,0.006007,21009,0.006006,21872,0.006005,70136,0.006004,22012,0.006003,20938,0.006002,32909,0.006012,17661,0.006013,4712,0.006014,2582,0.006015,39021,0.006016,44011,0.006017,11052,0.006018,48098,0.006019,55981,0.006020,24290,0.006021,46594
gate,bybit,VANRYUSDT,0.005576,0.006011,7.8013,1774107085235,0.005575,15642,0.005574,16969,0.005573,15543,0.005572,17917,0.005571,15229,0.00557,15012,0.005569,35371,0.005568,31600,0.005567,49566,0.005566,31600,0.005576,3556,0.005577,129163,0.005578,228516,0.005579,198519,0.00558,191770,0.005584,11600,0.005586,600,0.005593,15330,0.005594,11600,0.005595,26980,0.006011,15144,0.006010,3411,0.006009,3123,0.006008,24470,0.006007,21009,0.006006,21872,0.006005,70136,0.006004,22012,0.006003,20938,0.006002,32909,0.006012,17661,0.006013,4712,0.006014,2582,0.006015,39021,0.006016,44011,0.006017,11052,0.006018,48098,0.006019,55981,0.006020,24290,0.006021,46594
gate,bybit,VANRYUSDT,0.005576,0.006011,7.8013,1774107085546,0.005575,15642,0.005574,16969,0.005573,15543,0.005572,17917,0.005571,15229,0.00557,15012,0.005569,35371,0.005568,31600,0.005567,49566,0.005566,31600,0.005576,3556,0.005577,129163,0.005578,228516,0.005579,198519,0.00558,191770,0.005584,11600,0.005586,600,0.005593,15330,0.005594,11600,0.005595,26980,0.006011,15144,0.006010,3411,0.006009,3123,0.006008,24470,0.006007,21009,0.006006,21872,0.006005,70136,0.006004,22012,0.006003,20938,0.006002,32909,0.006012,17661,0.006013,4712,0.006014,2582,0.006015,39021,0.006016,44011,0.006017,11052,0.006018,48098,0.006019,55981,0.006020,24290,0.006021,46594
gate,bybit,VANRYUSDT,0.005576,0.006011,7.8013,1774107085850,0.005575,15642,0.005574,16969,0.005573,15543,0.005572,17917,0.005571,15229,0.00557,15012,0.005569,35371,0.005568,31600,0.005567,49566,0.005566,31600,0.005576,3556,0.005577,129163,0.005578,228516,0.005579,198519,0.00558,191770,0.005584,11600,0.005586,600,0.005593,15330,0.005594,11600,0.005595,26980,0.006011,15144,0.006010,3411,0.006009,3123,0.006008,24470,0.006007,21009,0.006006,21872,0.006005,70136,0.006004,22012,0.006003,20938,0.006002,32909,0.006012,17661,0.006013,4712,0.006014,2582,0.006015,39021,0.006016,44011,0.006017,11052,0.006018,48098,0.006019,55981,0.006020,24290,0.006021,46594
gate,bybit,VANRYUSDT,0.005576,0.006011,7.8013,1774107086151,0.005575,15642,0.005574,16969,0.005573,15543,0.005572,17917,0.005571,15229,0.00557,15012,0.005569,35371,0.005568,31600,0.005567,49566,0.005566,31600,0.005576,3556,0.005577,129163,0.005578,228516,0.005579,198519,0.00558,191770,0.005584,11600,0.005586,600,0.005593,15330,0.005594,11600,0.005595,26980,0.006011,15144,0.006010,3411,0.006009,3123,0.006008,24470,0.006007,21009,0.006006,21872,0.006005,70136,0.006004,22012,0.006003,20938,0.006002,32909,0.006012,17661,0.006013,4712,0.006014,2582,0.006015,39021,0.006016,44011,0.006017,11052,0.006018,48098,0.006019,55981,0.006020,24290,0.006021,46594
gate,bybit,VANRYUSDT,0.005576,0.006011,7.8013,1774107086451,0.005575,15642,0.005574,16969,0.005573,15543,0.005572,17917,0.005571,15229,0.00557,15012,0.005569,35371,0.005568,31600,0.005567,49566,0.005566,31600,0.005576,3556,0.005577,129163,0.005578,228516,0.005579,198519,0.00558,191770,0.005584,11600,0.005586,600,0.005593,15330,0.005594,11600,0.005595,26980,0.006011,15144,0.006010,3411,0.006009,3123,0.006008,24470,0.006007,21009,0.006006,21872,0.006005,70136,0.006004,22012,0.006003,20938,0.006002,32909,0.006012,17661,0.006013,4712,0.006014,2582,0.006015,39021,0.006016,44011,0.006017,11052,0.006018,48098,0.006019,55981,0.006020,24290,0.006021,46594
gate,bybit,VANRYUSDT,0.005576,0.006011,7.8013,1774107086752,0.005575,15642,0.005574,16969,0.005573,15543,0.005572,17917,0.005571,15229,0.00557,15012,0.005569,35371,0.005568,31600,0.005567,49566,0.005566,31600,0.005576,3556,0.005577,129163,0.005578,228516,0.005579,198519,0.00558,191770,0.005584,11600,0.005586,600,0.005593,15330,0.005594,11600,0.005595,26980,0.006011,12700,0.006010,3411,0.006009,3123,0.006008,24470,0.006007,21009,0.006006,21872,0.006005,70136,0.006004,22012,0.006003,20938,0.006002,32909,0.006012,17661,0.006013,4712,0.006014,2582,0.006015,39021,0.006016,44011,0.006017,11052,0.006018,48098,0.006019,55981,0.006020,24290,0.006021,46594
gate,bybit,VANRYUSDT,0.005576,0.006011,7.8013,1774107087052,0.005575,15642,0.005574,16969,0.005573,15543,0.005572,17917,0.005571,15229,0.00557,15012,0.005569,35371,0.005568,31600,0.005567,49566,0.005566,31600,0.005576,3556,0.005577,129163,0.005578,228516,0.005579,198519,0.00558,191770,0.005584,11600,0.005586,600,0.005593,15330,0.005594,11600,0.005595,26980,0.006011,12700,0.006010,3411,0.006009,3123,0.006008,24470,0.006007,21009,0.006006,21872,0.006005,70136,0.006004,22012,0.006003,20938,0.006002,32909,0.006012,17661,0.006013,4712,0.006014,2582,0.006015,39021,0.006016,44011,0.006017,11052,0.006018,48098,0.006019,55981,0.006020,24290,0.006021,46594
gate,bybit,VANRYUSDT,0.005576,0.006011,7.8013,1774107087353,0.005575,15642,0.005574,16969,0.005573,15543,0.005572,17917,0.005571,15229,0.00557,15012,0.005569,35371,0.005568,31600,0.005567,49566,0.005566,31600,0.005576,3556,0.005577,129163,0.005578,228516,0.005579,198519,0.00558,191770,0.005584,11600,0.005586,600,0.005593,15330,0.005594,11600,0.005595,26980,0.006011,12700,0.006010,3411,0.006009,3123,0.006008,24470,0.006007,21009,0.006006,21872,0.006005,70136,0.006004,22012,0.006003,20938,0.006002,32909,0.006012,17661,0.006013,4712,0.006014,2582,0.006015,39021,0.006016,44011,0.006017,11052,0.006018,48098,0.006019,55981,0.006020,24290,0.006021,46594
gate,bybit,VANRYUSDT,0.005576,0.006011,7.8013,1774107087663,0.005575,15642,0.005574,16969,0.005573,15543,0.005572,17917,0.005571,15229,0.00557,15012,0.005569,35371,0.005568,31600,0.005567,49566,0.005566,31600,0.005576,3556,0.005577,129163,0.005578,228516,0.005579,198519,0.00558,191770,0.005584,11600,0.005586,600,0.005593,15330,0.005594,11600,0.005595,26980,0.006011,12700,0.006010,3411,0.006009,3123,0.006008,24470,0.006007,21009,0.006006,21872,0.006005,70136,0.006004,22012,0.006003,20938,0.006002,32909,0.006012,17661,0.006013,4712,0.006014,2582,0.006015,39021,0.006016,44011,0.006017,11052,0.006018,48098,0.006019,55981,0.006020,24290,0.006021,46594
gate,bybit,VANRYUSDT,0.005576,0.006011,7.8013,1774107087976,0.005575,15642,0.005574,16969,0.005573,15543,0.005572,17917,0.005571,15229,0.00557,15012,0.005569,35371,0.005568,31600,0.005567,49566,0.005566,31600,0.005576,3556,0.005577,129163,0.005578,228516,0.005579,198519,0.00558,191770,0.005584,11600,0.005586,600,0.005593,15330,0.005594,11600,0.005595,26980,0.006011,12700,0.006010,3411,0.006009,3123,0.006008,24470,0.006007,21009,0.006006,21872,0.006005,70136,0.006004,22012,0.006003,20938,0.006002,32909,0.006012,17661,0.006013,4712,0.006014,2582,0.006015,39021,0.006016,44011,0.006017,11052,0.006018,48098,0.006019,55981,0.006020,24290,0.006021,46594
gate,bybit,VANRYUSDT,0.005576,0.006011,7.8013,1774107088290,0.005575,15642,0.005574,16969,0.005573,15543,0.005572,17917,0.005571,15229,0.00557,15012,0.005569,35371,0.005568,31600,0.005567,49566,0.005566,31600,0.005576,3556,0.005577,129163,0.005578,228516,0.005579,198519,0.00558,191770,0.005584,11600,0.005586,600,0.005593,15330,0.005594,11600,0.005595,26980,0.006011,12700,0.006010,3411,0.006009,3123,0.006008,24470,0.006007,21009,0.006006,21872,0.006005,70136,0.006004,22012,0.006003,20938,0.006002,32909,0.006012,17661,0.006013,4712,0.006014,2582,0.006015,39021,0.006016,44011,0.006017,11052,0.006018,48098,0.006019,55981,0.006020,24290,0.006021,46594
gate,bybit,VANRYUSDT,0.005576,0.006011,7.8013,1774107088598,0.005575,15642,0.005574,16969,0.005573,15543,0.005572,17917,0.005571,15229,0.00557,15012,0.005569,35371,0.005568,31600,0.005567,49566,0.005566,31600,0.005576,3556,0.005577,129163,0.005578,228516,0.005579,198519,0.00558,191770,0.005584,11600,0.005586,600,0.005593,15330,0.005594,11600,0.005595,26980,0.006011,12700,0.006010,3411,0.006009,3123,0.006008,24470,0.006007,21009,0.006006,21872,0.006005,70136,0.006004,22012,0.006003,20938,0.006002,32909,0.006012,17661,0.006013,4712,0.006014,2582,0.006015,39021,0.006016,44011,0.006017,11052,0.006018,48098,0.006019,55981,0.006020,24290,0.006021,46594
gate,bybit,VANRYUSDT,0.005576,0.006011,7.8013,1774107088905,0.005575,15642,0.005574,16969,0.005573,15543,0.005572,17917,0.005571,15229,0.00557,15012,0.005569,35371,0.005568,31600,0.005567,49566,0.005566,31600,0.005576,3556,0.005577,129163,0.005578,228516,0.005579,198519,0.00558,191770,0.005584,11600,0.005586,600,0.005593,15330,0.005594,11600,0.005595,26980,0.006011,12700,0.006010,3411,0.006009,3123,0.006008,24470,0.006007,21009,0.006006,21872,0.006005,70136,0.006004,22012,0.006003,20938,0.006002,32909,0.006012,17661,0.006013,4712,0.006014,2582,0.006015,24009,0.006016,44011,0.006017,11052,0.006018,48098,0.006019,55981,0.006020,24290,0.006021,46594
gate,bybit,VANRYUSDT,0.005576,0.006011,7.8013,1774107089213,0.005575,15642,0.005574,16969,0.005573,15543,0.005572,17917,0.005571,15229,0.00557,15012,0.005569,35371,0.005568,31600,0.005567,49566,0.005566,31600,0.005576,3556,0.005577,129163,0.005578,228516,0.005579,198519,0.00558,191770,0.005584,11600,0.005586,600,0.005593,15330,0.005594,11600,0.005595,26980,0.006011,12700,0.006010,3411,0.006009,3123,0.006008,24470,0.006007,21009,0.006006,21872,0.006005,70136,0.006004,22012,0.006003,20938,0.006002,32909,0.006012,17661,0.006013,4712,0.006014,2582,0.006015,24009,0.006016,44011,0.006017,11052,0.006018,48098,0.006019,55981,0.006020,24290,0.006021,46594
gate,bybit,VANRYUSDT,0.005576,0.006011,7.8013,1774107089527,0.005575,15642,0.005574,16969,0.005573,15543,0.005572,17917,0.005571,15229,0.00557,15012,0.005569,35371,0.005568,31600,0.005567,49566,0.005566,31600,0.005576,3556,0.005577,129163,0.005578,228516,0.005579,198519,0.00558,191770,0.005584,11600,0.005586,600,0.005593,15330,0.005594,11600,0.005595,26980,0.006011,12700,0.006010,3411,0.006009,3123,0.006008,24470,0.006007,21009,0.006006,21872,0.006005,70136,0.006004,22012,0.006003,20938,0.006002,32909,0.006012,17661,0.006013,4712,0.006014,2582,0.006015,39021,0.006016,44011,0.006017,11052,0.006018,48098,0.006019,55981,0.006020,24290,0.006021,46594
gate,bybit,VANRYUSDT,0.005576,0.006011,7.8013,1774107089835,0.005575,15642,0.005574,16969,0.005573,15543,0.005572,17917,0.005571,15229,0.00557,15012,0.005569,35371,0.005568,31600,0.005567,49566,0.005566,31600,0.005576,3556,0.005577,129163,0.005578,228516,0.005579,198519,0.00558,191770,0.005584,11600,0.005586,600,0.005593,15330,0.005594,11600,0.005595,26980,0.006011,12700,0.006010,3411,0.006009,3123,0.006008,24470,0.006007,21009,0.006006,21872,0.006005,70136,0.006004,22012,0.006003,20938,0.006002,32909,0.006012,17661,0.006013,4712,0.006014,2582,0.006015,39021,0.006016,44011,0.006017,11052,0.006018,48098,0.006019,55981,0.006020,24290,0.006021,46594
gate,bybit,VANRYUSDT,0.005576,0.006011,7.8013,1774107090144,0.005575,15642,0.005574,16969,0.005573,15543,0.005572,17917,0.005571,15229,0.00557,15012,0.005569,35371,0.005568,31600,0.005567,49566,0.005566,31600,0.005576,3556,0.005577,129163,0.005578,228516,0.005579,198519,0.00558,191770,0.005584,11600,0.005586,600,0.005593,15330,0.005594,11600,0.005595,26980,0.006011,12700,0.006010,3411,0.006009,3123,0.006008,24470,0.006007,21009,0.006006,21872,0.006005,70136,0.006004,22012,0.006003,20938,0.006002,32909,0.006012,17661,0.006013,4712,0.006014,2582,0.006015,39021,0.006016,44011,0.006017,11052,0.006018,48098,0.006019,55981,0.006020,24290,0.006021,46594
gate,bybit,VANRYUSDT,0.005576,0.006011,7.8013,1774107090444,0.005575,15642,0.005574,16969,0.005573,15543,0.005572,17917,0.005571,15229,0.00557,15012,0.005569,35371,0.005568,31600,0.005567,49566,0.005566,31600,0.005576,3556,0.005577,129163,0.005578,228516,0.005579,198519,0.00558,191770,0.005584,11600,0.005586,600,0.005593,15330,0.005594,11600,0.005595,26980,0.006011,12700,0.006010,3411,0.006009,3123,0.006008,24470,0.006007,21009,0.006006,21872,0.006005,70136,0.006004,22012,0.006003,20938,0.006002,32909,0.006012,17661,0.006013,4712,0.006014,2582,0.006015,39021,0.006016,44011,0.006017,11052,0.006018,48098,0.006019,55981,0.006020,24290,0.006021,46594
gate,bybit,VANRYUSDT,0.005576,0.006011,7.8013,1774107090752,0.005575,15642,0.005574,16969,0.005573,15543,0.005572,17917,0.005571,15229,0.00557,15012,0.005569,35371,0.005568,31600,0.005567,49566,0.005566,31600,0.005576,3556,0.005577,129163,0.005578,228516,0.005579,198519,0.00558,191770,0.005584,11600,0.005586,600,0.005593,15330,0.005594,11600,0.005595,26980,0.006011,12700,0.006010,3411,0.006009,3123,0.006008,24470,0.006007,21009,0.006006,21872,0.006005,70136,0.006004,22012,0.006003,20938,0.006002,32909,0.006012,17661,0.006013,4712,0.006014,2582,0.006015,39021,0.006016,44011,0.006017,11052,0.006018,48098,0.006019,55981,0.006020,24290,0.006021,46594
gate,bybit,VANRYUSDT,0.005576,0.006011,7.8013,1774107091052,0.005575,15642,0.005574,16969,0.005573,15543,0.005572,17917,0.005571,15229,0.00557,15012,0.005569,35371,0.005568,31600,0.005567,49566,0.005566,31600,0.005576,3556,0.005577,129163,0.005578,228516,0.005579,198519,0.00558,191770,0.005584,11600,0.005586,600,0.005593,15330,0.005594,11600,0.005595,26980,0.006011,12700,0.006010,3411,0.006009,3123,0.006008,24470,0.006007,21009,0.006006,21872,0.006005,70136,0.006004,22012,0.006003,20938,0.006002,32909,0.006012,17661,0.006013,4712,0.006014,2582,0.006015,39021,0.006016,44011,0.006017,11052,0.006018,48098,0.006019,55981,0.006020,24290,0.006021,46594
gate,bybit,VANRYUSDT,0.005576,0.006011,7.8013,1774107091353,0.005575,15642,0.005574,16969,0.005573,15543,0.005572,17917,0.005571,15229,0.00557,15012,0.005569,35371,0.005568,31600,0.005567,49566,0.005566,31600,0.005576,3556,0.005577,129163,0.005578,228516,0.005579,198519,0.00558,191770,0.005584,11600,0.005586,600,0.005593,15330,0.005594,11600,0.005595,26980,0.006011,12700,0.006010,3411,0.006009,3123,0.006008,24470,0.006007,21009,0.006006,21872,0.006005,70136,0.006004,22012,0.006003,20938,0.006002,32909,0.006012,17661,0.006013,4712,0.006014,2582,0.006015,39021,0.006016,44011,0.006017,11052,0.006018,48098,0.006019,55981,0.006020,24290,0.006021,46594
gate,bybit,VANRYUSDT,0.005576,0.006011,7.8013,1774107091653,0.005575,15642,0.005574,16969,0.005573,15543,0.005572,17917,0.005571,15229,0.00557,15012,0.005569,35371,0.005568,31600,0.005567,49566,0.005566,31600,0.005576,3556,0.005577,129163,0.005578,228516,0.005579,198519,0.00558,191770,0.005584,11600,0.005586,600,0.005593,15330,0.005594,11600,0.005595,26980,0.006011,12700,0.006010,3411,0.006009,3123,0.006008,24470,0.006007,21009,0.006006,21872,0.006005,70136,0.006004,22012,0.006003,20938,0.006002,32909,0.006012,17661,0.006013,4712,0.006014,2582,0.006015,39021,0.006016,44011,0.006017,11052,0.006018,48098,0.006019,55981,0.006020,24290,0.006021,46594
gate,bybit,VANRYUSDT,0.005576,0.006011,7.8013,1774107091953,0.005575,15642,0.005574,16969,0.005573,15543,0.005572,17917,0.005571,15229,0.00557,15012,0.005569,35371,0.005568,31600,0.005567,49566,0.005566,31600,0.005576,3556,0.005577,129163,0.005578,228516,0.005579,198519,0.00558,191770,0.005584,11600,0.005586,600,0.005593,15330,0.005594,11600,0.005595,26980,0.006011,12700,0.006010,3411,0.006009,3123,0.006008,24470,0.006007,21009,0.006006,21872,0.006005,70136,0.006004,22012,0.006003,20938,0.006002,32909,0.006012,17661,0.006013,4712,0.006014,2582,0.006015,39021,0.006016,44011,0.006017,11052,0.006018,48098,0.006019,55981,0.006020,24290,0.006021,46594
gate,bybit,VANRYUSDT,0.005576,0.006011,7.8013,1774107092253,0.005575,15642,0.005574,16969,0.005573,15543,0.005572,17917,0.005571,15229,0.00557,15012,0.005569,35371,0.005568,31600,0.005567,49566,0.005566,31600,0.005576,3556,0.005577,129163,0.005578,228516,0.005579,198519,0.00558,191770,0.005584,11600,0.005586,600,0.005593,15330,0.005594,11600,0.005595,26980,0.006011,12700,0.006010,3411,0.006009,3123,0.006008,24470,0.006007,21009,0.006006,21872,0.006005,70136,0.006004,22012,0.006003,20938,0.006002,32909,0.006012,17661,0.006013,4712,0.006014,2582,0.006015,39021,0.006016,44011,0.006017,11052,0.006018,48098,0.006019,55981,0.006020,24290,0.006021,46594
gate,bybit,VANRYUSDT,0.005576,0.006011,7.8013,1774107092558,0.005575,15642,0.005574,16969,0.005573,15543,0.005572,17917,0.005571,15229,0.00557,15012,0.005569,35371,0.005568,31600,0.005567,49566,0.005566,31600,0.005576,3556,0.005577,129163,0.005578,228516,0.005579,198519,0.00558,191770,0.005584,11600,0.005586,600,0.005593,15330,0.005594,11600,0.005595,26980,0.006011,12700,0.006010,3411,0.006009,3123,0.006008,24470,0.006007,21009,0.006006,21872,0.006005,70136,0.006004,22012,0.006003,20938,0.006002,32909,0.006012,17661,0.006013,4712,0.006014,2582,0.006015,39021,0.006016,44011,0.006017,11052,0.006018,48098,0.006019,55981,0.006020,24290,0.006021,46594
gate,bybit,VANRYUSDT,0.005576,0.006011,7.8013,1774107092858,0.005575,15642,0.005574,16969,0.005573,15543,0.005572,17917,0.005571,15229,0.00557,15012,0.005569,35371,0.005568,31600,0.005567,49566,0.005566,31600,0.005576,3556,0.005577,129163,0.005578,228516,0.005579,198519,0.00558,191770,0.005584,11600,0.005586,600,0.005593,15330,0.005594,11600,0.005595,26980,0.006011,16170,0.006010,3411,0.006009,3123,0.006008,24470,0.006007,21009,0.006006,21872,0.006005,70136,0.006004,22012,0.006003,20938,0.006002,32909,0.006012,17661,0.006013,4712,0.006014,2582,0.006015,39021,0.006016,44011,0.006017,11052,0.006018,48098,0.006019,55981,0.006020,24290,0.006021,46594
gate,bybit,VANRYUSDT,0.005576,0.006011,7.8013,1774107093171,0.005575,15642,0.005574,16969,0.005573,15543,0.005572,17917,0.005571,15229,0.00557,15012,0.005569,35371,0.005568,31600,0.005567,49566,0.005566,31600,0.005576,3556,0.005577,137824,0.005578,228516,0.005579,198519,0.00558,191770,0.005584,11600,0.005586,600,0.005593,15330,0.005594,11600,0.005595,26980,0.006011,16170,0.006010,3411,0.006009,3123,0.006008,24470,0.006007,21009,0.006006,21872,0.006005,70136,0.006004,22012,0.006003,20938,0.006002,32909,0.006012,17661,0.006013,4712,0.006014,2582,0.006015,39021,0.006016,44011,0.006017,11052,0.006018,48098,0.006019,55981,0.006020,24290,0.006021,46594
gate,bybit,VANRYUSDT,0.005576,0.006011,7.8013,1774107093481,0.005575,15642,0.005574,16969,0.005573,15543,0.005572,17917,0.005571,15229,0.00557,15012,0.005569,35371,0.005568,31600,0.005567,49566,0.005566,31600,0.005576,3556,0.005577,137824,0.005578,228516,0.005579,198519,0.00558,191770,0.005584,11600,0.005586,600,0.005593,15330,0.005594,11600,0.005595,26980,0.006011,16170,0.006010,3411,0.006009,3123,0.006008,24470,0.006007,21009,0.006006,21872,0.006005,70136,0.006004,22012,0.006003,20938,0.006002,32909,0.006012,17661,0.006013,4712,0.006014,2582,0.006015,39021,0.006016,44011,0.006017,11052,0.006018,48098,0.006019,55981,0.006020,24290,0.006021,46594
gate,bybit,VANRYUSDT,0.005576,0.006011,7.8013,1774107093791,0.005575,15642,0.005574,16969,0.005573,15543,0.005572,17917,0.005571,15229,0.00557,15012,0.005569,35371,0.005568,31600,0.005567,49566,0.005566,31600,0.005576,3556,0.005577,137824,0.005578,228516,0.005579,198519,0.00558,191770,0.005584,11600,0.005586,600,0.005593,15330,0.005594,11600,0.005595,26980,0.006011,16170,0.006010,3411,0.006009,3123,0.006008,24470,0.006007,21009,0.006006,21872,0.006005,70136,0.006004,22012,0.006003,20938,0.006002,32909,0.006012,17661,0.006013,4712,0.006014,2582,0.006015,39021,0.006016,44011,0.006017,11052,0.006018,48098,0.006019,55981,0.006020,24290,0.006021,46594
gate,bybit,VANRYUSDT,0.005576,0.006011,7.8013,1774107094103,0.005575,15642,0.005574,16969,0.005573,15543,0.005572,17917,0.005571,15229,0.00557,15012,0.005569,35371,0.005568,31600,0.005567,49566,0.005566,31600,0.005576,3556,0.005577,137824,0.005578,228516,0.005579,198519,0.00558,191770,0.005584,11600,0.005586,600,0.005593,15330,0.005594,11600,0.005595,26980,0.006011,16170,0.006010,3411,0.006009,3123,0.006008,24470,0.006007,21009,0.006006,21872,0.006005,70136,0.006004,22012,0.006003,20938,0.006002,32909,0.006012,17661,0.006013,4712,0.006014,2582,0.006015,39021,0.006016,44011,0.006017,11052,0.006018,48098,0.006019,55981,0.006020,24290,0.006021,46594
gate,bybit,VANRYUSDT,0.005576,0.006011,7.8013,1774107094413,0.005575,15642,0.005574,16969,0.005573,15543,0.005572,17917,0.005571,15229,0.00557,15012,0.005569,35371,0.005568,31600,0.005567,49566,0.005566,31600,0.005576,3556,0.005577,137824,0.005578,228516,0.005579,198519,0.00558,191770,0.005584,11600,0.005586,600,0.005593,15330,0.005594,11600,0.005595,26980,0.006011,16170,0.006010,3411,0.006009,3123,0.006008,24470,0.006007,21009,0.006006,21872,0.006005,70136,0.006004,22012,0.006003,20938,0.006002,32909,0.006012,17661,0.006013,4712,0.006014,2582,0.006015,39021,0.006016,44011,0.006017,11052,0.006018,48098,0.006019,55981,0.006020,24290,0.006021,46594
gate,bybit,VANRYUSDT,0.005576,0.006011,7.8013,1774107094728,0.005575,15642,0.005574,16969,0.005573,15543,0.005572,17917,0.005571,15229,0.00557,15012,0.005569,35371,0.005568,31600,0.005567,49566,0.005566,31600,0.005576,3556,0.005577,137824,0.005578,228516,0.005579,198519,0.00558,191770,0.005584,11600,0.005586,600,0.005593,15330,0.005594,11600,0.005595,26980,0.006011,16170,0.006010,3411,0.006009,3123,0.006008,24470,0.006007,21009,0.006006,21872,0.006005,70136,0.006004,22012,0.006003,20938,0.006002,32909,0.006012,17661,0.006013,4712,0.006014,2582,0.006015,39021,0.006016,44011,0.006017,11052,0.006018,48098,0.006019,55981,0.006020,24290,0.006021,46594
gate,bybit,VANRYUSDT,0.005576,0.006011,7.8013,1774107095040,0.005575,15642,0.005574,16969,0.005573,15543,0.005572,17917,0.005571,15229,0.00557,15012,0.005569,35371,0.005568,31600,0.005567,49566,0.005566,31600,0.005576,3556,0.005577,137824,0.005578,228516,0.005579,198519,0.00558,191770,0.005584,11600,0.005586,600,0.005593,15330,0.005594,11600,0.005595,26980,0.006011,16170,0.006010,3411,0.006009,3123,0.006008,24470,0.006007,21009,0.006006,21872,0.006005,70136,0.006004,22012,0.006003,20938,0.006002,32909,0.006012,17661,0.006013,4712,0.006014,2582,0.006015,39021,0.006016,44011,0.006017,11052,0.006018,48098,0.006019,55981,0.006020,24290,0.006021,46594
gate,bybit,VANRYUSDT,0.005576,0.006011,7.8013,1774107095351,0.005575,15642,0.005574,16969,0.005573,15543,0.005572,17917,0.005571,15229,0.00557,15012,0.005569,35371,0.005568,31600,0.005567,49566,0.005566,31600,0.005576,3556,0.005577,137824,0.005578,228516,0.005579,198519,0.00558,191770,0.005584,11600,0.005586,600,0.005593,15330,0.005594,11600,0.005595,26980,0.006011,16170,0.006010,3411,0.006009,3123,0.006008,24470,0.006007,21009,0.006006,21872,0.006005,70136,0.006004,22012,0.006003,20938,0.006002,32909,0.006012,17661,0.006013,4712,0.006014,2582,0.006015,39021,0.006016,44011,0.006017,11052,0.006018,48098,0.006019,55981,0.006020,24290,0.006021,46594
gate,bybit,VANRYUSDT,0.005576,0.006011,7.8013,1774107095662,0.005575,15642,0.005574,16969,0.005573,15543,0.005572,17917,0.005571,15229,0.00557,15012,0.005569,35371,0.005568,31600,0.005567,49566,0.005566,31600,0.005576,3556,0.005577,137824,0.005578,228516,0.005579,198519,0.00558,191770,0.005584,11600,0.005586,600,0.005593,15330,0.005594,11600,0.005595,26980,0.006011,16170,0.006010,3411,0.006009,3123,0.006008,24470,0.006007,21009,0.006006,21872,0.006005,70136,0.006004,22012,0.006003,20938,0.006002,32909,0.006012,17661,0.006013,4712,0.006014,2582,0.006015,39021,0.006016,44011,0.006017,11052,0.006018,48098,0.006019,55981,0.006020,24290,0.006021,46594
gate,bybit,VANRYUSDT,0.005576,0.006011,7.8013,1774107095968,0.005575,15642,0.005574,16969,0.005573,15543,0.005572,17917,0.005571,15229,0.00557,15012,0.005569,35371,0.005568,31600,0.005567,49566,0.005566,31600,0.005576,3556,0.005577,137824,0.005578,228516,0.005579,198519,0.00558,191770,0.005584,11600,0.005586,600,0.005593,15330,0.005594,11600,0.005595,26980,0.006011,16170,0.006010,3411,0.006009,3123,0.006008,24470,0.006007,21009,0.006006,21872,0.006005,70136,0.006004,22012,0.006003,20938,0.006002,32909,0.006012,17661,0.006013,4712,0.006014,2582,0.006015,39021,0.006016,44011,0.006017,11052,0.006018,48098,0.006019,55981,0.006020,24290,0.006021,46594
gate,bybit,VANRYUSDT,0.005576,0.006011,7.8013,1774107096269,0.005575,15642,0.005574,16969,0.005573,15543,0.005572,17917,0.005571,15229,0.00557,15012,0.005569,35371,0.005568,31600,0.005567,49566,0.005566,31600,0.005576,3556,0.005577,137824,0.005578,228516,0.005579,198519,0.00558,191770,0.005584,11600,0.005586,600,0.005593,15330,0.005594,11600,0.005595,26980,0.006011,16170,0.006010,3411,0.006009,3123,0.006008,24470,0.006007,21009,0.006006,21872,0.006005,70136,0.006004,22012,0.006003,20938,0.006002,32909,0.006012,17661,0.006013,4712,0.006014,2582,0.006015,39021,0.006016,44011,0.006017,11052,0.006018,48098,0.006019,55981,0.006020,24290,0.006021,46594
gate,bybit,VANRYUSDT,0.005576,0.006011,7.8013,1774107096569,0.005575,15642,0.005574,16969,0.005573,15543,0.005572,17917,0.005571,15229,0.00557,15012,0.005569,35371,0.005568,31600,0.005567,49566,0.005566,31600,0.005576,3556,0.005577,137824,0.005578,228516,0.005579,198519,0.00558,191770,0.005584,11600,0.005586,600,0.005593,15330,0.005594,11600,0.005595,26980,0.006011,16170,0.006010,3411,0.006009,3123,0.006008,24470,0.006007,21009,0.006006,21872,0.006005,70136,0.006004,22012,0.006003,20938,0.006002,32909,0.006012,17661,0.006013,4712,0.006014,2582,0.006015,39021,0.006016,44011,0.006017,11052,0.006018,48098,0.006019,55981,0.006020,24290,0.006021,46594
gate,bybit,VANRYUSDT,0.005576,0.006011,7.8013,1774107096869,0.005575,15642,0.005574,16969,0.005573,15543,0.005572,17917,0.005571,15229,0.00557,15012,0.005569,35371,0.005568,31600,0.005567,49566,0.005566,31600,0.005576,3556,0.005577,137824,0.005578,228516,0.005579,198519,0.00558,191770,0.005584,11600,0.005586,600,0.005593,15330,0.005594,11600,0.005595,26980,0.006011,16170,0.006010,3411,0.006009,3123,0.006008,24470,0.006007,21009,0.006006,21872,0.006005,70136,0.006004,22012,0.006003,20938,0.006002,32909,0.006012,17661,0.006013,4712,0.006014,2582,0.006015,39021,0.006016,44011,0.006017,11052,0.006018,48098,0.006019,55981,0.006020,24290,0.006021,46594
gate,bybit,VANRYUSDT,0.005576,0.006011,7.8013,1774107097171,0.005575,15642,0.005574,16969,0.005573,15543,0.005572,17917,0.005571,15229,0.00557,15012,0.005569,35371,0.005568,31600,0.005567,49566,0.005566,31600,0.005576,3556,0.005577,137824,0.005578,228516,0.005579,198519,0.00558,191770,0.005584,11600,0.005586,600,0.005593,15330,0.005594,11600,0.005595,26980,0.006011,16170,0.006010,3411,0.006009,3123,0.006008,24470,0.006007,21009,0.006006,21872,0.006005,70136,0.006004,22012,0.006003,20938,0.006002,32909,0.006012,17661,0.006013,4712,0.006014,2582,0.006015,39021,0.006016,44011,0.006017,11052,0.006018,48098,0.006019,55981,0.006020,24290,0.006021,46594
gate,bybit,VANRYUSDT,0.005576,0.006011,7.8013,1774107097478,0.005575,15642,0.005574,16969,0.005573,15543,0.005572,17917,0.005571,15229,0.00557,15012,0.005569,35371,0.005568,31600,0.005567,49566,0.005566,31600,0.005576,3556,0.005577,137824,0.005578,228516,0.005579,198519,0.00558,191770,0.005584,11600,0.005586,600,0.005593,15330,0.005594,11600,0.005595,26980,0.006011,16170,0.006010,3411,0.006009,3123,0.006008,24470,0.006007,21009,0.006006,21872,0.006005,70136,0.006004,22012,0.006003,20938,0.006002,32909,0.006012,17661,0.006013,4712,0.006014,2582,0.006015,39021,0.006016,44011,0.006017,11052,0.006018,48098,0.006019,55981,0.006020,24290,0.006021,46594
gate,bybit,VANRYUSDT,0.005576,0.006011,7.8013,1774107097782,0.005575,15642,0.005574,16969,0.005573,15543,0.005572,17917,0.005571,15229,0.00557,15012,0.005569,35371,0.005568,31600,0.005567,49566,0.005566,31600,0.005576,3556,0.005577,137824,0.005578,228516,0.005579,198519,0.00558,191770,0.005584,11600,0.005586,600,0.005593,15330,0.005594,11600,0.005595,26980,0.006011,16170,0.006010,3411,0.006009,3123,0.006008,24470,0.006007,21009,0.006006,21872,0.006005,70136,0.006004,22012,0.006003,20938,0.006002,32909,0.006012,17661,0.006013,4712,0.006014,2582,0.006015,39021,0.006016,44011,0.006017,11052,0.006018,48098,0.006019,55981,0.006020,24290,0.006021,46594
gate,bybit,VANRYUSDT,0.005576,0.006011,7.8013,1774107098084,0.005575,15642,0.005574,16969,0.005573,15543,0.005572,17917,0.005571,15229,0.00557,15012,0.005569,35371,0.005568,31600,0.005567,49566,0.005566,31600,0.005576,3556,0.005577,137824,0.005578,228516,0.005579,198519,0.00558,191770,0.005584,11600,0.005586,600,0.005593,15330,0.005594,11600,0.005595,26980,0.006011,16170,0.006010,3411,0.006009,3123,0.006008,24470,0.006007,21009,0.006006,21872,0.006005,70136,0.006004,22012,0.006003,20938,0.006002,32909,0.006012,17661,0.006013,4712,0.006014,2582,0.006015,39021,0.006016,44011,0.006017,11052,0.006018,48098,0.006019,55981,0.006020,24290,0.006021,46594
gate,bybit,VANRYUSDT,0.005576,0.006011,7.8013,1774107098384,0.005575,15642,0.005574,16969,0.005573,15543,0.005572,17917,0.005571,15229,0.00557,15012,0.005569,35371,0.005568,31600,0.005567,49566,0.005566,31600,0.005576,3556,0.005577,137824,0.005578,228516,0.005579,198519,0.00558,191770,0.005584,11600,0.005586,600,0.005593,15330,0.005594,11600,0.005595,26980,0.006011,16170,0.006010,3411,0.006009,3123,0.006008,24470,0.006007,21009,0.006006,21872,0.006005,70136,0.006004,22012,0.006003,20938,0.006002,32909,0.006012,17661,0.006013,4712,0.006014,2582,0.006015,39021,0.006016,44011,0.006017,11052,0.006018,48098,0.006019,55981,0.006020,24290,0.006021,46594
gate,bybit,VANRYUSDT,0.005576,0.006011,7.8013,1774107098685,0.005575,15642,0.005574,16969,0.005573,15543,0.005572,17917,0.005571,15229,0.00557,15012,0.005569,35371,0.005568,31600,0.005567,49566,0.005566,31600,0.005576,3556,0.005577,137824,0.005578,228516,0.005579,198519,0.00558,191770,0.005584,11600,0.005586,600,0.005593,15330,0.005594,11600,0.005595,26980,0.006011,16170,0.006010,3411,0.006009,3123,0.006008,24470,0.006007,21009,0.006006,21872,0.006005,70136,0.006004,22012,0.006003,20938,0.006002,32909,0.006012,17661,0.006013,4712,0.006014,2582,0.006015,39021,0.006016,44011,0.006017,11052,0.006018,48098,0.006019,55981,0.006020,24290,0.006021,46594
gate,bybit,VANRYUSDT,0.005576,0.006011,7.8013,1774107098985,0.005575,15642,0.005574,16969,0.005573,15543,0.005572,17917,0.005571,15229,0.00557,15012,0.005569,35371,0.005568,31600,0.005567,49566,0.005566,31600,0.005576,3556,0.005577,137824,0.005578,228516,0.005579,198519,0.00558,191770,0.005584,11600,0.005586,600,0.005593,15330,0.005594,11600,0.005595,26980,0.006011,16170,0.006010,3411,0.006009,3123,0.006008,24470,0.006007,21009,0.006006,21872,0.006005,70136,0.006004,22012,0.006003,20938,0.006002,32909,0.006012,17661,0.006013,4712,0.006014,2582,0.006015,39021,0.006016,44011,0.006017,11052,0.006018,48098,0.006019,55981,0.006020,24290,0.006021,46594
gate,bybit,VANRYUSDT,0.005576,0.006011,7.8013,1774107099288,0.005575,15642,0.005574,16969,0.005573,15543,0.005572,17917,0.005571,15229,0.00557,15012,0.005569,35371,0.005568,31600,0.005567,49566,0.005566,31600,0.005576,3556,0.005577,137824,0.005578,228516,0.005579,198519,0.00558,191770,0.005584,11600,0.005586,600,0.005593,15330,0.005594,11600,0.005595,26980,0.006011,16170,0.006010,3411,0.006009,3123,0.006008,24470,0.006007,21009,0.006006,21872,0.006005,70136,0.006004,22012,0.006003,20938,0.006002,32909,0.006012,17661,0.006013,4712,0.006014,2582,0.006015,39021,0.006016,44011,0.006017,11052,0.006018,48098,0.006019,55981,0.006020,24290,0.006021,46594
gate,bybit,VANRYUSDT,0.005576,0.006011,7.8013,1774107099588,0.005575,15642,0.005574,16969,0.005573,15543,0.005572,17917,0.005571,15229,0.00557,15012,0.005569,35371,0.005568,31600,0.005567,49566,0.005566,31600,0.005576,3556,0.005577,137824,0.005578,228516,0.005579,198519,0.00558,191770,0.005584,11600,0.005586,600,0.005593,15330,0.005594,11600,0.005595,26980,0.006011,12729,0.006010,3411,0.006009,3123,0.006008,24470,0.006007,21009,0.006006,21872,0.006005,70136,0.006004,22012,0.006003,20938,0.006002,32909,0.006012,17661,0.006013,4712,0.006014,2582,0.006015,39021,0.006016,44011,0.006017,11052,0.006018,48098,0.006019,55981,0.006020,24290,0.006021,46594
gate,bybit,VANRYUSDT,0.005576,0.006011,7.8013,1774107099889,0.005575,15642,0.005574,16969,0.005573,15543,0.005572,17917,0.005571,15229,0.00557,15012,0.005569,35371,0.005568,31600,0.005567,49566,0.005566,31600,0.005576,3556,0.005577,137824,0.005578,228516,0.005579,198519,0.00558,191770,0.005584,11600,0.005586,600,0.005593,15330,0.005594,11600,0.005595,26980,0.006011,16439,0.006010,3411,0.006009,3123,0.006008,24470,0.006007,21009,0.006006,21872,0.006005,70136,0.006004,22012,0.006003,20938,0.006002,32909,0.006012,17661,0.006013,4712,0.006014,2582,0.006015,39021,0.006016,44011,0.006017,11052,0.006018,48098,0.006019,55981,0.006020,24290,0.006021,46594
gate,bybit,VANRYUSDT,0.005576,0.006011,7.8013,1774107100189,0.005575,15642,0.005574,16969,0.005573,15543,0.005572,17917,0.005571,15229,0.00557,15012,0.005569,35371,0.005568,31600,0.005567,49566,0.005566,31600,0.005576,3556,0.005577,137824,0.005578,228516,0.005579,198519,0.00558,191770,0.005584,11600,0.005586,600,0.005593,15330,0.005594,11600,0.005595,26980,0.006011,16439,0.006010,3411,0.006009,3123,0.006008,24470,0.006007,21009,0.006006,21872,0.006005,70136,0.006004,22012,0.006003,20938,0.006002,32909,0.006012,17661,0.006013,4712,0.006014,2582,0.006015,39021,0.006016,44011,0.006017,11052,0.006018,48098,0.006019,55981,0.006020,24290,0.006021,46594
gate,bybit,VANRYUSDT,0.005576,0.006011,7.8013,1774107100489,0.005575,15642,0.005574,16969,0.005573,15543,0.005572,17917,0.005571,15229,0.00557,15012,0.005569,35371,0.005568,31600,0.005567,49566,0.005566,31600,0.005576,3556,0.005577,137824,0.005578,228516,0.005579,198519,0.00558,191770,0.005584,11600,0.005586,600,0.005593,15330,0.005594,11600,0.005595,26980,0.006011,16439,0.006010,3411,0.006009,3123,0.006008,24470,0.006007,21009,0.006006,21872,0.006005,70136,0.006004,22012,0.006003,20938,0.006002,32909,0.006012,17661,0.006013,4712,0.006014,2582,0.006015,39021,0.006016,44011,0.006017,11052,0.006018,48098,0.006019,55981,0.006020,24290,0.006021,46594
gate,bybit,VANRYUSDT,0.005576,0.006011,7.8013,1774107100789,0.005575,15642,0.005574,16969,0.005573,15543,0.005572,17917,0.005571,15229,0.00557,15012,0.005569,35371,0.005568,31600,0.005567,49566,0.005566,31600,0.005576,3556,0.005577,137824,0.005578,228516,0.005579,198519,0.00558,191770,0.005584,11600,0.005586,600,0.005593,15330,0.005594,11600,0.005595,26980,0.006011,16354,0.006010,3411,0.006009,3123,0.006008,24470,0.006007,21009,0.006006,21872,0.006005,70136,0.006004,22012,0.006003,20938,0.006002,32909,0.006012,17661,0.006013,4712,0.006014,2582,0.006015,39021,0.006016,44011,0.006017,11052,0.006018,48098,0.006019,55981,0.006020,24290,0.006021,46594
gate,bybit,VANRYUSDT,0.005576,0.006011,7.8013,1774107101089,0.005575,15642,0.005574,16969,0.005573,15543,0.005572,17917,0.005571,15229,0.00557,15012,0.005569,35371,0.005568,31600,0.005567,49566,0.005566,31600,0.005576,3556,0.005577,129163,0.005578,228516,0.005579,198519,0.00558,191770,0.005584,11600,0.005586,600,0.005593,15330,0.005594,11600,0.005595,26980,0.006011,16484,0.006010,3411,0.006009,3123,0.006008,24470,0.006007,21009,0.006006,21872,0.006005,70136,0.006004,22012,0.006003,20938,0.006002,32909,0.006012,17661,0.006013,4712,0.006014,2582,0.006015,39021,0.006016,44011,0.006017,11052,0.006018,48098,0.006019,55981,0.006020,24290,0.006021,46594
gate,bybit,VANRYUSDT,0.005576,0.006011,7.8013,1774107101389,0.005575,15642,0.005574,16969,0.005573,15543,0.005572,17917,0.005571,15229,0.00557,15012,0.005569,35371,0.005568,31600,0.005567,49566,0.005566,31600,0.005576,3556,0.005577,129163,0.005578,228516,0.005579,198519,0.00558,191770,0.005584,11600,0.005586,600,0.005593,15330,0.005594,11600,0.005595,26980,0.006011,16484,0.006010,3411,0.006009,3123,0.006008,24470,0.006007,21009,0.006006,21872,0.006005,70136,0.006004,22012,0.006003,20938,0.006002,32909,0.006012,17661,0.006013,4712,0.006014,2582,0.006015,24009,0.006016,44011,0.006017,11052,0.006018,48098,0.006019,55981,0.006020,24290,0.006021,46594
gate,bybit,VANRYUSDT,0.005576,0.006011,7.8013,1774107101689,0.005575,15642,0.005574,16969,0.005573,15543,0.005572,17917,0.005571,15229,0.00557,15012,0.005569,35371,0.005568,31600,0.005567,49566,0.005566,31600,0.005576,3556,0.005577,129163,0.005578,228516,0.005579,198519,0.00558,191770,0.005584,11600,0.005586,600,0.005593,15330,0.005594,11600,0.005595,26980,0.006011,20490,0.006010,3411,0.006009,3123,0.006008,24470,0.006007,21009,0.006006,21872,0.006005,70136,0.006004,22012,0.006003,20938,0.006002,32909,0.006012,17661,0.006013,4712,0.006014,2582,0.006015,24009,0.006016,44011,0.006017,11052,0.006018,48098,0.006019,55981,0.006020,24290,0.006021,46594
gate,bybit,VANRYUSDT,0.005576,0.006011,7.8013,1774107101990,0.005575,15642,0.005574,16969,0.005573,15543,0.005572,17917,0.005571,15229,0.00557,15012,0.005569,35371,0.005568,31600,0.005567,49566,0.005566,31600,0.005576,3556,0.005577,137824,0.005578,228516,0.005579,198519,0.00558,191770,0.005584,11600,0.005586,600,0.005593,15330,0.005594,11600,0.005595,26980,0.006011,16484,0.006010,3411,0.006009,3123,0.006008,24470,0.006007,21009,0.006006,21872,0.006005,70136,0.006004,22012,0.006003,20938,0.006002,32909,0.006012,17661,0.006013,4712,0.006014,17594,0.006015,24009,0.006016,44011,0.006017,11052,0.006018,48098,0.006019,55981,0.006020,24290,0.006021,46594
gate,bybit,VANRYUSDT,0.005576,0.006011,7.8013,1774107102290,0.005575,15642,0.005574,16969,0.005573,15543,0.005572,17917,0.005571,15229,0.00557,15012,0.005569,35371,0.005568,31600,0.005567,49566,0.005566,31600,0.005576,3556,0.005577,137824,0.005578,228516,0.005579,198519,0.00558,191770,0.005584,11600,0.005586,600,0.005593,15330,0.005594,11600,0.005595,26980,0.006011,16484,0.006010,3411,0.006009,3123,0.006008,24470,0.006007,21009,0.006006,21872,0.006005,70136,0.006004,22012,0.006003,20938,0.006002,32909,0.006012,17661,0.006013,4712,0.006014,17594,0.006015,24009,0.006016,44011,0.006017,11052,0.006018,48098,0.006019,55981,0.006020,24290,0.006021,46594
gate,bybit,VANRYUSDT,0.005576,0.006011,7.8013,1774107102591,0.005575,15642,0.005574,16969,0.005573,15543,0.005572,17917,0.005571,15229,0.00557,15012,0.005569,35371,0.005568,31600,0.005567,49566,0.005566,31600,0.005576,3556,0.005577,137824,0.005578,228516,0.005579,198519,0.00558,191770,0.005584,11600,0.005586,600,0.005593,15330,0.005594,11600,0.005595,26980,0.006011,16484,0.006010,3411,0.006009,3123,0.006008,24470,0.006007,21009,0.006006,21872,0.006005,70136,0.006004,22012,0.006003,20938,0.006002,32909,0.006012,17661,0.006013,4712,0.006014,17594,0.006015,24009,0.006016,44011,0.006017,11052,0.006018,48098,0.006019,55981,0.006020,24290,0.006021,46594
gate,bybit,VANRYUSDT,0.005576,0.006011,7.8013,1774107102891,0.005575,15642,0.005574,16969,0.005573,15543,0.005572,17917,0.005571,15229,0.00557,15012,0.005569,35371,0.005568,31600,0.005567,49566,0.005566,31600,0.005576,3556,0.005577,137824,0.005578,228516,0.005579,198519,0.00558,191770,0.005584,11600,0.005586,600,0.005593,15330,0.005594,11600,0.005595,26980,0.006011,16484,0.006010,3411,0.006009,3123,0.006008,24470,0.006007,21009,0.006006,21872,0.006005,70136,0.006004,22012,0.006003,20938,0.006002,32909,0.006012,17661,0.006013,4712,0.006014,17594,0.006015,24009,0.006016,44011,0.006017,11052,0.006018,48098,0.006019,55981,0.006020,24290,0.006021,46594
gate,bybit,VANRYUSDT,0.005576,0.006011,7.8013,1774107103191,0.005575,15642,0.005574,16969,0.005573,15543,0.005572,17917,0.005571,15229,0.00557,15012,0.005569,35371,0.005568,31600,0.005567,49566,0.005566,31600,0.005576,3556,0.005577,129163,0.005578,228516,0.005579,198519,0.00558,191770,0.005584,11600,0.005586,600,0.005593,15330,0.005594,11600,0.005595,26980,0.006011,21387,0.006010,3411,0.006009,3123,0.006008,24470,0.006007,21009,0.006006,21872,0.006005,70136,0.006004,22012,0.006003,20938,0.006002,32909,0.006012,17661,0.006013,4712,0.006014,17594,0.006015,24009,0.006016,44011,0.006017,11052,0.006018,48098,0.006019,55981,0.006020,24290,0.006021,46594
gate,bybit,VANRYUSDT,0.005576,0.006011,7.8013,1774107103492,0.005575,15642,0.005574,16969,0.005573,15543,0.005572,17917,0.005571,15229,0.00557,15012,0.005569,35371,0.005568,31600,0.005567,49566,0.005566,31600,0.005576,3556,0.005577,129163,0.005578,228516,0.005579,198519,0.00558,191770,0.005584,11600,0.005586,600,0.005593,15330,0.005594,11600,0.005595,26980,0.006011,16484,0.006010,3411,0.006009,3123,0.006008,24470,0.006007,21009,0.006006,21872,0.006005,70136,0.006004,22012,0.006003,20938,0.006002,32909,0.006012,17661,0.006013,4712,0.006014,17594,0.006015,24009,0.006016,44011,0.006017,11052,0.006018,48098,0.006019,55981,0.006020,24290,0.006021,46594
gate,bybit,VANRYUSDT,0.005576,0.006011,7.8013,1774107103792,0.005575,15642,0.005574,16969,0.005573,15543,0.005572,17917,0.005571,15229,0.00557,15012,0.005569,35371,0.005568,31600,0.005567,49566,0.005566,31600,0.005576,3556,0.005577,129163,0.005578,228516,0.005579,198519,0.00558,191770,0.005584,11600,0.005586,600,0.005593,15330,0.005594,11600,0.005595,26980,0.006011,16484,0.006010,3411,0.006009,3123,0.006008,24470,0.006007,21009,0.006006,21872,0.006005,70136,0.006004,22012,0.006003,20938,0.006002,32909,0.006012,17661,0.006013,4712,0.006014,17594,0.006015,24009,0.006016,44011,0.006017,11052,0.006018,48098,0.006019,55981,0.006020,24290,0.006021,46594
gate,bybit,VANRYUSDT,0.005576,0.006011,7.8013,1774107104092,0.005575,15642,0.005574,16969,0.005573,15543,0.005572,17917,0.005571,15229,0.00557,15012,0.005569,35371,0.005568,31600,0.005567,49566,0.005566,31600,0.005576,3556,0.005577,129163,0.005578,228516,0.005579,198519,0.00558,191770,0.005584,11600,0.005586,600,0.005593,15330,0.005594,11600,0.005595,26980,0.006011,16484,0.006010,3411,0.006009,3123,0.006008,24470,0.006007,21009,0.006006,21872,0.006005,70136,0.006004,22012,0.006003,20938,0.006002,32909,0.006012,17661,0.006013,4712,0.006014,17594,0.006015,24009,0.006016,44011,0.006017,11052,0.006018,48098,0.006019,55981,0.006020,24290,0.006021,46594
gate,bybit,VANRYUSDT,0.005576,0.006011,7.8013,1774107104392,0.005575,15642,0.005574,16969,0.005573,15543,0.005572,17917,0.005571,15229,0.00557,15012,0.005569,35371,0.005568,31600,0.005567,49566,0.005566,31600,0.005576,3556,0.005577,129163,0.005578,228516,0.005579,198519,0.00558,191770,0.005584,11600,0.005586,600,0.005593,15330,0.005594,11600,0.005595,26980,0.006011,16484,0.006010,3411,0.006009,3123,0.006008,24470,0.006007,21009,0.006006,21872,0.006005,70136,0.006004,22012,0.006003,20938,0.006002,32909,0.006012,17661,0.006013,4712,0.006014,17594,0.006015,24009,0.006016,44011,0.006017,11052,0.006018,48098,0.006019,55981,0.006020,24290,0.006021,46594
gate,bybit,VANRYUSDT,0.005576,0.006011,7.8013,1774107104692,0.005575,15642,0.005574,16969,0.005573,15543,0.005572,17917,0.005571,15229,0.00557,15012,0.005569,35371,0.005568,31600,0.005567,49566,0.005566,31600,0.005576,3556,0.005577,129163,0.005578,228516,0.005579,198519,0.00558,191770,0.005584,11600,0.005586,600,0.005593,15330,0.005594,11600,0.005595,26980,0.006011,16484,0.006010,3411,0.006009,3123,0.006008,24470,0.006007,21009,0.006006,21872,0.006005,70136,0.006004,22012,0.006003,20938,0.006002,32909,0.006012,17661,0.006013,4712,0.006014,17594,0.006015,24009,0.006016,44011,0.006017,11052,0.006018,48098,0.006019,55981,0.006020,24290,0.006021,46594
gate,bybit,VANRYUSDT,0.005576,0.006011,7.8013,1774107104992,0.005575,15642,0.005574,16969,0.005573,15543,0.005572,17917,0.005571,15229,0.00557,15012,0.005569,35371,0.005568,31600,0.005567,49566,0.005566,31600,0.005576,3556,0.005577,129163,0.005578,228516,0.005579,198519,0.00558,191770,0.005584,11600,0.005586,600,0.005593,15330,0.005594,11600,0.005595,26980,0.006011,21341,0.006010,3411,0.006009,3123,0.006008,24470,0.006007,21009,0.006006,21872,0.006005,70136,0.006004,22012,0.006003,20938,0.006002,32909,0.006012,17661,0.006013,4712,0.006014,17594,0.006015,24009,0.006016,44011,0.006017,11052,0.006018,48098,0.006019,55981,0.006020,24290,0.006021,46594
gate,bybit,VANRYUSDT,0.005576,0.006011,7.8013,1774107105292,0.005575,15642,0.005574,16969,0.005573,15543,0.005572,17917,0.005571,15229,0.00557,15012,0.005569,35371,0.005568,31600,0.005567,49566,0.005566,31600,0.005576,3556,0.005577,129163,0.005578,228516,0.005579,198519,0.00558,191770,0.005584,11600,0.005586,600,0.005593,15330,0.005594,11600,0.005595,26980,0.006011,21341,0.006010,3411,0.006009,3123,0.006008,24470,0.006007,21009,0.006006,21872,0.006005,70136,0.006004,22012,0.006003,20938,0.006002,32909,0.006012,17661,0.006013,4712,0.006014,17594,0.006015,24009,0.006016,44011,0.006017,11052,0.006018,48098,0.006019,55981,0.006020,24290,0.006021,46594
gate,bybit,VANRYUSDT,0.005576,0.006011,7.8013,1774107105593,0.005575,15642,0.005574,16969,0.005573,15543,0.005572,17917,0.005571,15229,0.00557,15012,0.005569,35371,0.005568,31600,0.005567,49566,0.005566,31600,0.005576,3556,0.005577,129163,0.005578,228516,0.005579,198519,0.00558,191770,0.005584,11600,0.005586,600,0.005593,15330,0.005594,11600,0.005595,26980,0.006011,21341,0.006010,3411,0.006009,3123,0.006008,24470,0.006007,21009,0.006006,21872,0.006005,70136,0.006004,22012,0.006003,20938,0.006002,32909,0.006012,17661,0.006013,4712,0.006014,17594,0.006015,24009,0.006016,44011,0.006017,11052,0.006018,48098,0.006019,55981,0.006020,24290,0.006021,46594
gate,bybit,VANRYUSDT,0.005576,0.006011,7.8013,1774107105893,0.005575,15642,0.005574,16969,0.005573,15543,0.005572,17917,0.005571,15229,0.00557,15012,0.005569,35371,0.005568,31600,0.005567,49566,0.005566,31600,0.005576,3556,0.005577,129163,0.005578,228516,0.005579,198519,0.00558,191770,0.005584,11600,0.005586,600,0.005593,15330,0.005594,11600,0.005595,26980,0.006011,21341,0.006010,3411,0.006009,3123,0.006008,24470,0.006007,21009,0.006006,21872,0.006005,70136,0.006004,22012,0.006003,20938,0.006002,32909,0.006012,17661,0.006013,4712,0.006014,17594,0.006015,24009,0.006016,44011,0.006017,11052,0.006018,48098,0.006019,55981,0.006020,24290,0.006021,46594
gate,bybit,VANRYUSDT,0.005576,0.006011,7.8013,1774107106193,0.005575,15642,0.005574,16969,0.005573,15543,0.005572,17917,0.005571,15229,0.00557,15012,0.005569,35371,0.005568,31600,0.005567,49566,0.005566,31600,0.005576,3556,0.005577,129163,0.005578,228516,0.005579,198519,0.00558,191770,0.005584,11600,0.005586,600,0.005593,15330,0.005594,11600,0.005595,26980,0.006011,21341,0.006010,3411,0.006009,3123,0.006008,24470,0.006007,21009,0.006006,21872,0.006005,70136,0.006004,22012,0.006003,20938,0.006002,32909,0.006012,17661,0.006013,4712,0.006014,17594,0.006015,24009,0.006016,44011,0.006017,11052,0.006018,48098,0.006019,55981,0.006020,24290,0.006021,46594
gate,bybit,VANRYUSDT,0.005576,0.006011,7.8013,1774107106494,0.005575,15642,0.005574,16969,0.005573,15543,0.005572,17917,0.005571,15229,0.00557,15012,0.005569,35371,0.005568,31600,0.005567,49566,0.005566,31600,0.005576,3556,0.005577,129163,0.005578,228516,0.005579,198519,0.00558,191770,0.005584,11600,0.005586,600,0.005593,15330,0.005594,11600,0.005595,26980,0.006011,21343,0.006010,3411,0.006009,3123,0.006008,24470,0.006007,21009,0.006006,21872,0.006005,70136,0.006004,22012,0.006003,20938,0.006002,32909,0.006012,17661,0.006013,4712,0.006014,17594,0.006015,24009,0.006016,44011,0.006017,11052,0.006018,48098,0.006019,55981,0.006020,24290,0.006021,46594
gate,bybit,VANRYUSDT,0.005576,0.006011,7.8013,1774107106794,0.005575,15642,0.005574,16969,0.005573,15543,0.005572,17917,0.005571,15229,0.00557,15012,0.005569,35371,0.005568,31600,0.005567,49566,0.005566,31600,0.005576,3556,0.005577,129163,0.005578,228516,0.005579,198519,0.00558,191770,0.005584,11600,0.005586,600,0.005593,15330,0.005594,11600,0.005595,26980,0.006011,21343,0.006010,3411,0.006009,3123,0.006008,24470,0.006007,21009,0.006006,21872,0.006005,70136,0.006004,22012,0.006003,20938,0.006002,32909,0.006012,17661,0.006013,4712,0.006014,17594,0.006015,24009,0.006016,44011,0.006017,11052,0.006018,48098,0.006019,55981,0.006020,24290,0.006021,46594
gate,bybit,VANRYUSDT,0.005576,0.006011,7.8013,1774107107095,0.005575,15642,0.005574,16969,0.005573,15543,0.005572,17917,0.005571,15229,0.00557,15012,0.005569,35371,0.005568,31600,0.005567,49566,0.005566,31600,0.005576,3556,0.005577,129163,0.005578,228516,0.005579,198519,0.00558,191770,0.005584,11600,0.005586,600,0.005593,15330,0.005594,11600,0.005595,26980,0.006011,21343,0.006010,3411,0.006009,3123,0.006008,24470,0.006007,21009,0.006006,21872,0.006005,70136,0.006004,22012,0.006003,20938,0.006002,32909,0.006012,17661,0.006013,4712,0.006014,17594,0.006015,24009,0.006016,44011,0.006017,11052,0.006018,48098,0.006019,55981,0.006020,24290,0.006021,46594
gate,bybit,VANRYUSDT,0.005576,0.006011,7.8013,1774107107395,0.005575,15642,0.005574,16969,0.005573,15543,0.005572,17917,0.005571,15229,0.00557,15012,0.005569,35371,0.005568,31600,0.005567,49566,0.005566,31600,0.005576,3556,0.005577,129163,0.005578,228516,0.005579,198519,0.00558,191770,0.005584,11600,0.005586,600,0.005593,15330,0.005594,11600,0.005595,26980,0.006011,21343,0.006010,3411,0.006009,3123,0.006008,24470,0.006007,21009,0.006006,21872,0.006005,70136,0.006004,22012,0.006003,20938,0.006002,32909,0.006012,17661,0.006013,4712,0.006014,17594,0.006015,24009,0.006016,44011,0.006017,11052,0.006018,48098,0.006019,55981,0.006020,24290,0.006021,46594
gate,bybit,VANRYUSDT,0.005576,0.006011,7.8013,1774107107695,0.005575,15642,0.005574,16969,0.005573,15543,0.005572,17917,0.005571,15229,0.00557,15012,0.005569,35371,0.005568,31600,0.005567,49566,0.005566,31600,0.005576,3556,0.005577,137824,0.005578,228516,0.005579,198519,0.00558,191770,0.005584,11600,0.005586,600,0.005593,15330,0.005594,11600,0.005595,26980,0.006011,16486,0.006010,3411,0.006009,3123,0.006008,24470,0.006007,21009,0.006006,21872,0.006005,70136,0.006004,22012,0.006003,20938,0.006002,32909,0.006012,17661,0.006013,4712,0.006014,17594,0.006015,24009,0.006016,44011,0.006017,11052,0.006018,48098,0.006019,55981,0.006020,24290,0.006021,46594
gate,bybit,VANRYUSDT,0.005576,0.006011,7.8013,1774107108011,0.005575,15642,0.005574,16969,0.005573,15543,0.005572,17917,0.005571,15229,0.00557,15012,0.005569,35371,0.005568,31600,0.005567,49566,0.005566,31600,0.005576,3556,0.005577,137824,0.005578,228516,0.005579,198519,0.00558,191770,0.005584,11600,0.005586,600,0.005593,15330,0.005594,11600,0.005595,26980,0.006011,21538,0.006010,3411,0.006009,3123,0.006008,24470,0.006007,21009,0.006006,21872,0.006005,70136,0.006004,22012,0.006003,20938,0.006002,32909,0.006012,17661,0.006013,4712,0.006014,17594,0.006015,24009,0.006016,44011,0.006017,11052,0.006018,48098,0.006019,55981,0.006020,24290,0.006021,46594
gate,bybit,VANRYUSDT,0.005576,0.006011,7.8013,1774107108328,0.005575,15642,0.005574,16969,0.005573,15543,0.005572,17917,0.005571,15229,0.00557,15012,0.005569,35371,0.005568,31600,0.005567,49566,0.005566,31600,0.005576,3556,0.005577,137824,0.005578,228516,0.005579,198519,0.00558,191770,0.005584,11600,0.005586,600,0.005593,15330,0.005594,11600,0.005595,26980,0.006011,21538,0.006010,3411,0.006009,3123,0.006008,24470,0.006007,21009,0.006006,21872,0.006005,70136,0.006004,22012,0.006003,20938,0.006002,32909,0.006012,17661,0.006013,4712,0.006014,17594,0.006015,24009,0.006016,44011,0.006017,11052,0.006018,48098,0.006019,55981,0.006020,24290,0.006021,46594
gate,bybit,VANRYUSDT,0.005576,0.006011,7.8013,1774107108636,0.005575,15642,0.005574,16969,0.005573,15543,0.005572,17917,0.005571,15229,0.00557,15012,0.005569,35371,0.005568,31600,0.005567,49566,0.005566,31600,0.005576,3556,0.005577,137824,0.005578,228516,0.005579,198519,0.00558,191770,0.005584,11600,0.005586,600,0.005593,15330,0.005594,11600,0.005595,26980,0.006011,21538,0.006010,3411,0.006009,3123,0.006008,24470,0.006007,21009,0.006006,21872,0.006005,70136,0.006004,22012,0.006003,20938,0.006002,32909,0.006012,17661,0.006013,4712,0.006014,17594,0.006015,24009,0.006016,44011,0.006017,11052,0.006018,48098,0.006019,55981,0.006020,24290,0.006021,46594
gate,bybit,VANRYUSDT,0.005576,0.006011,7.8013,1774107108936,0.005575,15642,0.005574,16969,0.005573,15543,0.005572,17917,0.005571,15229,0.00557,15012,0.005569,35371,0.005568,31600,0.005567,49566,0.005566,31600,0.005576,3556,0.005577,137824,0.005578,228516,0.005579,198519,0.00558,191770,0.005584,11600,0.005586,600,0.005593,15330,0.005594,11600,0.005595,26980,0.006011,21538,0.006010,3411,0.006009,3123,0.006008,24470,0.006007,21009,0.006006,21872,0.006005,70136,0.006004,22012,0.006003,20938,0.006002,32909,0.006012,17661,0.006013,4712,0.006014,17594,0.006015,24009,0.006016,44011,0.006017,11052,0.006018,48098,0.006019,55981,0.006020,24290,0.006021,46594
gate,bybit,VANRYUSDT,0.005576,0.006011,7.8013,1774107109243,0.005575,15642,0.005574,16969,0.005573,15543,0.005572,17917,0.005571,15229,0.00557,15012,0.005569,35371,0.005568,31600,0.005567,49566,0.005566,31600,0.005576,3556,0.005577,137824,0.005578,228516,0.005579,198519,0.00558,191770,0.005584,11600,0.005586,600,0.005593,15330,0.005594,11600,0.005595,26980,0.006011,21538,0.006010,3411,0.006009,3123,0.006008,24470,0.006007,21009,0.006006,21872,0.006005,70136,0.006004,22012,0.006003,20938,0.006002,32909,0.006012,17661,0.006013,4712,0.006014,17594,0.006015,24009,0.006016,44011,0.006017,11052,0.006018,48098,0.006019,55981,0.006020,24290,0.006021,46594
gate,bybit,VANRYUSDT,0.005576,0.006011,7.8013,1774107109543,0.005575,15642,0.005574,16969,0.005573,15543,0.005572,17917,0.005571,15229,0.00557,15012,0.005569,35371,0.005568,31600,0.005567,49566,0.005566,31600,0.005576,3556,0.005577,137824,0.005578,228516,0.005579,198519,0.00558,191770,0.005584,11600,0.005586,600,0.005593,15330,0.005594,11600,0.005595,26980,0.006011,21538,0.006010,3411,0.006009,3123,0.006008,24470,0.006007,21009,0.006006,21872,0.006005,70136,0.006004,22012,0.006003,20938,0.006002,32909,0.006012,17661,0.006013,4712,0.006014,17594,0.006015,24009,0.006016,44011,0.006017,11052,0.006018,48098,0.006019,55981,0.006020,24290,0.006021,46594
gate,bybit,VANRYUSDT,0.005576,0.006011,7.8013,1774107109844,0.005575,15642,0.005574,16969,0.005573,15543,0.005572,17917,0.005571,15229,0.00557,15012,0.005569,35371,0.005568,31600,0.005567,49566,0.005566,31600,0.005576,3556,0.005577,137824,0.005578,228516,0.005579,198519,0.00558,191770,0.005584,11600,0.005586,600,0.005593,15330,0.005594,11600,0.005595,26980,0.006011,21538,0.006010,3411,0.006009,3123,0.006008,24470,0.006007,21009,0.006006,21872,0.006005,70136,0.006004,22012,0.006003,20938,0.006002,32909,0.006012,17661,0.006013,4712,0.006014,17594,0.006015,24009,0.006016,44011,0.006017,11052,0.006018,48098,0.006019,55981,0.006020,24290,0.006021,46594
gate,bybit,VANRYUSDT,0.005576,0.006011,7.8013,1774107110144,0.005575,15642,0.005574,16969,0.005573,15543,0.005572,17917,0.005571,15229,0.00557,15012,0.005569,35371,0.005568,31600,0.005567,49566,0.005566,31600,0.005576,3556,0.005577,137824,0.005578,228516,0.005579,198519,0.00558,191770,0.005584,11600,0.005586,600,0.005593,15330,0.005594,11600,0.005595,26980,0.006011,21538,0.006010,3411,0.006009,3123,0.006008,24470,0.006007,21009,0.006006,21872,0.006005,70136,0.006004,22012,0.006003,20938,0.006002,32909,0.006012,17661,0.006013,4712,0.006014,17594,0.006015,24009,0.006016,44011,0.006017,11052,0.006018,48098,0.006019,55981,0.006020,24290,0.006021,46594
gate,bybit,VANRYUSDT,0.005576,0.006011,7.8013,1774107110444,0.005575,15642,0.005574,16969,0.005573,15543,0.005572,17917,0.005571,15229,0.00557,15012,0.005569,35371,0.005568,31600,0.005567,49566,0.005566,31600,0.005576,3556,0.005577,137824,0.005578,228516,0.005579,198519,0.00558,191770,0.005584,11600,0.005586,600,0.005593,15330,0.005594,11600,0.005595,26980,0.006011,21538,0.006010,3411,0.006009,3123,0.006008,24470,0.006007,21009,0.006006,21872,0.006005,70136,0.006004,22012,0.006003,20938,0.006002,32909,0.006012,17661,0.006013,4712,0.006014,17594,0.006015,24009,0.006016,44011,0.006017,11052,0.006018,48098,0.006019,55981,0.006020,24290,0.006021,46594
gate,bybit,VANRYUSDT,0.005576,0.006011,7.8013,1774107110744,0.005575,15642,0.005574,16969,0.005573,15543,0.005572,17917,0.005571,15229,0.00557,15012,0.005569,35371,0.005568,31600,0.005567,49566,0.005566,31600,0.005576,3556,0.005577,137824,0.005578,228516,0.005579,198519,0.00558,191770,0.005584,11600,0.005586,600,0.005593,15330,0.005594,11600,0.005595,26980,0.006011,21538,0.006010,3411,0.006009,3123,0.006008,24470,0.006007,21009,0.006006,21872,0.006005,70136,0.006004,22012,0.006003,20938,0.006002,32909,0.006012,17661,0.006013,4712,0.006014,17594,0.006015,24009,0.006016,44011,0.006017,11052,0.006018,48098,0.006019,55981,0.006020,24290,0.006021,46594
gate,bybit,VANRYUSDT,0.005576,0.006011,7.8013,1774107111045,0.005575,15642,0.005574,16969,0.005573,15543,0.005572,17917,0.005571,15229,0.00557,15012,0.005569,35371,0.005568,31600,0.005567,49566,0.005566,31600,0.005576,3556,0.005577,137824,0.005578,228516,0.005579,198519,0.00558,191770,0.005584,11600,0.005586,600,0.005593,15330,0.005594,11600,0.005595,26980,0.006011,21538,0.006010,3411,0.006009,3123,0.006008,24470,0.006007,21009,0.006006,21872,0.006005,70136,0.006004,22012,0.006003,20938,0.006002,32909,0.006012,17661,0.006013,4712,0.006014,17594,0.006015,24009,0.006016,44011,0.006017,11052,0.006018,48098,0.006019,55981,0.006020,24290,0.006021,46594
gate,bybit,VANRYUSDT,0.005576,0.006011,7.8013,1774107111345,0.005575,15642,0.005574,16969,0.005573,15543,0.005572,17917,0.005571,15229,0.00557,15012,0.005569,35371,0.005568,31600,0.005567,49566,0.005566,31600,0.005576,3556,0.005577,137824,0.005578,228516,0.005579,198519,0.00558,191770,0.005584,11600,0.005586,600,0.005593,15330,0.005594,11600,0.005595,26980,0.006011,27279,0.006010,3411,0.006009,3123,0.006008,24470,0.006007,21009,0.006006,21872,0.006005,70136,0.006004,22012,0.006003,20938,0.006002,32909,0.006012,17661,0.006013,4712,0.006014,17594,0.006015,24009,0.006016,44011,0.006017,11052,0.006018,48098,0.006019,55981,0.006020,24290,0.006021,46594
gate,bybit,VANRYUSDT,0.005576,0.006011,7.8013,1774107111645,0.005575,15642,0.005574,16969,0.005573,15543,0.005572,17917,0.005571,15229,0.00557,15012,0.005569,35371,0.005568,31600,0.005567,49566,0.005566,31600,0.005576,3556,0.005577,137824,0.005578,228516,0.005579,198519,0.00558,191770,0.005584,11600,0.005586,600,0.005593,15330,0.005594,11600,0.005595,26980,0.006011,27279,0.006010,3411,0.006009,3123,0.006008,24470,0.006007,21009,0.006006,21872,0.006005,70136,0.006004,22012,0.006003,20938,0.006002,32909,0.006012,17661,0.006013,4712,0.006014,17594,0.006015,24009,0.006016,44011,0.006017,11052,0.006018,48098,0.006019,55981,0.006020,24290,0.006021,46594
gate,bybit,VANRYUSDT,0.005576,0.006011,7.8013,1774107111951,0.005575,15642,0.005574,16969,0.005573,15543,0.005572,17917,0.005571,15229,0.00557,15012,0.005569,35371,0.005568,31600,0.005567,49566,0.005566,31600,0.005576,3556,0.005577,137824,0.005578,228516,0.005579,198519,0.00558,191770,0.005584,11600,0.005586,600,0.005593,15330,0.005594,11600,0.005595,26980,0.006011,27279,0.006010,3411,0.006009,1665,0.006008,24470,0.006007,21009,0.006006,21872,0.006005,70136,0.006004,22012,0.006003,20938,0.006002,32909,0.006012,17661,0.006013,4712,0.006014,17594,0.006015,24009,0.006016,44011,0.006017,11052,0.006018,48098,0.006019,55981,0.006020,24290,0.006021,46594
gate,bybit,VANRYUSDT,0.005576,0.006011,7.8013,1774107112254,0.005575,15642,0.005574,16969,0.005573,15543,0.005572,17917,0.005571,15229,0.00557,15012,0.005569,35371,0.005568,31600,0.005567,49566,0.005566,31600,0.005576,3556,0.005577,137824,0.005578,228516,0.005579,198519,0.00558,191770,0.005584,11600,0.005586,600,0.005593,15330,0.005594,11600,0.005595,26980,0.006011,27279,0.006010,3411,0.006009,1665,0.006008,24470,0.006007,21009,0.006006,21872,0.006005,70136,0.006004,22012,0.006003,20938,0.006002,32909,0.006012,17661,0.006013,4712,0.006014,17594,0.006015,24009,0.006016,44011,0.006017,11052,0.006018,48098,0.006019,55981,0.006020,24290,0.006021,46594
