spot_exch,fut_exch,symbol,ask_spot,bid_futures,spread_pct,ts,s_b1,s_b2,s_b3,s_b4,s_b5,s_b6,s_b7,s_b8,s_b9,s_b10,s_bq1,s_bq2,s_bq3,s_bq4,s_bq5,s_bq6,s_bq7,s_bq8,s_bq9,s_bq10,s_a1,s_a2,s_a3,s_a4,s_a5,s_a6,s_a7,s_a8,s_a9,s_a10,s_aq1,s_aq2,s_aq3,s_aq4,s_aq5,s_aq6,s_aq7,s_aq8,s_aq9,s_aq10,f_b1,f_b2,f_b3,f_b4,f_b5,f_b6,f_b7,f_b8,f_b9,f_b10,f_bq1,f_bq2,f_bq3,f_bq4,f_bq5,f_bq6,f_bq7,f_bq8,f_bq9,f_bq10,f_a1,f_a2,f_a3,f_a4,f_a5,f_a6,f_a7,f_a8,f_a9,f_a10,f_aq1,f_aq2,f_aq3,f_aq4,f_aq5,f_aq6,f_aq7,f_aq8,f_aq9,f_aq10
gate,bybit,RDNTUSDT,0.006134,0.006131,-0.0489,1774107039000,,,,,,,,,,,,,,,,,,,,,,,,,,,,,,,,,,,,,,,,,0.006136,6699,0.006133,4302,0.006131,48933,0.006130,131421,0.006129,113,0.006128,5142,0.006124,38767,0.006123,17509,0.006122,14284,0.006121,27036,0.006138,10499,0.006141,32568,0.006142,42781,0.006143,51427,0.006144,10000,0.006145,10000,0.006146,33545,0.006147,5035,0.006148,140499,0.006149,16263
gate,bybit,RDNTUSDT,0.00614,0.006138,-0.0326,1774107040000,,,,,,,,,,,,,,,,,,,,,,,,,,,,,,,,,,,,,,,,,0.006138,88258,0.006134,3910,0.006133,52168,0.006132,170132,0.006130,53033,0.006129,113,0.006127,4588,0.006126,37532,0.006125,9733,0.006124,12,0.006144,10000,0.006145,10000,0.006146,18641,0.006147,54859,0.006148,139187,0.006149,9785,0.006150,38925,0.006151,158241,0.006152,2442,0.006153,88198
gate,bybit,RDNTUSDT,0.00614,0.006132,-0.1303,1774107041000,,,,,,,,,,,,,,,,,,,,,,,,,,,,,,,,,,,,,,,,,0.006132,64190,0.006130,53033,0.006129,113,0.006128,1447,0.006124,45185,0.006121,39497,0.006120,41780,0.006119,8010,0.006118,32690,0.006117,49472,0.006133,19974,0.006137,3817,0.006138,10000,0.006140,3717,0.006141,59751,0.006142,9480,0.006143,77391,0.006144,16056,0.006145,28859,0.006146,37534
gate,bybit,RDNTUSDT,0.00614,0.00613,-0.1629,1774107042000,,,,,,,,,,,,,,,,,,,,,,,,,,,,,,,,,,,,,,,,,0.006127,2295,0.006124,12,0.006119,84,0.006118,36259,0.006117,2377,0.006116,84063,0.006115,44137,0.006114,26274,0.006113,42838,0.006112,44092,0.006133,56374,0.006135,32600,0.006136,7727,0.006137,40833,0.006141,21604,0.006142,62513,0.006143,21948,0.006144,15296,0.006145,65773,0.006146,43663
gate,bybit,RDNTUSDT,0.00614,0.006114,-0.4235,1774107043000,,,,,,,,,,,,,,,,,,,,,,,,,,,,,,,,,,,,,,,,,0.006119,500000,0.006118,27025,0.006114,52389,0.006113,16861,0.006112,32722,0.006111,38834,0.006110,4562,0.006109,2513,0.006108,2194,0.006107,85345,0.006125,2867,0.006126,14308,0.006127,21552,0.006128,3924,0.006129,1496,0.006130,12573,0.006131,7074,0.006132,12539,0.006133,139607,0.006134,2442
gate,bybit,RDNTUSDT,0.00614,0.006123,-0.2769,1774107044000,,,,,,,,,,,,,,,,,,,,,,,,,,,,,,,,,,,,,,,,,0.006123,6380,0.006122,8366,0.006121,9469,0.006120,25049,0.006119,496060,0.006118,2447,0.006115,46699,0.006113,4814,0.006112,40630,0.006111,13815,0.006129,29580,0.006131,10000,0.006132,11876,0.006133,135697,0.006136,28664,0.006137,35999,0.006140,2442,0.006142,113,0.006143,30955,0.006144,32351
gate,bybit,RDNTUSDT,0.006138,0.006095,-0.7006,1774107045000,,,,,,,,,,,,,,,,,,,,,,,,,,,,,,,,,,,,,,,,,0.006096,16404,0.006095,27405,0.006094,237402,0.006092,30826,0.006091,1843,0.006090,1386,0.006089,111433,0.006088,3100,0.006087,10097,0.006086,130837,0.006102,4357,0.006110,22120,0.006111,3259,0.006113,3982,0.006114,27169,0.006115,113,0.006116,1695,0.006117,32838,0.006118,10000,0.006119,6381
gate,bybit,RDNTUSDT,0.006135,0.006092,-0.7009,1774107046000,0.006084,543,0.006081,9963,0.006074,109030,0.00607,34421,0.006069,7476,0.006068,109057,0.006063,109057,0.006059,91591,0.006053,109075,0.006048,215847,0.006139,2657,0.00614,58213,0.006178,30379,0.006179,17458,0.00618,4741,0.006187,22577,0.006199,20578,0.006211,23647,0.006214,532,0.006223,20702,0.006092,480486,0.006091,1843,0.006090,1386,0.006089,1913,0.006088,14017,0.006087,10097,0.006086,107467,0.006083,27440,0.006082,10518,0.006081,54012,0.006097,102457,0.006101,3259,0.006106,41770,0.006108,4131,0.006109,30663,0.006110,27442,0.006114,6381,0.006115,30667,0.006117,11147,0.006118,39889
gate,bybit,RDNTUSDT,0.006098,0.006083,-0.246,1774107047000,0.006084,543,0.006071,9963,0.00607,4042,0.006053,109075,0.006048,215847,0.006043,200644,0.006042,91587,0.006033,109030,0.006032,548,0.006027,217568,0.006139,2657,0.00614,58213,0.006162,7521,0.006163,20949,0.006174,9937,0.006175,24127,0.006177,4736,0.006186,7476,0.006187,22577,0.006199,20578,0.006075,199,0.006074,35570,0.006073,28018,0.006072,42698,0.006071,49267,0.006070,116474,0.006068,14608,0.006067,19228,0.006066,60372,0.006065,60776,0.006085,27524,0.006089,99601,0.006090,56784,0.006091,10000,0.006092,11864,0.006093,35731,0.006095,3982,0.006096,56965,0.006097,119469,0.006100,5118
gate,bybit,RDNTUSDT,0.006097,0.006077,-0.328,1774107048000,0.006032,109837,0.006028,9598,0.006027,206776,0.006023,11256,0.006021,109289,0.006016,109856,0.006015,216158,0.006012,91703,0.006007,91698,0.006004,10803,0.006098,90625,0.006099,91663,0.006109,7343,0.006141,9767,0.006142,12045,0.006147,2657,0.006151,22067,0.006163,20675,0.006175,24127,0.006187,22577,0.006077,51339,0.006076,211192,0.006075,3829,0.006072,26192,0.006071,31661,0.006070,1844,0.006068,28796,0.006066,1179,0.006065,34349,0.006064,4357,0.006083,8030,0.006084,3253,0.006085,3259,0.006086,5060,0.006087,10113,0.006088,7915,0.006089,33274,0.006090,1969,0.006091,2269,0.006092,56786
gate,bybit,RDNTUSDT,0.006127,0.006095,-0.5223,1774107049000,0.006051,119633,0.006045,11327,0.006044,399898,0.00604,109929,0.006032,548,0.006027,206776,0.006004,18959,0.005988,4481,0.005982,14716,0.00598,552,0.006126,5051,0.006127,4997,0.006129,91788,0.006133,91752,0.006198,21902,0.006199,24284,0.006211,23647,0.006214,532,0.006223,20702,0.006235,22087,0.006095,2743,0.006094,26067,0.006093,11151,0.006092,37119,0.006091,10516,0.006090,52864,0.006089,44530,0.006088,31839,0.006087,35332,0.006086,45850,0.006107,9825,0.006108,2447,0.006109,16369,0.006110,34905,0.006112,6930,0.006113,27638,0.006115,4540,0.006116,30206,0.006117,12339,0.006118,3610
gate,bybit,RDNTUSDT,0.006107,0.006093,-0.2292,1774107050000,0.006066,109487,0.006061,109487,0.006056,109487,0.006045,109487,0.006035,11347,0.006034,5952,0.006032,548,0.006028,91825,0.006027,214026,0.006014,13291,0.006107,94477,0.006108,91825,0.006127,5066,0.006172,9846,0.006173,12094,0.006175,24401,0.006187,21779,0.006199,24284,0.006211,23647,0.006214,532,0.006093,18203,0.006091,13632,0.006090,29218,0.006089,16991,0.006088,122122,0.006087,46724,0.006086,61336,0.006085,94336,0.006084,48236,0.006083,62138,0.006103,13672,0.006104,1967,0.006105,16380,0.006106,27642,0.006107,27468,0.006109,1974,0.006110,32204,0.006111,16364,0.006112,3948,0.006113,32719
gate,bybit,RDNTUSDT,0.006107,0.00611,0.0491,1774107051000,0.006067,43631,0.006066,109487,0.006061,109487,0.006051,119309,0.006047,91886,0.006043,11376,0.006042,91880,0.006041,216588,0.006034,5952,0.006032,548,0.006107,91820,0.006108,91825,0.006126,2657,0.006127,5072,0.006165,12209,0.006166,7430,0.006167,4702,0.006187,21779,0.006199,24284,0.006211,23647,0.006097,378,0.006096,200,0.006095,65015,0.006094,1560,0.006093,2577,0.006092,3619,0.006091,51154,0.006089,50437,0.006088,51155,0.006087,56304,0.006100,2289,0.006101,18401,0.006102,14736,0.006103,10000,0.006104,29781,0.006106,3948,0.006107,35904,0.006108,37814,0.006109,1974,0.006112,4760
gate,bybit,RDNTUSDT,0.006108,0.006115,0.1146,1774107052000,0.006085,109415,0.006079,109415,0.006073,109532,0.006066,109487,0.00605,9836,0.006049,3987,0.006048,7437,0.006047,91886,0.006042,91880,0.006041,216588,0.006108,20079,0.006115,201412,0.006157,22435,0.00616,4708,0.006163,2657,0.006199,24898,0.006211,23647,0.006214,532,0.006223,20702,0.006235,22087,0.006114,2260,0.006111,18675,0.006110,40265,0.006109,29653,0.006108,14085,0.006107,127929,0.006106,83123,0.006105,17907,0.006104,136293,0.006103,40965,0.006119,1142,0.006122,3335,0.006123,4088,0.006125,32654,0.006126,53682,0.006127,46257,0.006129,12657,0.006130,27508,0.006132,52904,0.006133,301055
gate,bybit,RDNTUSDT,0.006108,0.006119,0.1801,1774107053000,0.006085,109415,0.00608,30379,0.006079,109415,0.006073,109532,0.006066,109487,0.006056,3989,0.006055,9861,0.006047,91886,0.006042,91880,0.006041,216588,0.006108,8716,0.006115,201412,0.00615,2657,0.006151,14995,0.006152,7076,0.00621,7444,0.006211,23647,0.006214,532,0.006223,20702,0.006235,22087,0.006119,39246,0.006118,81874,0.006115,868,0.006113,2443,0.006111,39654,0.006110,6124,0.006109,32835,0.006108,16711,0.006107,44573,0.006106,88153,0.006120,35030,0.006122,6434,0.006128,44328,0.006129,28120,0.006131,42622,0.006132,89756,0.006133,138115,0.006134,3475,0.006135,173313,0.006136,52941
gate,bybit,RDNTUSDT,0.006108,0.006111,0.0491,1774107054000,0.006078,109352,0.006073,109532,0.006066,109487,0.006057,9832,0.006056,109352,0.00605,7437,0.006049,3987,0.006047,91886,0.006042,91880,0.006041,216588,0.006108,452,0.006115,201412,0.006146,17334,0.00615,2657,0.006197,4708,0.006199,24284,0.006211,23647,0.006214,532,0.006223,20702,0.006235,22087,0.006111,2443,0.006109,2311,0.006108,18988,0.006107,35289,0.006106,61199,0.006105,4138,0.006104,133469,0.006103,6443,0.006102,109448,0.006101,56594,0.006117,10000,0.006118,16345,0.006119,16514,0.006120,63321,0.006121,8206,0.006122,34725,0.006124,3,0.006125,28291,0.006126,3924,0.006127,10000
gate,bybit,RDNTUSDT,0.0061,0.006099,-0.0164,1774107055000,0.006073,109532,0.006072,10212,0.006066,109487,0.006057,9777,0.006056,109352,0.006047,91886,0.006043,3953,0.006042,91880,0.006041,216588,0.006032,548,0.0061,48468,0.006115,91880,0.006141,5072,0.006142,2352,0.006145,9857,0.006148,4691,0.00615,2657,0.006162,536,0.00621,7423,0.006211,23647,0.006099,7425,0.006098,10000,0.006097,1343,0.006096,57958,0.006095,74981,0.006094,33272,0.006093,68648,0.006092,57390,0.006091,189215,0.006090,103469,0.006106,42259,0.006107,10000,0.006108,6140,0.006109,40326,0.006110,31526,0.006112,9587,0.006115,32500,0.006116,10000,0.006117,3928,0.006118,40249
gate,bybit,RDNTUSDT,0.0061,0.006103,0.0492,1774107056000,0.006073,109532,0.006072,10212,0.006066,109487,0.006058,13760,0.006057,7428,0.006056,109352,0.006047,91886,0.006042,91880,0.006041,216588,0.006032,548,0.0061,46402,0.006115,91880,0.006139,5078,0.00614,2657,0.00616,9867,0.006161,2356,0.006162,536,0.006199,21828,0.006207,12123,0.006211,23647,0.006103,352780,0.006102,50322,0.006101,1966,0.006099,2435,0.006098,49582,0.006097,4222,0.006095,14691,0.006094,16886,0.006093,65788,0.006092,89883,0.006106,6334,0.006107,12311,0.006109,12936,0.006110,2443,0.006111,3619,0.006114,55385,0.006115,39832,0.006116,21529,0.006117,3928,0.006118,40249
gate,bybit,RDNTUSDT,0.006111,0.006103,-0.1309,1774107057000,0.006078,109532,0.006073,109532,0.006072,10212,0.006066,109487,0.006059,9844,0.006058,11421,0.006056,109352,0.006048,91929,0.006041,216588,0.006032,548,0.006111,55997,0.006115,91880,0.006152,2364,0.006153,14983,0.006156,4691,0.006157,2657,0.006162,536,0.006198,7428,0.006199,21828,0.006211,23647,0.006102,22993,0.006099,10000,0.006098,17134,0.006097,1252,0.006096,55453,0.006095,54205,0.006094,64968,0.006093,147753,0.006092,36879,0.006091,88020,0.006110,12646,0.006112,12107,0.006113,48723,0.006114,13424,0.006115,113,0.006116,36368,0.006118,3304,0.006119,38663,0.006120,4809,0.006122,47001
gate,bybit,RDNTUSDT,0.006111,0.006098,-0.2127,1774107058000,0.006078,109532,0.006073,109532,0.006072,10212,0.006066,109487,0.006059,9844,0.006058,7440,0.006057,3981,0.006056,109352,0.006048,183852,0.006041,216588,0.006111,55997,0.006115,91880,0.00615,5092,0.006154,2364,0.006155,9891,0.006156,4691,0.006157,2657,0.006162,536,0.006198,7440,0.006211,23647,0.006102,583,0.006101,3932,0.006100,1127,0.006099,10000,0.006098,13076,0.006097,29413,0.006096,2879,0.006095,18209,0.006094,75608,0.006093,88613,0.006105,15051,0.006106,11783,0.006111,476,0.006112,32722,0.006113,26359,0.006114,43158,0.006115,9953,0.006116,36846,0.006117,1636,0.006118,3304
gate,bybit,RDNTUSDT,0.006113,0.00611,-0.0491,1774107059000,0.006085,109388,0.006078,109388,0.006073,109532,0.006066,109487,0.006056,109352,0.006048,91929,0.006042,11361,0.006041,216588,0.006032,548,0.006027,206776,0.006113,55997,0.006144,2657,0.006162,536,0.006196,7472,0.006197,7430,0.006198,4687,0.006199,21715,0.006211,23647,0.006214,532,0.006223,20702,0.006110,3688,0.006109,4326,0.006107,2367,0.006105,35806,0.006104,34499,0.006102,88540,0.006101,45006,0.006100,21450,0.006099,43999,0.006098,31582,0.006115,10113,0.006117,16348,0.006118,31781,0.006119,34105,0.006120,32058,0.006122,26701,0.006123,57071,0.006124,31585,0.006125,58556,0.006126,3304
gate,bybit,RDNTUSDT,0.006113,0.006109,-0.0654,1774107060000,0.00608,109307,0.006079,9874,0.006075,3994,0.006073,116979,0.006066,109487,0.006056,109307,0.006048,91929,0.006041,216588,0.006032,548,0.006027,206776,0.006113,55997,0.006144,2657,0.006158,7469,0.006162,536,0.00619,9905,0.006192,12158,0.006199,21715,0.006211,23647,0.006214,532,0.006223,20702,0.006106,967,0.006104,2812,0.006103,10000,0.006102,16388,0.006100,10000,0.006099,28608,0.006098,52003,0.006097,40360,0.006096,7239,0.006095,32350,0.006110,5210,0.006111,10476,0.006112,1,0.006114,62430,0.006115,43636,0.006118,32654,0.006119,2164,0.006120,476,0.006122,16434,0.006123,52941
gate,bybit,RDNTUSDT,0.006133,0.006121,-0.1957,1774107061000,0.0061,10009,0.006099,33546,0.006095,109352,0.00609,109352,0.006086,30379,0.006085,109352,0.006082,4023,0.00608,109307,0.006068,216693,0.006066,91930,0.006133,55997,0.006162,536,0.006183,7533,0.006209,14692,0.00621,7472,0.006211,23647,0.006214,532,0.006223,20702,0.006235,22087,0.006247,20600,0.006111,37032,0.006110,36211,0.006109,1791,0.006107,4482,0.006106,71697,0.006105,74062,0.006103,5209,0.006102,33126,0.006101,84666,0.006100,48691,0.006118,15930,0.006119,16343,0.006120,88218,0.006122,18024,0.006124,3,0.006126,46349,0.006127,43983,0.006128,7896,0.006129,7825,0.006130,11282
gate,bybit,RDNTUSDT,0.006162,0.006156,-0.0974,1774107062000,0.006121,108950,0.006114,14263,0.006109,108950,0.006104,109352,0.006101,91927,0.006099,33546,0.006096,216687,0.00608,13391,0.00607,14507,0.006068,19347,0.006162,536,0.006213,2496,0.006214,532,0.006243,5165,0.006247,20758,0.006255,12338,0.006256,2427,0.006257,30467,0.006259,24192,0.006271,21083,0.006131,16311,0.006130,3961,0.006129,10722,0.006128,35684,0.006127,59584,0.006126,37376,0.006125,6539,0.006123,41047,0.006121,21829,0.006120,25620,0.006134,1843,0.006135,3613,0.006138,6253,0.006139,33555,0.006140,14659,0.006141,49161,0.006142,26074,0.006143,40557,0.006144,7487,0.006145,15632
gate,bybit,RDNTUSDT,0.006162,0.006139,-0.3733,1774107063000,0.006135,4173,0.006134,10115,0.006133,7551,0.006114,108462,0.006109,108950,0.006104,109352,0.006101,91927,0.006099,33546,0.006096,216687,0.006094,108462,0.006162,536,0.006212,30379,0.006213,2496,0.006214,532,0.006241,15102,0.006242,2441,0.006243,4800,0.006247,21435,0.006258,7551,0.006259,24867,0.006160,3073,0.006157,2157,0.006156,20148,0.006155,19293,0.006154,4549,0.006153,8369,0.006151,20464,0.006150,47649,0.006149,52149,0.006148,12720,0.006163,16226,0.006164,44777,0.006166,16218,0.006167,48632,0.006168,6939,0.006169,38075,0.006170,7039,0.006172,1851,0.006173,38632,0.006174,45771
gate,bybit,RDNTUSDT,0.006162,0.00615,-0.1947,1774107064000,0.006119,108418,0.006109,108950,0.006105,6083,0.006104,109352,0.006099,33546,0.006094,108418,0.006079,95784,0.006078,216568,0.006068,19347,0.006063,8086,0.006162,536,0.006208,2596,0.006214,532,0.006222,5165,0.006223,23692,0.006233,2430,0.006234,14820,0.006235,22493,0.006246,7542,0.006247,21435,0.006150,20039,0.006149,41855,0.006147,1205,0.006146,32542,0.006145,27903,0.006144,33281,0.006143,9836,0.006142,86242,0.006141,32378,0.006140,57815,0.006155,14403,0.006156,476,0.006159,17517,0.006160,27520,0.006162,27520,0.006163,16226,0.006164,30542,0.006165,28027,0.006166,20283,0.006167,51007
gate,bybit,RDNTUSDT,0.006162,0.006151,-0.1785,1774107065000,0.006119,108418,0.00611,30379,0.006109,108950,0.006104,109352,0.006103,216425,0.006099,33546,0.006098,6077,0.006097,91845,0.006079,3907,0.006068,19347,0.006162,536,0.006207,30379,0.006208,2596,0.006214,532,0.00622,9956,0.006221,2430,0.006233,10094,0.006234,7540,0.006235,20821,0.006247,21435,0.006151,4561,0.006149,19126,0.006148,4316,0.006147,32511,0.006146,6720,0.006145,99461,0.006144,111621,0.006143,122649,0.006142,63497,0.006141,8590,0.006157,16242,0.006158,60944,0.006159,10000,0.006160,4731,0.006161,28466,0.006162,44907,0.006163,510750,0.006164,28466,0.006165,476,0.006167,34194
gate,bybit,RDNTUSDT,0.006162,0.006147,-0.2434,1774107066000,0.006117,108568,0.006112,108568,0.006104,109352,0.0061,6066,0.006099,33546,0.006094,108568,0.006087,91789,0.006079,3907,0.006077,216360,0.006068,19347,0.006162,536,0.006212,30379,0.006213,2596,0.006214,532,0.006229,15250,0.00623,4788,0.006235,20821,0.006244,7536,0.006247,21435,0.006259,24867,0.006147,43740,0.006144,29846,0.006143,33197,0.006142,54915,0.006141,51680,0.006140,35736,0.006139,103320,0.006138,77238,0.006137,162314,0.006136,101432,0.006153,14272,0.006154,14680,0.006155,3637,0.006156,4831,0.006157,5789,0.006158,32478,0.006159,54588,0.006160,39160,0.006161,42745,0.006162,76804
gate,bybit,RDNTUSDT,0.006162,0.006147,-0.2434,1774107067000,0.006112,108568,0.006108,30379,0.006105,216207,0.006104,109352,0.0061,6036,0.006099,33546,0.006094,108568,0.006091,91724,0.006079,3907,0.006068,19347,0.006162,536,0.006211,5165,0.006212,30379,0.006213,2596,0.006214,532,0.006223,24145,0.006225,14852,0.006235,20821,0.00624,529,0.006246,7536,0.006147,7901,0.006144,33316,0.006143,933,0.006142,16394,0.006141,71626,0.006140,48490,0.006139,66995,0.006138,70819,0.006137,129850,0.006136,65093,0.006150,10000,0.006151,2964,0.006152,4272,0.006153,3541,0.006154,34133,0.006155,36849,0.006156,56712,0.006157,45528,0.006159,47683,0.006160,58702
gate,bybit,RDNTUSDT,0.006162,0.006144,-0.2921,1774107068000,0.006099,33546,0.006091,6019,0.006089,108630,0.006084,108630,0.006074,108630,0.006068,13223,0.006065,91645,0.006063,8086,0.006058,545,0.006057,216022,0.006162,3132,0.006211,22762,0.006212,35544,0.006214,532,0.006217,10051,0.006219,4776,0.006223,24711,0.006235,20821,0.00624,529,0.006246,7521,0.006144,103,0.006142,16281,0.006141,8590,0.006140,7848,0.006138,3544,0.006137,39875,0.006136,32594,0.006135,42598,0.006134,9878,0.006133,55341,0.006147,33066,0.006148,5102,0.006149,2260,0.006150,51571,0.006151,37718,0.006152,63477,0.006153,43315,0.006154,37688,0.006155,246291,0.006156,35110
gate,bybit,RDNTUSDT,0.006162,0.00614,-0.357,1774107069000,0.006102,108745,0.006099,33546,0.00609,216022,0.006089,108630,0.006088,97623,0.006084,108630,0.006074,108630,0.006058,545,0.006056,13530,0.006051,10834,0.006162,3132,0.006205,5165,0.006206,4764,0.006211,22762,0.006214,532,0.006219,10042,0.006223,32228,0.006235,20821,0.00624,529,0.006247,21435,0.006141,16284,0.006140,28925,0.006138,34875,0.006137,27258,0.006135,815,0.006134,22797,0.006133,62249,0.006132,15638,0.006131,90910,0.006130,102725,0.006145,4295,0.006146,19386,0.006147,3098,0.006149,73648,0.006150,31542,0.006151,12360,0.006152,39133,0.006153,42787,0.006154,79683,0.006155,246291
gate,bybit,RDNTUSDT,0.006162,0.006146,-0.2597,1774107070000,0.006107,108710,0.006103,30379,0.006102,108745,0.006099,33546,0.00609,216022,0.006089,108630,0.006088,91645,0.006084,108630,0.006076,3905,0.006058,545,0.006162,3132,0.006214,532,0.006219,4772,0.00622,7587,0.006223,24711,0.006233,10042,0.006234,7509,0.006235,20821,0.00624,529,0.006247,21435,0.006143,6594,0.006142,16281,0.006141,15869,0.006140,31738,0.006139,821,0.006138,32073,0.006137,31738,0.006136,5242,0.006135,4327,0.006134,48077,0.006145,5559,0.006146,10000,0.006147,16268,0.006148,107593,0.006149,5105,0.006151,34846,0.006153,60593,0.006154,63585,0.006155,249896,0.006156,2189
gate,bybit,RDNTUSDT,0.006161,0.006134,-0.4382,1774107071000,0.006099,33546,0.006094,108630,0.006092,91604,0.006087,215925,0.006084,108630,0.006074,108630,0.006064,108630,0.006058,545,0.006051,10834,0.006048,40114,0.006161,2596,0.006162,536,0.006207,5165,0.006208,2385,0.006209,4693,0.006214,532,0.006222,17503,0.006223,24689,0.006235,20821,0.00624,529,0.006134,1774,0.006133,3077,0.006131,18674,0.006130,42213,0.006128,3589,0.006127,33010,0.006126,16324,0.006125,36127,0.006124,32670,0.006123,50925,0.006137,10000,0.006138,21487,0.006139,34220,0.006140,3943,0.006141,26629,0.006142,2280,0.006143,40426,0.006144,20845,0.006145,44483,0.006146,8985
gate,bybit,RDNTUSDT,0.006161,0.00613,-0.5032,1774107072000,0.0061,108754,0.006099,33546,0.006094,108630,0.006088,5955,0.006087,215925,0.006084,108630,0.006078,91597,0.006074,108630,0.006058,545,0.006051,10834,0.006161,2596,0.006162,536,0.006214,532,0.006216,7581,0.006222,10008,0.006223,24689,0.006234,7501,0.006235,20821,0.00624,529,0.006247,21435,0.006130,1239,0.006129,589,0.006128,16319,0.006126,16801,0.006125,46324,0.006124,12,0.006123,11317,0.006122,33750,0.006121,62725,0.006120,69571,0.006135,34180,0.006137,34180,0.006138,31745,0.006140,4078,0.006142,35746,0.006143,53514,0.006146,6204,0.006147,16744,0.006148,39322,0.006149,43211
gate,bybit,RDNTUSDT,0.006159,0.006129,-0.4871,1774107074000,0.0061,108745,0.006099,33546,0.006094,108630,0.006089,108745,0.006087,215925,0.006085,5949,0.006084,108630,0.006078,91597,0.006074,108630,0.006058,545,0.006159,2596,0.006162,536,0.006207,35544,0.006209,4757,0.006211,20651,0.006214,532,0.006221,9999,0.006223,24689,0.006234,7497,0.006235,20821,0.006129,730,0.006128,898,0.006127,7756,0.006126,8880,0.006124,19362,0.006123,40625,0.006122,27258,0.006121,50552,0.006120,6276,0.006119,68713,0.006134,36199,0.006136,46199,0.006137,75017,0.006138,476,0.006139,3028,0.006140,27271,0.006141,950,0.006142,38558,0.006144,16276,0.006145,35541
gate,bybit,RDNTUSDT,0.006158,0.00614,-0.2923,1774107075000,0.006108,108763,0.0061,108763,0.006099,33546,0.006095,5978,0.006094,108630,0.006089,108745,0.006087,215925,0.006084,108630,0.006078,91597,0.006058,545,0.006158,2596,0.006162,536,0.006208,5165,0.00621,2418,0.006211,25415,0.006214,532,0.006222,9995,0.006223,24689,0.006234,7497,0.006235,20821,0.006137,4362,0.006136,897,0.006132,14630,0.006131,3847,0.006129,476,0.006128,17037,0.006127,1805,0.006126,26336,0.006125,10459,0.006124,47176,0.006141,90443,0.006142,7859,0.006144,38626,0.006145,921,0.006146,37967,0.006147,476,0.006148,54104,0.006149,35675,0.006151,41824,0.006152,21817
gate,bybit,RDNTUSDT,0.006161,0.006136,-0.4058,1774107076000,0.006105,108754,0.0061,108754,0.006099,33546,0.006094,108630,0.006089,114740,0.006087,215925,0.006084,108630,0.006078,91597,0.006058,545,0.006051,10834,0.006161,2596,0.006162,536,0.006209,4760,0.00621,7581,0.006211,20651,0.006214,532,0.006222,10008,0.006223,24689,0.006234,7497,0.006235,20821,0.006136,16297,0.006133,32610,0.006132,48158,0.006131,12795,0.006130,37229,0.006128,34977,0.006127,4230,0.006126,39847,0.006125,16251,0.006124,81951,0.006137,2026,0.006138,10476,0.006140,1904,0.006141,95631,0.006142,45088,0.006144,35360,0.006146,32237,0.006147,3087,0.006148,43884,0.006149,6389
gate,bybit,RDNTUSDT,0.006161,0.006133,-0.4545,1774107077000,0.006105,108701,0.006101,15891,0.0061,108701,0.006099,33546,0.006095,5990,0.006094,108630,0.006089,108745,0.006087,215925,0.006084,108630,0.006078,91597,0.006161,2596,0.006162,536,0.006207,30379,0.006208,5165,0.00621,2420,0.006211,20651,0.006214,532,0.006221,4769,0.006222,10008,0.006223,24689,0.006133,36037,0.006131,9740,0.006129,31825,0.006128,14845,0.006127,32337,0.006126,59156,0.006124,44725,0.006123,10096,0.006122,40754,0.006121,42784,0.006135,923,0.006137,137937,0.006138,476,0.006139,5540,0.006140,38260,0.006141,99421,0.006142,40963,0.006143,29015,0.006144,896,0.006145,42651
gate,bybit,RDNTUSDT,0.006162,0.006134,-0.4544,1774107078000,0.006105,108648,0.0061,108701,0.006099,33546,0.006094,108630,0.006088,5995,0.006087,215925,0.006084,108648,0.006078,91597,0.006061,6760,0.006059,6936,0.006162,3132,0.006206,5165,0.006207,4771,0.006211,21468,0.006214,532,0.006222,10034,0.006223,29801,0.006235,20821,0.00624,529,0.006247,21435,0.006135,7699,0.006134,45543,0.006132,37307,0.006131,35374,0.006130,829,0.006129,42160,0.006128,24490,0.006127,32337,0.006126,9028,0.006125,47502,0.006137,11107,0.006140,16287,0.006141,4808,0.006142,131737,0.006143,8331,0.006144,56202,0.006146,33634,0.006147,476,0.006148,37246,0.006149,55055
gate,bybit,RDNTUSDT,0.006162,0.006135,-0.4382,1774107079000,0.006105,108692,0.0061,108701,0.006099,33546,0.006094,108630,0.006087,215925,0.006084,108648,0.006079,5995,0.006078,91597,0.006061,6760,0.006059,6936,0.006162,3132,0.006207,10034,0.006208,7585,0.006209,4769,0.006211,21468,0.006214,532,0.006223,22288,0.006235,20821,0.00624,529,0.006247,21435,0.006135,97245,0.006132,9858,0.006131,2239,0.006130,54579,0.006129,57805,0.006128,3762,0.006127,32337,0.006126,25352,0.006125,47502,0.006124,55835,0.006137,4362,0.006138,5506,0.006140,19147,0.006141,21092,0.006142,169045,0.006143,58937,0.006144,986019,0.006147,476,0.006148,1959,0.006149,3
gate,bybit,RDNTUSDT,0.006159,0.006122,-0.6007,1774107080000,0.0061,108692,0.006099,33546,0.006094,108630,0.006084,108648,0.006079,5955,0.006078,91597,0.006074,108692,0.006067,215876,0.006058,545,0.006051,10834,0.006159,2596,0.00616,30379,0.006162,536,0.006207,15169,0.006208,4758,0.006211,21468,0.006214,532,0.006223,22288,0.006234,7511,0.006235,20821,0.006122,23688,0.006119,16343,0.006118,33618,0.006117,19086,0.006116,39283,0.006115,55666,0.006114,9328,0.006113,37186,0.006112,5255,0.006111,14243,0.006123,112761,0.006126,88341,0.006127,88368,0.006128,46109,0.006129,139810,0.006130,43045,0.006131,40713,0.006133,4362,0.006134,27787,0.006135,3605
gate,bybit,RDNTUSDT,0.006155,0.006117,-0.6174,1774107081000,0.0061,108692,0.006099,33546,0.006094,108630,0.006084,108648,0.006075,5937,0.006074,108692,0.006067,215876,0.006063,91582,0.006058,545,0.006051,10834,0.006156,30379,0.006157,2596,0.006162,536,0.006206,7578,0.006207,4753,0.006211,21468,0.006214,532,0.006222,17484,0.006223,22288,0.006235,20821,0.006117,67654,0.006115,10317,0.006114,900,0.006113,35865,0.006111,37504,0.006110,12567,0.006109,37229,0.006108,15389,0.006107,65095,0.006106,83422,0.006118,83704,0.006122,47441,0.006123,105671,0.006124,51097,0.006125,37088,0.006126,72387,0.006127,43206,0.006128,12260,0.006129,133888,0.006130,39048
gate,bybit,RDNTUSDT,0.006153,0.006101,-0.8451,1774107082000,0.006099,29395,0.006089,108754,0.006084,108648,0.006074,108692,0.006068,108754,0.006061,91579,0.006058,545,0.006038,215866,0.006032,548,0.006028,5914,0.006153,2596,0.006162,536,0.006209,12336,0.006211,31467,0.006214,532,0.006222,7484,0.006223,22288,0.006235,20821,0.00624,529,0.006247,21435,0.006101,24581,0.006100,10000,0.006098,2994,0.006097,1960,0.006096,10903,0.006095,3641,0.006094,42629,0.006093,39656,0.006091,46714,0.006090,1967,0.006102,327266,0.006103,92142,0.006104,102817,0.006105,2364,0.006106,11514,0.006107,874,0.006108,50808,0.006109,39642,0.006110,26621,0.006111,6398
gate,bybit,RDNTUSDT,0.006149,0.006084,-1.0571,1774107083000,0.006099,25230,0.006079,108834,0.006074,108692,0.006069,5896,0.006068,108754,0.006058,109379,0.006046,91588,0.006038,215866,0.006032,548,0.006027,206776,0.006149,2596,0.00615,30379,0.006162,536,0.006198,15126,0.006199,23374,0.006204,4742,0.006211,21468,0.006214,532,0.006222,7480,0.006223,22288,0.006084,19504,0.006082,15360,0.006081,2063,0.006080,29126,0.006078,25771,0.006077,34757,0.006076,42852,0.006075,40215,0.006074,13443,0.006073,5459,0.006086,36637,0.006088,1969,0.006090,13242,0.006091,37452,0.006092,2382,0.006093,40296,0.006094,5297,0.006095,6356,0.006096,46639,0.006097,67177
gate,bybit,RDNTUSDT,0.006158,0.006071,-1.4128,1774107084000,0.00608,108852,0.006074,108692,0.006068,108754,0.006059,5797,0.006058,109379,0.006048,108852,0.006032,548,0.006029,91594,0.006027,206776,0.006021,215901,0.006159,2596,0.006162,536,0.006192,12277,0.006197,17372,0.006199,23193,0.0062,30467,0.006211,21468,0.006214,532,0.006223,22288,0.006235,20821,0.006073,10000,0.006072,19278,0.006071,7716,0.006068,53402,0.006067,40254,0.006066,29493,0.006065,12382,0.006064,37866,0.006063,30374,0.006061,7676,0.006075,66198,0.006076,12890,0.006077,39513,0.006078,74430,0.006079,266182,0.006080,1971,0.006081,1969,0.006082,3432,0.006083,51684,0.006084,8625
gate,bybit,RDNTUSDT,0.006155,0.00608,-1.2185,1774107085000,0.006079,108950,0.006074,108692,0.006068,108754,0.006059,5797,0.006058,109379,0.006048,91610,0.006032,548,0.006027,206776,0.006021,215901,0.006006,550,0.006155,2596,0.006162,536,0.006183,9872,0.006187,22486,0.006197,9905,0.006198,7454,0.006199,23193,0.006211,21468,0.006214,532,0.006223,22288,0.006076,24383,0.006074,70322,0.006073,37982,0.006072,10000,0.006071,3444,0.006070,44210,0.006068,44550,0.006067,37931,0.006066,1383,0.006065,49813,0.006079,262579,0.006080,1971,0.006081,5965,0.006084,2445,0.006085,44338,0.006086,54397,0.006087,60089,0.006089,167832,0.006090,38753,0.006091,65094
gate,bybit,RDNTUSDT,0.00615,0.006082,-1.1057,1774107086000,0.006086,108932,0.006081,108932,0.006076,108932,0.006068,114574,0.006058,109477,0.006048,91610,0.006032,548,0.006027,206776,0.006021,215901,0.006006,550,0.006151,2596,0.006162,536,0.006192,5150,0.006193,2398,0.006194,4722,0.006209,9905,0.006211,28922,0.006214,532,0.006223,22288,0.006235,20821,0.006082,10000,0.006080,905,0.006079,10540,0.006078,8643,0.006077,2173,0.006075,1624,0.006073,2132,0.006072,72992,0.006071,35118,0.006070,21560,0.006083,37816,0.006084,20879,0.006085,149680,0.006086,105282,0.006087,50889,0.006088,149780,0.006089,40860,0.006090,904,0.006091,37873,0.006092,65583
gate,bybit,RDNTUSDT,0.006145,0.006083,-1.009,1774107087000,0.006086,108932,0.006081,108932,0.006076,108932,0.006068,108754,0.006058,545,0.00605,5797,0.006049,216017,0.006032,548,0.006028,4400,0.006027,206776,0.006144,2596,0.006162,536,0.006194,5145,0.006195,4715,0.006199,22147,0.00621,9888,0.006211,28928,0.006214,532,0.006223,22288,0.006235,20821,0.006083,13349,0.006080,905,0.006078,45773,0.006077,49365,0.006076,46011,0.006075,476,0.006074,37678,0.006073,58014,0.006072,5086,0.006071,9704,0.006085,4362,0.006089,40127,0.006090,56106,0.006091,98487,0.006092,27245,0.006093,148645,0.006094,56680,0.006095,143762,0.006096,32410,0.006097,142122
gate,bybit,RDNTUSDT,0.006161,0.006093,-1.1037,1774107088000,0.006086,108932,0.006081,108932,0.006071,108825,0.006069,5820,0.006068,91688,0.006058,545,0.006049,216017,0.006036,13445,0.006032,548,0.006028,4400,0.006161,2596,0.006162,536,0.006195,14627,0.006196,5150,0.006197,2398,0.00621,7454,0.006211,21468,0.006214,532,0.006223,22288,0.006235,20821,0.006093,14411,0.006092,10000,0.006091,1009,0.006090,115095,0.006089,56595,0.006088,35218,0.006087,117851,0.006086,37681,0.006084,40072,0.006083,15196,0.006098,5274,0.006099,25965,0.006100,51308,0.006101,12874,0.006102,38157,0.006103,74808,0.006104,8332,0.006105,146388,0.006106,169496,0.006107,56373
gate,bybit,RDNTUSDT,0.006138,0.006087,-0.8309,1774107089000,0.006091,108870,0.006086,108932,0.006081,108932,0.006071,108825,0.006059,5756,0.006058,92242,0.006049,216017,0.006037,4769,0.006032,548,0.00603,11544,0.006139,30379,0.006162,536,0.006189,9875,0.00619,5137,0.006191,4712,0.006198,2393,0.006199,21578,0.00621,7443,0.006211,21468,0.006214,532,0.006085,17390,0.006084,2439,0.006082,33789,0.006080,905,0.006077,68757,0.006076,48537,0.006075,33398,0.006074,50554,0.006073,29923,0.006072,64738,0.006086,19008,0.006088,49104,0.006089,16423,0.006090,102346,0.006092,44235,0.006093,42930,0.006094,30203,0.006095,19226,0.006096,46803,0.006097,4484
gate,bybit,RDNTUSDT,0.006134,0.00609,-0.7173,1774107090000,0.006092,26191,0.006091,109030,0.006086,108932,0.006081,108932,0.006071,108825,0.006059,5756,0.006058,92242,0.006049,216017,0.006037,4769,0.006032,548,0.006134,2596,0.006162,536,0.006184,12231,0.006185,9841,0.006198,7425,0.006199,21578,0.006211,21468,0.006214,532,0.006223,22288,0.006235,20821,0.006087,1160,0.006085,6562,0.006084,17784,0.006083,16439,0.006082,54469,0.006081,4384,0.006080,37661,0.006079,26468,0.006078,2992,0.006077,69200,0.006089,705,0.006090,33073,0.006091,46649,0.006092,40905,0.006093,476,0.006094,44978,0.006095,52636,0.006096,52216,0.006097,172048,0.006098,131887
gate,bybit,RDNTUSDT,0.006132,0.006086,-0.7502,1774107091000,0.006091,109030,0.006086,108932,0.006081,108932,0.006071,108825,0.006059,5738,0.006058,92242,0.006049,216017,0.006037,4769,0.006032,548,0.006027,206776,0.006132,2596,0.006162,536,0.006188,534,0.006192,2388,0.006193,14544,0.006194,12560,0.006199,21578,0.006211,21468,0.006214,532,0.006223,22288,0.006086,17879,0.006085,1695,0.006084,10922,0.006082,49479,0.006081,2445,0.006080,41168,0.006079,5196,0.006078,47009,0.006077,24668,0.006076,45190,0.006089,21375,0.006090,16420,0.006091,105951,0.006093,38286,0.006094,5143,0.006095,38326,0.006096,71308,0.006097,172754,0.006098,131887,0.006099,39665
gate,bybit,RDNTUSDT,0.006156,0.006086,-1.1371,1774107092000,0.006091,109030,0.006086,108932,0.006081,108932,0.006072,5738,0.006071,108825,0.006058,92242,0.006049,216017,0.006037,4769,0.006032,548,0.006029,11544,0.006157,2596,0.006162,536,0.006188,534,0.006197,5163,0.006198,4739,0.006207,9952,0.006211,21468,0.006214,532,0.006222,7476,0.006223,22288,0.006086,17495,0.006085,1695,0.006084,4309,0.006083,10000,0.006082,35077,0.006081,28890,0.006080,40714,0.006079,16450,0.006078,49242,0.006077,17542,0.006089,2129,0.006090,16420,0.006091,106652,0.006092,4240,0.006093,38987,0.006094,42179,0.006096,71308,0.006097,175362,0.006098,131887,0.006099,3
gate,bybit,RDNTUSDT,0.006153,0.00608,-1.1864,1774107093000,0.006086,108932,0.006081,108932,0.006071,108825,0.006058,545,0.006054,91753,0.00605,5832,0.006049,216017,0.006037,4769,0.006032,548,0.006027,206776,0.006153,2596,0.006162,536,0.006188,534,0.006197,17372,0.006198,7552,0.006199,21351,0.006208,30467,0.006209,4744,0.006211,21468,0.006212,30467,0.006080,4413,0.006079,25,0.006078,8391,0.006076,22795,0.006075,16461,0.006074,43810,0.006073,21730,0.006072,53158,0.006071,5203,0.006070,52452,0.006081,64441,0.006082,2179,0.006085,39333,0.006086,29055,0.006087,3285,0.006088,31410,0.006089,24959,0.006091,39393,0.006092,49485,0.006093,1972
gate,bybit,RDNTUSDT,0.006146,0.00609,-0.9112,1774107094000,0.006091,105558,0.006086,108932,0.006076,108941,0.006062,91759,0.006058,545,0.00605,5855,0.006049,216017,0.006037,4769,0.006032,548,0.006027,206776,0.006146,2596,0.006162,536,0.006188,534,0.006205,9931,0.006206,4731,0.006207,5160,0.006211,21468,0.006214,532,0.006222,7470,0.006223,22288,0.006086,1295,0.006085,2282,0.006084,3231,0.006083,17261,0.006082,49686,0.006081,41241,0.006080,26241,0.006079,31106,0.006078,51838,0.006077,7725,0.006088,32852,0.006089,40197,0.006090,49254,0.006091,64448,0.006092,44437,0.006093,1972,0.006094,903,0.006095,52169,0.006096,79836,0.006097,134428
gate,bybit,RDNTUSDT,0.006161,0.006093,-1.1037,1774107095000,0.006102,108959,0.006096,108959,0.006091,105558,0.006086,108932,0.006076,108941,0.006062,91759,0.006058,545,0.006049,216017,0.006037,4769,0.006032,548,0.006161,2596,0.006162,536,0.006188,534,0.006208,38051,0.006209,4753,0.006211,21468,0.006212,30467,0.006214,532,0.006221,10025,0.006222,7493,0.006093,73742,0.006092,52643,0.006090,28349,0.006089,38849,0.006088,9066,0.006087,42721,0.006086,14662,0.006085,48481,0.006084,13115,0.006083,43397,0.006099,2511,0.006100,28418,0.006101,2280,0.006102,54869,0.006105,38279,0.006106,939,0.006107,43305,0.006108,39187,0.006109,12827,0.006110,62334
gate,bybit,RDNTUSDT,0.00616,0.006102,-0.9416,1774107096000,0.006096,108959,0.006091,105558,0.006086,114857,0.006079,91766,0.006076,108941,0.006058,545,0.006049,216017,0.006047,10230,0.006039,10815,0.006037,4769,0.006161,2596,0.006162,536,0.006188,534,0.006205,12326,0.00621,9982,0.006211,21468,0.006214,532,0.006223,22288,0.006235,20821,0.00624,529,0.006102,11184,0.006101,2654,0.006100,41431,0.006099,58438,0.006098,2558,0.006097,41376,0.006096,37208,0.006095,58201,0.006094,45563,0.006093,1972,0.006106,939,0.006109,38911,0.006110,39526,0.006111,325,0.006112,17261,0.006113,168241,0.006115,37388,0.006116,21056,0.006117,49483,0.006118,35651
gate,bybit,RDNTUSDT,0.006154,0.006113,-0.6662,1774107097000,0.006103,108781,0.006096,108959,0.006091,105558,0.006086,108932,0.006079,91766,0.006058,545,0.00605,5925,0.006049,216017,0.006048,22103,0.006039,10815,0.006155,2596,0.006162,536,0.006188,534,0.006208,15160,0.006209,4769,0.006211,21468,0.006214,532,0.006223,22288,0.006234,7513,0.006235,20821,0.006113,56350,0.006112,2364,0.006111,3489,0.006110,7819,0.006109,43316,0.006108,37306,0.006107,20841,0.006106,64021,0.006105,38574,0.006104,31475,0.006116,64500,0.006117,31027,0.006119,42685,0.006120,16918,0.006121,167508,0.006122,138926,0.006124,36978,0.006125,18207,0.006126,39017,0.006127,7230
gate,bybit,RDNTUSDT,0.006137,0.006116,-0.3422,1774107098000,0.006108,108772,0.006103,108781,0.006096,108959,0.006091,105558,0.006086,108932,0.006079,91766,0.006077,216292,0.006058,545,0.006048,10926,0.006039,10815,0.006137,18331,0.006153,2596,0.006162,536,0.006188,534,0.006204,19798,0.006209,2401,0.006211,22853,0.006214,532,0.006222,7491,0.006223,22288,0.006116,37950,0.006115,16240,0.006113,3066,0.006112,39099,0.006111,6939,0.006110,38249,0.006109,22772,0.006108,41998,0.006107,16241,0.006106,39276,0.006119,64499,0.006121,36235,0.006123,54056,0.006124,49062,0.006125,12073,0.006126,38572,0.006127,3286,0.006128,42349,0.006129,113,0.006131,36309
gate,bybit,RDNTUSDT,0.006153,0.006106,-0.7639,1774107099000,0.006101,108887,0.006096,108959,0.006091,105558,0.006086,108932,0.006083,91732,0.006079,91766,0.006077,216292,0.006058,545,0.006049,5738,0.006048,10926,0.006151,2596,0.006152,30379,0.006162,536,0.006188,534,0.00621,12336,0.006211,22853,0.006214,532,0.006222,9999,0.006223,22288,0.006234,7497,0.006106,10000,0.006104,1042,0.006102,3059,0.006101,39361,0.006100,37309,0.006099,5768,0.006098,49625,0.006097,66961,0.006096,23709,0.006095,79918,0.006108,3121,0.006109,64499,0.006110,3314,0.006111,38806,0.006113,34100,0.006114,35587,0.006115,2169,0.006117,167518,0.006119,36430,0.006120,36204
gate,bybit,RDNTUSDT,0.006127,0.006102,-0.408,1774107100000,0.006101,108825,0.006096,108959,0.006091,105558,0.006086,108932,0.006079,91766,0.006077,216292,0.006058,545,0.006049,5767,0.006048,10926,0.006039,10815,0.006127,18161,0.00615,30379,0.006151,2596,0.006154,6048,0.006162,536,0.006188,534,0.006208,22010,0.006209,5139,0.00621,2392,0.006211,22853,0.006102,26388,0.006101,16553,0.006100,10000,0.006099,46523,0.006098,41652,0.006097,9860,0.006096,31240,0.006095,52817,0.006094,82721,0.006093,20734,0.006104,1132,0.006106,4339,0.006107,18751,0.006108,33389,0.006109,102941,0.006110,3314,0.006112,43715,0.006113,36555,0.006114,14256,0.006115,36560
gate,bybit,RDNTUSDT,0.006127,0.006106,-0.3427,1774107101000,0.006101,109039,0.006096,108959,0.006091,105558,0.006086,108932,0.006079,91766,0.006077,216292,0.006058,545,0.006047,11834,0.00604,5738,0.006039,10815,0.006127,18161,0.00615,30379,0.006151,2596,0.006162,536,0.006188,534,0.006202,14978,0.006204,12144,0.006211,22648,0.006214,532,0.006223,22288,0.006106,1780,0.006103,14736,0.006102,37612,0.006101,24173,0.006100,18223,0.006099,47502,0.006098,55038,0.006097,36629,0.006096,32667,0.006095,64293,0.006109,18026,0.006110,18264,0.006111,66873,0.006112,41885,0.006114,25105,0.006115,7353,0.006116,37562,0.006117,131088,0.006119,48410,0.006120,39076
gate,bybit,RDNTUSDT,0.006127,0.0061,-0.4407,1774107102000,0.006091,105558,0.006086,108932,0.006079,91766,0.006076,109039,0.006061,216199,0.006058,545,0.006047,5703,0.006046,17694,0.006039,10815,0.006037,4769,0.006127,18161,0.006151,2596,0.006162,536,0.006188,534,0.006193,7415,0.006194,22019,0.006211,23352,0.006214,532,0.006223,22288,0.006235,20821,0.006101,32782,0.006100,36979,0.006099,42464,0.006098,33575,0.006096,32086,0.006095,1000,0.006094,25394,0.006093,23174,0.006092,36979,0.006091,7409,0.006103,3437,0.006107,2523,0.006108,19649,0.006109,36963,0.006110,10000,0.006111,26233,0.006112,7872,0.006114,51587,0.006115,14734,0.006116,39534
gate,bybit,RDNTUSDT,0.00615,0.006093,-0.9268,1774107103000,0.006074,109128,0.006066,109128,0.006058,545,0.006056,109128,0.006046,109128,0.006041,216191,0.00604,5592,0.006032,548,0.006027,206776,0.006018,6296,0.006149,2596,0.00615,30379,0.006162,536,0.006188,534,0.00619,26878,0.006208,2374,0.006211,23352,0.006214,532,0.006223,22288,0.006235,20821,0.006093,14126,0.006092,48778,0.006091,25720,0.006090,63040,0.006088,4184,0.006087,113,0.006086,38160,0.006085,21030,0.006084,29563,0.006083,43746,0.006094,64497,0.006096,4046,0.006097,2376,0.006098,902,0.006101,62714,0.006102,49354,0.006103,133897,0.006104,30848,0.006105,1979,0.006106,126658
gate,bybit,RDNTUSDT,0.006143,0.006097,-0.7488,1774107104000,0.006093,109083,0.006074,109128,0.006068,5820,0.006066,109128,0.00606,91717,0.006058,545,0.006056,109128,0.006053,17005,0.006041,216191,0.006032,548,0.006143,2596,0.006162,536,0.006188,534,0.0062,9872,0.006207,9905,0.006211,23352,0.006214,532,0.006222,7454,0.006223,22288,0.006235,20821,0.006097,918,0.006096,123457,0.006094,4192,0.006093,5650,0.006092,38812,0.006091,12886,0.006090,52764,0.006089,41676,0.006088,904,0.006087,30758,0.006100,68146,0.006101,25843,0.006102,5071,0.006103,37473,0.006104,131931,0.006105,37678,0.006106,102421,0.006107,37678,0.006108,2869,0.006109,191301
gate,bybit,RDNTUSDT,0.006161,0.006096,-1.055,1774107105000,0.006093,109083,0.006083,108968,0.006074,109128,0.006068,30379,0.006067,5808,0.006066,109128,0.00606,91717,0.006058,545,0.006056,109128,0.006053,17005,0.006142,30379,0.006143,2596,0.006162,536,0.006188,534,0.006195,22160,0.00621,7451,0.006211,23352,0.006214,532,0.006223,22288,0.006235,20821,0.006096,877,0.006094,4192,0.006093,4130,0.006092,44387,0.006091,3492,0.006090,51821,0.006089,40987,0.006088,7328,0.006087,36344,0.006086,22733,0.006097,26247,0.006098,10000,0.006099,15041,0.006100,291538,0.006101,2824,0.006102,5973,0.006103,32432,0.006104,131931,0.006105,37678,0.006106,102421
gate,bybit,RDNTUSDT,0.006161,0.006096,-1.055,1774107106000,0.006093,109083,0.006083,108968,0.006075,5791,0.006074,109128,0.006067,30379,0.006066,109128,0.00606,91717,0.006058,545,0.006053,17005,0.006041,216191,0.006138,30379,0.006161,2596,0.006162,536,0.006188,534,0.006205,42746,0.006206,9880,0.006209,30467,0.006211,23352,0.006214,532,0.006223,22288,0.006096,479,0.006095,4435,0.006094,24331,0.006093,3728,0.006092,35330,0.006091,2157,0.006090,63779,0.006089,8091,0.006088,38713,0.006087,31750,0.006098,16399,0.006099,59186,0.006100,227035,0.006101,448,0.006102,39660,0.006103,4151,0.006104,131931,0.006105,2455,0.006106,156448,0.006107,37678
gate,bybit,RDNTUSDT,0.006135,0.00608,-0.8965,1774107107000,0.006081,109012,0.006074,109128,0.006066,109128,0.006061,5750,0.00606,91717,0.006058,545,0.006056,109012,0.006041,216191,0.006032,548,0.006027,206776,0.006135,2596,0.006162,536,0.006188,534,0.006197,5124,0.006198,12198,0.006199,28144,0.006211,23352,0.006214,532,0.006222,7429,0.006223,22288,0.006080,354805,0.006078,905,0.006077,1,0.006076,34101,0.006075,49183,0.006074,6926,0.006073,40352,0.006072,7725,0.006071,77524,0.006070,54468,0.006085,17601,0.006086,83521,0.006087,31786,0.006088,40704,0.006089,17810,0.006090,904,0.006091,41692,0.006092,13890,0.006093,73569,0.006094,51001
gate,bybit,RDNTUSDT,0.006132,0.006087,-0.7339,1774107108000,0.006081,109012,0.006074,109128,0.006066,109128,0.006063,5709,0.00606,91717,0.006058,545,0.006056,109012,0.006041,216191,0.006032,548,0.006027,206776,0.006132,30379,0.006133,2596,0.006162,536,0.006188,534,0.006191,5127,0.006192,9824,0.006194,4695,0.006199,22829,0.00621,7419,0.006211,23352,0.006087,16428,0.006085,10000,0.006084,9798,0.006083,1644,0.006082,16442,0.006081,7035,0.006080,6425,0.006079,44808,0.006078,32159,0.006077,4933,0.006088,45655,0.006090,40386,0.006091,1973,0.006092,51059,0.006093,42064,0.006094,10889,0.006095,74394,0.006096,136661,0.006097,10839,0.006098,23041
gate,bybit,RDNTUSDT,0.006159,0.00609,-1.1203,1774107109000,0.006086,109101,0.006081,109012,0.006074,109128,0.006062,30379,0.00606,91717,0.006058,545,0.006041,216191,0.006032,548,0.006027,206776,0.006018,6296,0.006159,2596,0.00616,30379,0.006162,536,0.006188,534,0.006196,5129,0.006197,4695,0.006198,2409,0.006199,22169,0.006209,9969,0.006211,30836,0.006089,213999,0.006087,2220,0.006086,37531,0.006085,6718,0.006084,15032,0.006083,30628,0.006082,36949,0.006081,53132,0.006080,5877,0.006079,54306,0.006093,8155,0.006094,2660,0.006095,40719,0.006096,36439,0.006097,76637,0.006098,74590,0.006099,39811,0.006100,362314,0.006101,41938,0.006102,42692
gate,bybit,RDNTUSDT,0.006155,0.00609,-1.0561,1774107110000,0.006091,108887,0.006086,109101,0.006081,109012,0.006074,109128,0.006061,5843,0.00606,91717,0.006058,545,0.006052,16004,0.006049,16339,0.006048,6047,0.006155,2596,0.006162,536,0.006188,534,0.00619,5155,0.006191,4728,0.006199,32091,0.00621,7462,0.006211,23352,0.006214,532,0.006223,22288,0.006091,14916,0.006090,221115,0.006089,6874,0.006088,26266,0.006087,3641,0.006086,38407,0.006085,10923,0.006084,44963,0.006083,12515,0.006082,72333,0.006095,15495,0.006096,3408,0.006097,41956,0.006098,17524,0.006099,56112,0.006100,494300,0.006101,113,0.006102,902,0.006103,985123,0.006104,902
gate,bybit,RDNTUSDT,0.00615,0.006092,-0.9431,1774107111000,0.006086,109101,0.006081,109012,0.006074,109128,0.00606,91717,0.006058,545,0.006049,16339,0.006048,6047,0.006041,216191,0.006032,548,0.006027,206776,0.006151,2596,0.006162,536,0.006184,5150,0.006185,2398,0.006186,4722,0.006188,534,0.006197,9905,0.006199,22169,0.00621,7454,0.006211,23352,0.006092,26415,0.006091,6850,0.006090,4975,0.006087,39864,0.006086,41686,0.006085,55125,0.006084,50324,0.006083,3519,0.006082,21173,0.006081,42824,0.006093,28370,0.006094,16410,0.006095,55692,0.006096,64623,0.006097,43522,0.006098,2870,0.006099,80211,0.006100,259808,0.006101,40190,0.006102,54335
gate,bybit,RDNTUSDT,0.006161,0.006093,-1.1037,1774107112000,0.006086,109101,0.006081,109012,0.006074,109128,0.00606,91717,0.006058,545,0.00605,5791,0.006049,16339,0.006048,6047,0.006041,216191,0.006032,548,0.006161,2596,0.006162,536,0.006188,534,0.006191,2406,0.006192,5144,0.006198,9952,0.006199,22169,0.00621,7451,0.006211,23352,0.006214,532,0.006093,1471,0.006091,6617,0.006090,16420,0.006089,62232,0.006088,3087,0.006087,56763,0.006086,15896,0.006085,55870,0.006084,41319,0.006083,11750,0.006095,15495,0.006096,197377,0.006097,1968,0.006098,46072,0.006099,60447,0.006100,230152,0.006101,40190,0.006102,23380,0.006103,985123,0.006104,902
gate,bybit,RDNTUSDT,0.006145,0.006096,-0.7974,1774107113000,0.006092,108870,0.006086,109101,0.006081,109012,0.006077,91783,0.006074,109128,0.006061,5867,0.006058,545,0.006053,16026,0.006049,16339,0.006048,6047,0.006145,2596,0.006162,536,0.006188,534,0.006196,5165,0.006197,7153,0.006209,9965,0.006211,30834,0.006214,532,0.006223,22288,0.006235,20821,0.006096,15610,0.006094,7695,0.006093,4226,0.006092,9244,0.006091,24874,0.006090,16628,0.006089,32634,0.006088,24150,0.006087,43614,0.006086,9665,0.006098,902,0.006099,49748,0.006100,232618,0.006101,13526,0.006102,61388,0.006103,985123,0.006104,134186,0.006106,939,0.006107,3946,0.006108,901
gate,bybit,RDNTUSDT,0.006126,0.006089,-0.604,1774107114000,0.006097,108923,0.006092,108923,0.006086,109101,0.006081,109012,0.006077,91783,0.006058,545,0.006054,5744,0.006053,16026,0.006049,16339,0.006048,6047,0.006127,18161,0.006159,2596,0.006162,536,0.006188,534,0.006205,14983,0.006206,32856,0.00621,30467,0.006211,23352,0.006214,532,0.006222,7495,0.006089,26423,0.006087,13764,0.006085,32868,0.006084,25384,0.006083,42087,0.006082,27134,0.006081,57429,0.006080,2285,0.006079,58524,0.006078,72888,0.006092,19884,0.006093,41919,0.006094,23865,0.006095,42593,0.006096,38819,0.006097,75627,0.006098,33153,0.006099,74826,0.006100,239279,0.006101,43020
gate,bybit,RDNTUSDT,0.006127,0.006099,-0.457,1774107115000,0.006097,109083,0.006092,108923,0.006086,109101,0.006081,109012,0.006077,91783,0.006059,30379,0.006058,545,0.006054,5715,0.006053,16026,0.006049,16339,0.006127,18161,0.00616,30379,0.006161,2596,0.006162,536,0.006188,534,0.006199,21940,0.0062,7513,0.006211,23352,0.006214,532,0.006223,22288,0.006099,214626,0.006098,7120,0.006096,5632,0.006095,14153,0.006094,8193,0.006093,8018,0.006092,48141,0.006091,50058,0.006090,1298,0.006089,6728,0.006100,99227,0.006101,113,0.006102,63206,0.006103,985123,0.006104,132020,0.006105,4330,0.006106,7179,0.006107,6655,0.006108,6193,0.006109,191301
gate,bybit,RDNTUSDT,0.006127,0.006099,-0.457,1774107116000,0.006097,109075,0.006092,108923,0.006086,109101,0.006081,109012,0.006077,91783,0.006068,216342,0.006058,545,0.006054,5715,0.006053,16026,0.006049,16339,0.006127,18161,0.00616,30379,0.006161,2596,0.006162,536,0.006188,534,0.006192,9849,0.006193,5128,0.006194,4701,0.00621,7429,0.006211,23352,0.006098,861311,0.006096,21671,0.006095,43453,0.006094,19012,0.006092,4559,0.006090,14096,0.006089,43685,0.006088,22034,0.006087,56978,0.006086,37430,0.006101,3589,0.006102,4330,0.006103,714685,0.006104,67950,0.006105,6655,0.006106,939,0.006108,10745,0.006109,191301,0.006110,24101,0.006112,48724
gate,bybit,RDNTUSDT,0.006127,0.006104,-0.3754,1774107117000,0.006097,99575,0.006092,108923,0.006086,109101,0.006081,109012,0.006077,91783,0.006068,216342,0.006058,545,0.006054,5744,0.006053,16026,0.006049,16339,0.006127,18161,0.00616,30379,0.006161,2596,0.006162,536,0.006188,8057,0.00619,9849,0.00621,7429,0.006211,23352,0.006214,532,0.006223,22288,0.006104,867034,0.006103,35650,0.006101,11386,0.006099,20620,0.006097,4559,0.006095,47902,0.006094,27638,0.006093,6713,0.006092,42222,0.006091,22663,0.006105,64795,0.006106,939,0.006108,6799,0.006109,195631,0.006110,42532,0.006112,49825,0.006114,42225,0.006115,3094,0.006116,42225,0.006117,2432
gate,bybit,RDNTUSDT,0.006127,0.006105,-0.3591,1774107118000,0.006091,109075,0.006086,109101,0.006081,109012,0.006077,91783,0.006071,109075,0.006068,216342,0.006058,545,0.006054,5709,0.006053,16026,0.006049,16339,0.006127,18161,0.00616,30379,0.006161,2596,0.006162,536,0.006186,9819,0.006187,2385,0.006188,534,0.006209,9845,0.00621,7417,0.006211,23352,0.006105,237572,0.006104,8111,0.006103,2165,0.006102,5632,0.006101,10138,0.006100,902,0.006099,20522,0.006098,53145,0.006097,54108,0.006096,15863,0.006107,64878,0.006108,39693,0.006109,164409,0.006110,42715,0.006111,3589,0.006112,47746,0.006114,43180,0.006115,7040,0.006116,42225,0.006117,10422
gate,bybit,RDNTUSDT,0.006127,0.006104,-0.3754,1774107119000,0.006091,109075,0.006086,109101,0.006081,109012,0.006077,91783,0.006071,109075,0.006068,216342,0.006058,545,0.006054,5709,0.006053,16026,0.006049,16339,0.006127,18161,0.00616,30379,0.006161,2596,0.006162,536,0.006182,12214,0.006188,534,0.006207,7427,0.006208,9824,0.006211,23352,0.006214,532,0.006103,538453,0.006102,15898,0.006101,6210,0.006100,5694,0.006099,30763,0.006098,47951,0.006097,78478,0.006096,9699,0.006095,55762,0.006094,44814,0.006105,67200,0.006109,164409,0.006110,901,0.006112,41389,0.006113,131103,0.006114,168820,0.006115,113,0.006116,46171,0.006117,2495,0.006118,42224
gate,bybit,RDNTUSDT,0.00616,0.0061,-0.974,1774107120000,0.006096,109083,0.006091,109075,0.006086,109101,0.006081,109012,0.006077,91783,0.006071,109075,0.006068,216342,0.006058,545,0.006054,5709,0.006053,16026,0.006127,18161,0.00616,30379,0.006161,2596,0.006162,536,0.006179,5127,0.006188,534,0.006202,14544,0.006204,7417,0.006211,23352,0.006214,532,0.006100,10000,0.006099,318866,0.006098,820,0.006097,3189,0.006096,69270,0.006095,52003,0.006094,49217,0.006092,26711,0.006091,54756,0.006090,4894,0.006102,10587,0.006103,68127,0.006104,902,0.006106,15636,0.006107,47410,0.006108,28292,0.006109,164409,0.006110,44402,0.006112,60617,0.006113,131103
gate,bybit,RDNTUSDT,0.006185,0.006134,-0.8246,1774107121000,0.00612,109083,0.006114,109083,0.006111,91764,0.006109,109083,0.006101,109083,0.006097,6083,0.006096,109083,0.006095,216300,0.006058,11360,0.006053,16026,0.006185,2596,0.006186,25249,0.006188,534,0.006214,532,0.006219,5165,0.00622,4783,0.006222,10098,0.006223,23851,0.006233,7542,0.006235,20821,0.006134,329969,0.006133,7602,0.006131,3961,0.006130,2164,0.006129,10349,0.006128,14070,0.006127,44142,0.006125,66747,0.006124,24468,0.006123,62504,0.006135,69440,0.006137,3271,0.006139,171293,0.006140,40200,0.006141,49,0.006142,41209,0.006143,1386,0.006144,48735,0.006145,2379,0.006147,43124
gate,bybit,RDNTUSDT,0.006181,0.006144,-0.5986,1774107122000,0.006136,108357,0.006131,108357,0.006124,108357,0.006119,108357,0.006114,109083,0.006111,91764,0.006102,6200,0.006095,216300,0.006058,11360,0.006053,16026,0.006181,2596,0.006188,534,0.006214,532,0.00622,5165,0.006222,7275,0.006223,23851,0.006234,10183,0.006235,20821,0.00624,529,0.006246,7593,0.006129,17408,0.006128,3633,0.006127,50363,0.006126,27970,0.006125,40167,0.006124,55791,0.006122,6748,0.006121,29191,0.006120,18327,0.006119,46591,0.006132,11170,0.006133,9383,0.006134,40167,0.006135,102910,0.006136,2735,0.006137,1293,0.006138,40167,0.006139,262180,0.006141,51127,0.006142,1009
gate,bybit,RDNTUSDT,0.006179,0.006141,-0.615,1774107123000,0.00613,108357,0.006124,108357,0.006119,108357,0.006114,109083,0.006111,91764,0.006095,216300,0.006084,543,0.006079,6253,0.006078,6106,0.006058,11360,0.006179,2596,0.006188,534,0.006214,532,0.006221,5165,0.006222,2451,0.006223,23851,0.006234,15061,0.006235,20821,0.00624,529,0.006246,7597,0.006142,16281,0.006141,1345,0.006140,6348,0.006138,51814,0.006137,4713,0.006136,43993,0.006135,38694,0.006134,10425,0.006133,56741,0.006132,31705,0.006145,20395,0.006146,65041,0.006148,51814,0.006150,48233,0.006151,43481,0.006152,895,0.006153,38874,0.006154,824,0.006155,41476,0.006156,5994
gate,bybit,RDNTUSDT,0.006179,0.006159,-0.3237,1774107124000,0.006145,108321,0.00614,108321,0.006135,108321,0.00613,200000,0.006124,108357,0.006122,216016,0.006092,5609,0.006084,543,0.006079,6270,0.006078,6106,0.006176,27661,0.006188,3130,0.006213,29892,0.006214,532,0.006218,5165,0.006219,2454,0.006231,4847,0.006233,10243,0.006235,20821,0.00624,529,0.006144,22008,0.006143,18699,0.006142,44171,0.006141,30149,0.006140,14818,0.006139,567509,0.006138,5127,0.006136,31059,0.006135,38138,0.006133,70245,0.006149,38915,0.006150,30586,0.006152,42127,0.006153,2602,0.006154,38116,0.006155,45195,0.006156,6002,0.006158,43480,0.006159,64944,0.006160,49229
gate,bybit,RDNTUSDT,0.006208,0.006141,-1.0793,1774107125000,0.006123,28419,0.006122,7096,0.006111,107604,0.006101,107604,0.006091,107604,0.006084,543,0.006066,15656,0.006058,545,0.006032,548,0.006027,221496,0.006208,2596,0.006209,30379,0.006214,532,0.00624,529,0.006247,24549,0.006252,7640,0.006253,10359,0.006254,7661,0.006255,4874,0.006259,21962,0.006155,66246,0.006154,14748,0.006153,4849,0.006151,19509,0.006150,59138,0.006149,6748,0.006148,36840,0.006147,52116,0.006146,25950,0.006145,69132,0.006160,37434,0.006162,52230,0.006164,52038,0.006165,37761,0.006166,5049,0.006167,47492,0.006169,84,0.006170,48840,0.006171,44234,0.006172,18053
gate,bybit,RDNTUSDT,0.006201,0.006121,-1.2901,1774107126000,0.006123,11496,0.006112,4417,0.006102,108163,0.006095,108163,0.006094,91569,0.006087,114433,0.006086,215842,0.006084,543,0.006066,10795,0.006058,545,0.0062,2596,0.006201,35544,0.006214,532,0.006222,2465,0.006223,23511,0.006229,4851,0.006235,22132,0.00624,529,0.006246,7634,0.006247,24549,0.006148,17270,0.006144,896,0.006143,48837,0.006142,36745,0.006141,53725,0.006140,127544,0.006139,560659,0.006137,52980,0.006136,3062,0.006135,106618,0.006149,56,0.006150,20874,0.006151,55275,0.006152,8043,0.006153,113119,0.006154,93880,0.006155,3866,0.006156,40056,0.006158,1311,0.006160,35286
gate,bybit,RDNTUSDT,0.006192,0.006122,-1.1305,1774107127000,0.006098,4419,0.006097,108374,0.006094,91569,0.006087,108163,0.006086,215842,0.006084,543,0.006077,108374,0.006073,9722,0.006067,114516,0.006066,10795,0.006193,2596,0.006199,5165,0.00621,7227,0.006211,21763,0.006214,532,0.006217,10136,0.006222,7560,0.006223,23511,0.006234,8025,0.006235,22132,0.006123,42655,0.006122,39838,0.006121,1959,0.006118,32708,0.006117,42288,0.006116,18310,0.006115,102219,0.006113,23912,0.006112,104077,0.006111,411360,0.006127,7909,0.006128,6502,0.006129,81520,0.006130,64451,0.006131,6702,0.006132,11983,0.006133,127453,0.006134,49470,0.006135,16763,0.006136,54627
gate,bybit,RDNTUSDT,0.006187,0.006105,-1.3254,1774107128000,0.006095,4419,0.006094,91569,0.006087,108163,0.006086,215842,0.006084,543,0.006077,108374,0.006074,6095,0.006073,9722,0.006067,108374,0.006066,10795,0.006187,7761,0.006195,4779,0.006199,20623,0.006207,7546,0.006208,10106,0.006211,21763,0.006214,532,0.006223,23511,0.006234,8025,0.006235,22132,0.006106,38,0.006105,63,0.006104,58556,0.006103,2151,0.006101,2074,0.006100,3313,0.006099,3167,0.006097,16068,0.006096,5073,0.006095,130917,0.006107,16634,0.006108,32901,0.006110,27497,0.006111,10000,0.006112,25839,0.006113,47178,0.006115,1959,0.006116,6609,0.006117,40941,0.006118,40077
gate,bybit,RDNTUSDT,0.006169,0.006102,-1.0861,1774107129000,0.006095,656275,0.006084,543,0.006082,108763,0.006079,91477,0.006078,5990,0.006077,108763,0.006072,108480,0.006067,108374,0.006058,545,0.006057,108480,0.00617,2596,0.006175,21845,0.006187,21597,0.006197,5165,0.006198,2419,0.006199,20623,0.006207,10029,0.006208,4752,0.006211,21763,0.006214,532,0.006102,72185,0.006100,37030,0.006099,2370,0.006098,37030,0.006097,62420,0.006095,4042,0.006094,5398,0.006093,40196,0.006092,2921,0.006091,40843,0.006107,11968,0.006108,3852,0.006109,6215,0.006110,32734,0.006111,59773,0.006112,78225,0.006113,9678,0.006114,39819,0.006115,31178,0.006116,42926
gate,bybit,RDNTUSDT,0.006157,0.006093,-1.0395,1774107130000,0.006095,656275,0.006084,543,0.006078,5914,0.006072,108480,0.006067,108374,0.006065,91496,0.006058,545,0.006057,108480,0.006048,215626,0.006042,9767,0.006158,2596,0.006163,24952,0.006175,21845,0.006187,21597,0.006196,7140,0.006197,5165,0.006199,20623,0.00621,9974,0.006211,21763,0.006214,532,0.006094,32820,0.006093,16412,0.006092,226896,0.006091,3158,0.006090,3446,0.006087,156797,0.006085,55024,0.006084,37679,0.006083,23749,0.006082,95624,0.006097,22218,0.006099,37030,0.006100,1959,0.006101,106056,0.006102,65930,0.006103,47174,0.006104,36826,0.006105,2784,0.006106,20478,0.006107,61800
gate,bybit,RDNTUSDT,0.006175,0.006098,-1.247,1774107131000,0.006095,656275,0.006084,543,0.00608,108728,0.006072,114399,0.006067,108374,0.006065,91496,0.006058,545,0.006057,108480,0.006048,215626,0.006042,9767,0.006175,21845,0.006185,5165,0.006186,2407,0.006187,21597,0.006196,14702,0.006199,20623,0.00621,7488,0.006211,21763,0.006214,532,0.006216,8695,0.006098,10000,0.006097,521955,0.006095,6560,0.006094,29369,0.006093,44263,0.006092,36886,0.006091,28192,0.006090,26105,0.006089,3938,0.006088,50702,0.006104,16383,0.006105,40364,0.006106,42796,0.006107,14522,0.006108,16298,0.006109,45950,0.006110,5646,0.006111,47048,0.006112,69217,0.006113,42993
gate,bybit,RDNTUSDT,0.006171,0.006098,-1.183,1774107132000,0.006095,656275,0.006084,543,0.006081,6001,0.00608,108728,0.006072,108480,0.006067,108374,0.006065,91496,0.006058,545,0.006057,108480,0.006048,215626,0.006172,2596,0.006175,21845,0.006187,21597,0.006197,9916,0.006198,2406,0.006199,20623,0.006208,10038,0.006211,21763,0.006214,532,0.006215,7515,0.006098,7388,0.006096,2857,0.006095,54601,0.006094,41964,0.006093,50783,0.006092,28903,0.006091,36492,0.006090,4411,0.006089,38249,0.006088,30171,0.006103,68589,0.006104,2621,0.006105,29700,0.006107,79516,0.006108,13555,0.006109,61517,0.006110,88583,0.006111,44521,0.006112,6680,0.006113,52620
gate,bybit,RDNTUSDT,0.006159,0.006105,-0.8768,1774107133000,0.006095,656275,0.006084,543,0.006083,91556,0.00608,108728,0.006073,5931,0.006072,108480,0.006067,108374,0.006058,545,0.006057,108480,0.006048,215626,0.00616,2596,0.006163,21270,0.006175,21845,0.006187,21597,0.006196,7577,0.006197,4736,0.006199,20623,0.00621,9986,0.006211,21763,0.006214,532,0.006105,18133,0.006104,1970,0.006102,870,0.006101,32782,0.006100,41658,0.006099,34165,0.006098,49226,0.006097,7208,0.006096,38097,0.006095,7687,0.006108,7384,0.006109,20693,0.006110,39331,0.006111,39444,0.006112,18239,0.006113,154623,0.006114,62321,0.006115,156038,0.006116,50134,0.006117,186024
gate,bybit,RDNTUSDT,0.006155,0.006112,-0.6986,1774107134000,0.006096,114882,0.006086,108799,0.006084,543,0.006083,91556,0.00608,108728,0.006077,215831,0.006072,108480,0.006067,108374,0.006058,545,0.006037,13919,0.006155,2596,0.006185,30379,0.006187,21597,0.006199,20623,0.006208,5165,0.00621,2431,0.006211,26539,0.006214,532,0.006222,10098,0.006223,23511,0.006112,17183,0.006111,17358,0.006110,10000,0.006109,10000,0.006108,19798,0.006107,47360,0.006106,1923,0.006105,1698,0.006104,16383,0.006103,42652,0.006115,71046,0.006116,118519,0.006117,289230,0.006119,61738,0.006120,3339,0.006121,66185,0.006123,168055,0.006124,12,0.006126,54984,0.006127,28976
gate,bybit,RDNTUSDT,0.006195,0.006133,-1.0008,1774107135000,0.006117,9943,0.006116,108834,0.006111,108834,0.006106,108834,0.006102,6259,0.006101,200413,0.006096,108799,0.006084,543,0.006077,215831,0.006058,11338,0.006184,2596,0.006195,30379,0.006211,21763,0.006214,532,0.006219,4824,0.00622,7618,0.006223,23511,0.006233,17827,0.006235,22132,0.00624,1541,0.006133,27138,0.006131,11965,0.006129,1194,0.006128,10000,0.006127,16321,0.006126,49191,0.006125,30353,0.006123,68639,0.006122,50204,0.006121,5520,0.006136,37809,0.006138,897,0.006139,35516,0.006140,1630,0.006141,38063,0.006142,113,0.006143,33476,0.006144,8383,0.006146,38014,0.006148,37828
gate,bybit,RDNTUSDT,0.006182,0.006133,-0.7926,1774107136000,0.006111,108834,0.006106,108834,0.006101,200413,0.006096,108799,0.006084,543,0.006078,6147,0.006077,215831,0.006058,11338,0.006037,13919,0.006034,9650,0.006182,2596,0.006199,20760,0.00621,12397,0.006211,21763,0.006214,532,0.006217,10145,0.006223,31075,0.006235,22132,0.00624,1541,0.006247,24549,0.006134,66904,0.006133,41377,0.006132,1584,0.006130,39534,0.006128,45137,0.006127,27365,0.006126,4427,0.006125,40144,0.006124,52000,0.006123,55899,0.006140,1630,0.006141,49,0.006142,113,0.006143,28760,0.006144,8383,0.006146,38448,0.006147,16268,0.006148,54793,0.006149,43658,0.006150,3694
gate,bybit,RDNTUSDT,0.006196,0.006132,-1.0329,1774107137000,0.006111,108418,0.006106,108834,0.006105,215872,0.006101,200413,0.006096,108799,0.006084,543,0.006059,6107,0.006058,11338,0.006037,13919,0.006034,9650,0.006196,2596,0.006209,5165,0.00621,2450,0.006211,26583,0.006214,532,0.006222,10188,0.006223,23511,0.006235,22132,0.00624,1541,0.006247,24549,0.006132,33176,0.006130,38521,0.006129,113,0.006128,28610,0.006127,28027,0.006126,37020,0.006125,13036,0.006124,68782,0.006123,52921,0.006122,43033,0.006140,46321,0.006142,36586,0.006144,37728,0.006145,65180,0.006146,37794,0.006148,36649,0.006149,10429,0.006150,40868,0.006151,7585,0.006152,39245
gate,bybit,RDNTUSDT,0.006196,0.006124,-1.162,1774107138000,0.006107,4420,0.006101,200413,0.006096,108799,0.006089,215742,0.006086,108339,0.006084,543,0.006059,6212,0.006058,11338,0.006037,13919,0.006034,9650,0.006194,2596,0.006195,5165,0.006208,10205,0.006209,4811,0.00621,2447,0.006211,21763,0.006214,532,0.006221,7591,0.006223,23511,0.006235,22132,0.006124,4609,0.006120,22126,0.006119,54375,0.006118,35961,0.006117,16348,0.006116,56424,0.006115,42757,0.006114,27678,0.006113,19667,0.006112,56627,0.006126,16324,0.006127,35961,0.006129,17867,0.006130,27063,0.006132,33496,0.006134,36204,0.006137,98498,0.006138,36356,0.006141,4346,0.006142,37016
gate,bybit,RDNTUSDT,0.00619,0.006133,-0.9208,1774107139000,0.006102,4422,0.006101,200413,0.006096,108799,0.006089,215742,0.006086,108339,0.006084,543,0.006059,6188,0.006058,11338,0.006037,13919,0.006034,9650,0.006192,2596,0.006198,2444,0.006199,26016,0.006207,14983,0.006211,21763,0.006214,532,0.006223,23511,0.006235,22132,0.00624,1541,0.006247,24549,0.006125,36320,0.006124,41902,0.006122,8533,0.006121,37903,0.006120,3052,0.006119,5775,0.006118,51555,0.006117,61803,0.006116,136354,0.006115,35202,0.006132,62866,0.006133,16305,0.006134,35832,0.006135,45832,0.006136,2071,0.006137,65163,0.006139,53749,0.006141,166599,0.006142,113,0.006143,38111
gate,bybit,RDNTUSDT,0.006208,0.00613,-1.2564,1774107140000,0.006109,108392,0.006101,200413,0.006096,108799,0.006089,215742,0.006086,108339,0.006084,543,0.006059,6171,0.006058,11338,0.006037,13919,0.006034,9650,0.006187,32975,0.006209,5165,0.00621,2442,0.006211,28583,0.006214,532,0.006222,10162,0.006223,23511,0.006234,7571,0.006235,22132,0.00624,1541,0.006133,10000,0.006131,29648,0.006130,24088,0.006129,47808,0.006128,16319,0.006127,63632,0.006126,33977,0.006125,205101,0.006123,48081,0.006122,41603,0.006139,66343,0.006140,3486,0.006142,35736,0.006143,16279,0.006144,125184,0.006146,36518,0.006147,4112,0.006148,35686,0.006149,4349,0.006150,58484
gate,bybit,RDNTUSDT,0.006207,0.006146,-0.9828,1774107141000,0.006127,108198,0.006122,108198,0.006121,91490,0.006117,323853,0.006113,6965,0.006112,108427,0.006106,108427,0.006084,543,0.006058,11338,0.006037,13919,0.006207,30379,0.006214,532,0.006233,5165,0.006234,2469,0.006235,22132,0.00624,529,0.006243,10321,0.006244,4860,0.006247,24549,0.006258,7645,0.006130,23379,0.006129,1223,0.006127,32616,0.006126,26449,0.006125,16327,0.006124,26848,0.006123,15906,0.006122,67053,0.006121,44584,0.006120,104486,0.006135,37729,0.006136,25810,0.006138,37593,0.006139,96541,0.006141,538788,0.006142,27023,0.006144,89561,0.006146,38924,0.006147,7784,0.006148,35686
gate,bybit,RDNTUSDT,0.006205,0.006156,-0.7897,1774107142000,0.00614,91481,0.006133,108748,0.006128,30379,0.006127,108198,0.006123,6457,0.006122,108198,0.006117,323853,0.006084,543,0.006058,26040,0.006037,9058,0.006204,2596,0.006205,30379,0.006214,532,0.00624,529,0.006243,5165,0.006247,29428,0.006256,10376,0.006259,21962,0.006266,527,0.00627,7669,0.006129,23469,0.006128,2257,0.006125,19813,0.006124,39549,0.006123,18403,0.006122,54219,0.006121,9361,0.006120,39319,0.006119,53478,0.006118,52628,0.006131,16311,0.006132,32119,0.006134,16303,0.006135,58502,0.006136,34598,0.006137,32590,0.006138,69272,0.006139,31067,0.006140,50885,0.006141,500000
gate,bybit,RDNTUSDT,0.006201,0.006154,-0.7579,1774107143000,0.00614,91481,0.006127,108198,0.006123,647,0.006122,108198,0.006117,323853,0.006084,543,0.006059,6434,0.006058,26040,0.006037,9058,0.006034,9650,0.006202,2596,0.006214,532,0.006233,5165,0.006234,2474,0.006235,22652,0.00624,529,0.006246,15226,0.006247,24549,0.006258,7659,0.006259,21962,0.006155,3486,0.006154,2619,0.006152,3633,0.006151,3343,0.006150,26621,0.006148,7388,0.006146,34167,0.006145,4411,0.006144,61923,0.006143,25919,0.006158,27670,0.006161,40463,0.006163,16226,0.006164,34416,0.006166,34216,0.006167,64860,0.006168,66593,0.006169,166960,0.006170,923,0.006171,2368
gate,bybit,RDNTUSDT,0.006198,0.006154,-0.7099,1774107144000,0.006134,108049,0.006129,108049,0.006125,91403,0.006124,108610,0.006118,6375,0.006117,323853,0.006107,108049,0.006084,543,0.006058,26040,0.006037,9058,0.006198,2596,0.006214,532,0.006234,7632,0.00624,529,0.006246,4855,0.006247,24549,0.006258,17952,0.006259,21962,0.006266,527,0.006271,21083,0.006157,10000,0.006155,2312,0.006154,30463,0.006153,16252,0.006152,32353,0.006151,10000,0.006150,37770,0.006149,23095,0.006147,62785,0.006146,49076,0.006160,14573,0.006161,34781,0.006162,4278,0.006163,32353,0.006166,1951,0.006167,30637,0.006169,34992,0.006170,2891,0.006171,60029,0.006172,106561
gate,bybit,RDNTUSDT,0.006213,0.006158,-0.8852,1774107145000,0.006139,108172,0.006134,108879,0.00613,6475,0.006129,108049,0.006127,9707,0.006125,91403,0.006124,108049,0.006117,323853,0.006084,543,0.006058,26040,0.006213,2596,0.006214,532,0.00624,529,0.006255,5165,0.006256,4847,0.006259,21962,0.006266,527,0.00627,7630,0.006271,21083,0.006283,23197,0.006160,3642,0.006158,3981,0.006157,31122,0.006156,894,0.006155,81826,0.006154,361089,0.006151,47045,0.006149,34695,0.006148,31145,0.006147,3330,0.006164,8101,0.006165,2786,0.006166,33092,0.006167,29777,0.006168,96227,0.006169,7277,0.006170,34797,0.006171,1965,0.006172,31762,0.006173,3935
gate,bybit,RDNTUSDT,0.006214,0.006166,-0.7724,1774107146000,0.006147,107944,0.006146,91328,0.006144,215273,0.006139,108172,0.006136,538,0.006129,107944,0.006128,7340,0.006127,9707,0.006107,10763,0.006104,11657,0.006214,532,0.00624,529,0.006258,15597,0.006259,1627,0.006266,527,0.006271,21083,0.006282,7696,0.006283,23197,0.006292,525,0.006294,1013,0.006167,10000,0.006166,811,0.006164,48881,0.006161,5840,0.006159,94379,0.006158,44810,0.006157,52317,0.006156,60279,0.006155,125099,0.006154,338149,0.006171,20973,0.006172,99052,0.006173,37751,0.006174,13110,0.006175,61569,0.006176,1965,0.006177,29033,0.006178,42038,0.006179,9809,0.006180,33959
gate,bybit,RDNTUSDT,0.006236,0.006187,-0.7858,1774107147000,0.00618,2695,0.006168,107866,0.006163,107866,0.006158,107866,0.006154,215145,0.006147,107944,0.006144,6656,0.006136,538,0.006107,10763,0.006104,11657,0.006237,2497,0.00624,529,0.006259,1627,0.006266,5692,0.006281,7460,0.006283,23197,0.006292,525,0.006294,7806,0.006295,20421,0.006308,24401,0.006189,3894,0.006187,29013,0.006186,2572,0.006185,29013,0.006184,113,0.006183,29013,0.006182,29013,0.006181,1970,0.006180,16181,0.006179,37611,0.006193,26147,0.006194,14805,0.006195,10000,0.006196,29013,0.006198,32268,0.006199,219265,0.006200,2792085,0.006201,3701,0.006202,66423,0.006204,5209
gate,bybit,RDNTUSDT,0.006236,0.006191,-0.7216,1774107148000,0.006181,2695,0.00617,91273,0.006169,107379,0.006163,107866,0.006158,107866,0.006155,1298,0.006154,215145,0.006148,6867,0.006147,107944,0.006136,538,0.006235,2497,0.006236,30379,0.006239,1627,0.00624,529,0.006266,527,0.006274,5165,0.006275,2529,0.006281,10680,0.006283,23197,0.006292,525,0.006191,25635,0.006190,3673,0.006189,16158,0.006188,42284,0.006186,16166,0.006185,42768,0.006184,3876,0.006183,32611,0.006182,20948,0.006181,37424,0.006195,6282,0.006196,16139,0.006197,28189,0.006198,27272,0.006199,112924,0.006200,2792085,0.006201,1643,0.006202,1408,0.006204,2141,0.006205,3450
gate,bybit,RDNTUSDT,0.006232,0.006177,-0.8825,1774107149000,0.006182,42992,0.006166,2695,0.006155,91213,0.006147,107944,0.006138,6861,0.006137,214917,0.006136,107917,0.006125,107379,0.006117,3450,0.006107,10763,0.006232,30379,0.006233,2497,0.006239,1627,0.00624,529,0.006257,2527,0.006258,5165,0.006266,527,0.006271,23218,0.00628,4917,0.006282,7801,0.006174,4894,0.006173,9206,0.006172,16202,0.006170,113,0.006169,35663,0.006167,18356,0.006166,45893,0.006165,12397,0.006164,108290,0.006163,25932,0.006177,27003,0.006179,27003,0.006180,21672,0.006181,32907,0.006183,26831,0.006184,27175,0.006186,27175,0.006189,27175,0.006191,27175,0.006192,11478
gate,bybit,RDNTUSDT,0.00623,0.006173,-0.9149,1774107150000,0.006156,2695,0.006155,91213,0.006137,214917,0.006136,107917,0.006126,6691,0.006125,107379,0.006107,10763,0.006098,6549,0.006084,543,0.006058,15247,0.00623,30379,0.006231,2497,0.006239,1627,0.00624,529,0.006258,12569,0.006266,11138,0.00627,7747,0.006271,23218,0.006283,23197,0.006292,525,0.006171,3636,0.006170,12065,0.006169,10738,0.006168,68119,0.006167,88151,0.006166,54290,0.006165,111883,0.006164,94608,0.006163,40145,0.006162,84244,0.006178,34222,0.006180,28048,0.006181,6472,0.006182,26106,0.006183,24200,0.006185,64935,0.006186,12898,0.006188,26040,0.006189,3124,0.006190,26155
gate,bybit,RDNTUSDT,0.006227,0.006176,-0.819,1774107151000,0.006157,14502,0.006156,2695,0.006155,91213,0.006148,107648,0.006145,9669,0.006142,107648,0.006137,214917,0.006136,107917,0.006127,1125,0.006126,6674,0.006227,2497,0.006239,1627,0.00624,529,0.006254,4912,0.006255,18272,0.006266,527,0.00627,7739,0.006271,23218,0.006283,23197,0.006292,525,0.006176,16192,0.006175,30404,0.006174,11055,0.006173,30200,0.006172,26202,0.006171,42592,0.006170,18376,0.006169,26541,0.006168,55436,0.006167,79398,0.006179,4102,0.006183,32346,0.006184,28580,0.006185,91183,0.006188,26457,0.006189,17720,0.006190,29565,0.006191,36444,0.006192,142451,0.006193,3694
gate,bybit,RDNTUSDT,0.006225,0.00618,-0.7229,1774107152000,0.006167,7377,0.006166,2695,0.006155,91213,0.006154,107657,0.006149,6720,0.006148,107648,0.006145,9669,0.006142,107648,0.006137,214917,0.006136,107917,0.006225,2497,0.006239,1627,0.00624,529,0.006258,5165,0.006264,7416,0.006266,527,0.006271,33847,0.006282,7755,0.006283,23197,0.006292,525,0.006180,1912,0.006177,952,0.006175,58408,0.006174,29170,0.006172,18172,0.006171,45838,0.006170,41974,0.006169,163619,0.006168,73767,0.006167,87981,0.006182,6212,0.006183,16173,0.006184,2281,0.006186,890,0.006187,49149,0.006188,28513,0.006191,24644,0.006192,5705,0.006193,22495,0.006194,19266
gate,bybit,RDNTUSDT,0.006223,0.006181,-0.6749,1774107153000,0.006169,2695,0.006161,107596,0.00616,9705,0.006155,91213,0.006154,107657,0.006148,107648,0.006146,1143,0.006143,6726,0.006142,107648,0.006137,214917,0.006223,2497,0.006224,30379,0.006239,1627,0.00624,529,0.00626,4896,0.006261,7670,0.006266,527,0.006268,10603,0.006282,7743,0.006283,23197,0.006181,8953,0.006180,2843,0.006179,26022,0.006178,968,0.006177,12678,0.006176,24274,0.006175,104035,0.006174,47239,0.006173,117705,0.006172,155064,0.006187,55162,0.006188,25068,0.006189,33571,0.006190,6998,0.006191,25994,0.006192,16150,0.006193,31978,0.006194,35404,0.006195,48316,0.006196,85375
gate,bybit,RDNTUSDT,0.006236,0.006189,-0.7537,1774107154000,0.006179,2695,0.006178,90951,0.006171,107604,0.006167,214385,0.006166,107604,0.006162,1410,0.006161,107596,0.00616,16572,0.006154,107657,0.006148,107648,0.006237,30379,0.006239,1627,0.00624,529,0.006266,527,0.00629,15682,0.006291,12968,0.006292,3053,0.006294,1,0.006295,20421,0.006308,24401,0.006189,13212,0.006187,34536,0.006186,16166,0.006185,33206,0.006184,28129,0.006183,82876,0.006182,60649,0.006181,86216,0.006180,33189,0.006179,9632,0.006195,19524,0.006198,51571,0.006199,51491,0.006200,2204174,0.006201,1643,0.006202,1408,0.006205,6255,0.006206,68083,0.006207,17162,0.006208,136321
gate,bybit,RDNTUSDT,0.006234,0.006191,-0.6898,1774107155000,0.006181,2695,0.006178,90951,0.006171,107604,0.006167,214385,0.006166,107604,0.006161,107596,0.00616,9705,0.006139,8277,0.006138,3422,0.006136,538,0.006235,30379,0.006236,2497,0.006239,1627,0.00624,529,0.006266,527,0.006282,13264,0.006286,7803,0.006287,4946,0.006288,5165,0.006292,525,0.006191,6179,0.006190,10000,0.006189,9983,0.006188,889,0.006187,1858,0.006186,8804,0.006185,31308,0.006184,85696,0.006183,36497,0.006182,87077,0.006194,16145,0.006197,55414,0.006198,4174,0.006199,40486,0.006200,2036591,0.006201,1643,0.006202,1408,0.006205,3450,0.006206,38,0.006207,19503
gate,bybit,RDNTUSDT,0.006231,0.006189,-0.674,1774107156000,0.006187,2695,0.006176,107396,0.006171,107604,0.006167,214385,0.006166,107604,0.006163,90868,0.006161,107596,0.00616,9705,0.006139,8291,0.006138,3422,0.006231,32876,0.006239,1627,0.00624,529,0.006266,527,0.006281,10741,0.006282,7694,0.006283,22479,0.006292,525,0.006293,4942,0.006294,1,0.006189,5837,0.006187,5462,0.006186,11897,0.006185,10000,0.006184,14813,0.006183,77876,0.006182,49012,0.006181,16179,0.006180,60512,0.006179,34304,0.006191,4834,0.006193,32294,0.006194,67741,0.006195,28612,0.006196,24367,0.006198,27438,0.006199,27559,0.006200,2032197,0.006201,1643,0.006202,2295
gate,bybit,RDNTUSDT,0.006229,0.006187,-0.6743,1774107157000,0.006188,2695,0.006161,107371,0.00616,9705,0.006156,107371,0.006151,107371,0.00615,90823,0.006148,1427,0.006147,214084,0.006142,6720,0.006141,107371,0.00623,30379,0.006231,2497,0.006239,1627,0.00624,529,0.006266,10641,0.006267,2510,0.006282,18500,0.006283,22479,0.006292,525,0.006294,1,0.006187,123219,0.006185,37806,0.006184,37022,0.006183,201848,0.006182,22955,0.006181,9461,0.006180,82842,0.006179,8317,0.006178,36286,0.006177,117088,0.006193,25021,0.006194,18217,0.006195,59604,0.006196,75737,0.006197,71818,0.006198,93244,0.006200,2032197,0.006201,1643,0.006202,2295,0.006203,132527
gate,bybit,RDNTUSDT,0.006226,0.006191,-0.5622,1774107158000,0.006177,2695,0.006176,107371,0.00617,90804,0.006169,107371,0.006162,1255,0.006161,107371,0.00616,9705,0.006157,6761,0.006156,107371,0.006151,107371,0.006226,30379,0.006227,2497,0.006239,1627,0.00624,529,0.006266,527,0.006276,2515,0.006277,5165,0.006283,22479,0.006292,525,0.006293,10659,0.006191,13088,0.006190,2739,0.006189,28639,0.006188,45462,0.006187,112200,0.006186,14189,0.006185,31863,0.006184,49044,0.006183,208443,0.006182,31300,0.006195,16142,0.006196,51398,0.006197,95810,0.006198,1001,0.006199,88411,0.006200,2032197,0.006201,1643,0.006202,2295,0.006204,9056,0.006205,3450
gate,bybit,RDNTUSDT,0.006224,0.006183,-0.6587,1774107159000,0.006171,2695,0.006161,107371,0.00616,9705,0.006157,1238,0.006156,107371,0.006155,97506,0.006151,107371,0.006147,214084,0.006136,538,0.006117,10546,0.006224,30379,0.006226,2497,0.006239,1627,0.00624,529,0.006266,527,0.006279,15815,0.00628,4920,0.006282,2513,0.006283,22479,0.006292,525,0.006188,10983,0.006187,84965,0.006186,890,0.006185,13539,0.006184,16171,0.006183,201848,0.006182,3733,0.006180,92212,0.006179,27530,0.006178,9228,0.006191,17789,0.006192,48362,0.006195,43120,0.006196,16139,0.006197,91344,0.006198,1001,0.006199,87349,0.006200,2032197,0.006201,1643,0.006202,2295
gate,bybit,RDNTUSDT,0.006222,0.006186,-0.5786,1774107160000,0.006171,107578,0.006166,108936,0.006161,107371,0.00616,9705,0.006156,107371,0.006155,90756,0.006151,107371,0.006147,214084,0.006136,538,0.00613,6697,0.006222,2497,0.006239,1627,0.00624,529,0.006266,527,0.006273,5165,0.006281,7460,0.006283,22479,0.006291,525,0.006292,525,0.006294,18503,0.006183,199322,0.006182,890,0.006181,8319,0.006180,52941,0.006177,68718,0.006176,40486,0.006175,5187,0.006174,61320,0.006173,109434,0.006172,103381,0.006188,43796,0.006189,27976,0.006193,94427,0.006194,16145,0.006195,58749,0.006196,145810,0.006197,96252,0.006198,7008,0.006199,25195,0.006200,2032197
gate,bybit,RDNTUSDT,0.00622,0.006187,-0.5305,1774107161000,0.006172,2695,0.006166,107578,0.006162,20872,0.006161,107371,0.00616,9705,0.006156,107371,0.006155,90756,0.006151,107371,0.006148,7929,0.006147,214084,0.00622,2497,0.006237,30379,0.006239,1627,0.00624,529,0.006266,527,0.006275,5165,0.006276,7418,0.006283,22479,0.006291,525,0.006292,525,0.006184,11674,0.006183,6823,0.006182,890,0.006181,9128,0.006180,53831,0.006177,67137,0.006176,46625,0.006175,10460,0.006174,32226,0.006173,50114,0.006187,27658,0.006188,41487,0.006191,57193,0.006192,59958,0.006193,64997,0.006194,17033,0.006195,43785,0.006196,145810,0.006197,92219,0.006198,34671
gate,bybit,RDNTUSDT,0.006234,0.006186,-0.77,1774107162000,0.006171,107578,0.006166,107578,0.006163,2695,0.006161,107371,0.00616,9705,0.006159,90696,0.006156,107371,0.006152,1324,0.006151,107371,0.006147,214084,0.006234,2497,0.006235,30379,0.006239,1627,0.00624,529,0.006266,527,0.006279,5165,0.00628,4915,0.006282,7784,0.006283,22479,0.006291,525,0.006186,4097,0.006185,3883,0.006184,38175,0.006183,11603,0.006182,28561,0.006181,2481,0.006180,28533,0.006179,33112,0.006178,42968,0.006177,39979,0.006191,6938,0.006192,38270,0.006193,88560,0.006194,888,0.006195,43788,0.006196,17027,0.006197,96258,0.006198,1001,0.006199,30202,0.006200,2032197
gate,bybit,RDNTUSDT,0.006231,0.006192,-0.6259,1774107163000,0.006177,2695,0.006176,107483,0.006171,107578,0.006166,107578,0.00616,9705,0.006159,90696,0.006148,6796,0.006147,214084,0.006136,538,0.006117,10546,0.006231,30379,0.006232,2497,0.006239,1627,0.00624,529,0.006266,527,0.006291,525,0.006292,5690,0.006294,4934,0.006295,20421,0.006307,7788,0.006187,2581,0.006185,52169,0.006184,6257,0.006183,26105,0.006182,890,0.006181,27653,0.006180,28536,0.006178,15080,0.006177,33246,0.006176,41834,0.006190,2390,0.006192,16150,0.006193,64997,0.006194,28541,0.006196,48167,0.006197,68612,0.006198,28679,0.006199,35052,0.006200,2032197,0.006201,1643
gate,bybit,RDNTUSDT,0.006231,0.006192,-0.6259,1774107164000,0.006185,2695,0.006176,107483,0.006171,107578,0.006166,107578,0.00616,9705,0.006159,90696,0.006149,1410,0.006148,6796,0.006147,214084,0.006136,538,0.006231,30379,0.006232,2497,0.006239,1627,0.00624,529,0.006266,527,0.006287,10736,0.006288,12968,0.006289,2528,0.006291,525,0.006292,525,0.006181,16179,0.006180,25687,0.006179,31098,0.006178,4513,0.006176,27497,0.006175,22742,0.006174,28817,0.006173,81000,0.006172,60228,0.006171,141799,0.006186,18905,0.006187,2481,0.006188,16657,0.006189,65114,0.006191,2344,0.006192,27471,0.006193,2728,0.006194,29155,0.006195,39737,0.006196,24435
gate,bybit,RDNTUSDT,0.006231,0.006192,-0.6259,1774107165000,0.006187,2695,0.006181,107388,0.006176,107483,0.006171,107578,0.006166,107578,0.00616,9705,0.006159,90696,0.006149,1410,0.006148,6796,0.006147,214084,0.006231,30379,0.006232,2497,0.006239,1627,0.00624,529,0.006266,527,0.006282,15910,0.006285,7807,0.006291,525,0.006292,525,0.006294,1,0.006194,480,0.006191,20944,0.006189,2930,0.006188,2,0.006187,57227,0.006186,32916,0.006185,42738,0.006184,28348,0.006183,43265,0.006182,21483,0.006196,29079,0.006197,110270,0.006198,65191,0.006199,38718,0.006200,1797926,0.006201,1643,0.006202,2295,0.006204,9056,0.006205,3450,0.006206,4046
gate,bybit,RDNTUSDT,0.006231,0.006195,-0.5778,1774107166000,0.006194,2695,0.006181,107388,0.006176,107483,0.006171,107578,0.006166,107578,0.006161,1487,0.00616,9705,0.006159,90696,0.006148,6796,0.006147,214084,0.006231,30379,0.006232,2497,0.006239,1627,0.00624,529,0.006266,527,0.006277,10114,0.006291,525,0.006292,525,0.006293,10775,0.006294,7810,0.006195,19407,0.006194,3736,0.006193,16147,0.006192,36515,0.006191,11547,0.006190,10000,0.006189,79939,0.006188,889,0.006187,31369,0.006186,890,0.006199,17955,0.006200,1702178,0.006201,1643,0.006202,2295,0.006204,9056,0.006205,3450,0.006206,925,0.006207,15838,0.006208,81427,0.006209,6007
gate,bybit,RDNTUSDT,0.006266,0.006269,0.0479,1774107167000,0.006199,107301,0.006195,2695,0.006188,107301,0.006182,90588,0.006181,107301,0.00618,213530,0.006176,107483,0.006161,1556,0.006148,6966,0.006136,538,0.00624,3026,0.006266,527,0.006289,10810,0.00629,7705,0.006291,5474,0.006292,525,0.006294,1,0.006307,7838,0.006318,523,0.006321,22633,0.006268,155090,0.006267,113,0.006265,46948,0.006264,2950,0.006263,28408,0.006262,17238,0.006261,58563,0.006260,35202,0.006259,70396,0.006258,193750,0.006276,42554,0.006277,39827,0.006278,5960,0.006280,35876,0.006281,36152,0.006284,39973,0.006285,4061,0.006286,25680,0.006288,25680,0.006291,50343
gate,bybit,RDNTUSDT,0.006361,0.006288,-1.1476,1774107168000,0.006252,16368,0.006251,4317,0.00625,8625,0.006248,13183,0.006246,90574,0.006241,3723,0.00623,106394,0.006225,213497,0.006219,106394,0.006211,10674,0.006349,21113,0.006358,29892,0.006361,20563,0.00637,2667,0.006373,22736,0.006385,11564,0.006386,23926,0.006438,12899,0.006439,7347,0.006459,7177,0.006286,67877,0.006285,41345,0.006284,2942,0.006282,5707,0.006281,24659,0.006280,29902,0.006278,41485,0.006277,75590,0.006276,30865,0.006275,34752,0.006290,47606,0.006291,24735,0.006297,22233,0.006299,25648,0.006300,236298,0.006301,1052323,0.006302,123,0.006303,1386,0.006304,130337,0.006305,15860
gate,bybit,RDNTUSDT,0.006324,0.006237,-1.3757,1774107169000,0.006266,5560,0.006265,2695,0.006242,13171,0.006241,3723,0.006209,3013,0.006208,106394,0.006205,90531,0.006197,105685,0.006195,213396,0.006187,10673,0.006325,21639,0.006336,29892,0.006337,22576,0.006347,11538,0.006348,2668,0.006349,20491,0.00636,8242,0.006361,20563,0.006371,4660,0.006373,22736,0.006289,20973,0.006288,9921,0.006286,1905,0.006285,37399,0.006284,29901,0.006283,3811,0.006282,37481,0.006281,36747,0.006280,6238,0.006279,74938,0.006292,41243,0.006294,7417,0.006297,39400,0.006298,79972,0.006299,26686,0.006300,129375,0.006301,112926,0.006302,129517,0.006303,26202,0.006304,43867
gate,bybit,RDNTUSDT,0.006325,0.006251,-1.17,1774107170000,0.006245,4922,0.006244,4322,0.006243,10683,0.006241,3723,0.006224,2823,0.006217,106114,0.006208,106394,0.006205,90531,0.006197,105685,0.006195,213396,0.006325,20480,0.006336,5717,0.006337,25222,0.006349,20491,0.006358,8210,0.006359,11443,0.006361,20563,0.006373,22736,0.006382,7917,0.006386,23926,0.006263,11409,0.006262,9,0.006260,3,0.006259,5071,0.006258,69057,0.006257,38530,0.006256,103436,0.006254,36917,0.006253,24941,0.006252,4949,0.006264,77706,0.006267,31217,0.006269,18056,0.006270,52040,0.006271,36917,0.006272,65492,0.006273,29054,0.006274,36852,0.006275,6579,0.006276,145726
gate,bybit,RDNTUSDT,0.006312,0.006234,-1.2357,1774107171000,0.006246,2488,0.006244,4910,0.006241,11919,0.006214,106114,0.006208,106394,0.006205,90531,0.006197,105685,0.006195,213396,0.006186,105685,0.006183,534,0.006321,8353,0.006322,2591,0.006325,20480,0.006337,22576,0.006348,12856,0.006349,20491,0.006361,20563,0.006373,22736,0.006382,7917,0.006386,23926,0.006244,52,0.006243,52256,0.006240,43727,0.006239,25800,0.006238,6229,0.006237,31978,0.006236,8704,0.006234,39303,0.006233,72862,0.006232,42892,0.006248,72249,0.006249,28771,0.006251,38514,0.006252,36488,0.006253,65465,0.006258,37139,0.006262,49742,0.006263,40815,0.006264,119359,0.006265,261477
gate,bybit,RDNTUSDT,0.006308,0.006241,-1.0621,1774107172000,0.006248,2488,0.006241,3723,0.006217,4907,0.006216,106114,0.006211,2660,0.00621,8191,0.006208,106394,0.006205,90531,0.006197,105685,0.006195,213396,0.006312,2591,0.006313,22573,0.006318,5717,0.006325,20480,0.006335,11353,0.006336,8191,0.006337,27236,0.006349,20491,0.006361,20563,0.006372,518,0.006256,35548,0.006253,1922,0.006251,2310,0.006250,19284,0.006248,48015,0.006247,39649,0.006245,21779,0.006244,36030,0.006243,42637,0.006241,62489,0.006257,17150,0.006259,35725,0.006260,10000,0.006262,15969,0.006263,5456,0.006264,138759,0.006265,36521,0.006267,31617,0.006268,1596,0.006269,36521
gate,bybit,RDNTUSDT,0.006297,0.006229,-1.0799,1774107173000,0.006243,2488,0.006212,8181,0.0062,4900,0.006199,212736,0.006198,90251,0.006197,105685,0.006186,105685,0.006183,534,0.006174,106165,0.006162,10652,0.006307,35609,0.00631,2591,0.006311,2625,0.006313,21657,0.006323,12841,0.006325,20480,0.006337,22576,0.006349,20491,0.006361,20563,0.006372,518,0.006251,5760,0.006247,4101,0.006246,22156,0.006245,2310,0.006244,40777,0.006242,32042,0.006241,40126,0.006240,45644,0.006239,13223,0.006238,47896,0.006254,15990,0.006255,32059,0.006257,15982,0.006258,57814,0.006259,65519,0.006261,34568,0.006262,4819,0.006263,5531,0.006264,146657,0.006267,30998
gate,bybit,RDNTUSDT,0.006295,0.006216,-1.255,1774107174000,0.006217,4869,0.006216,2488,0.006204,8127,0.006199,106717,0.006193,106241,0.006186,105685,0.006183,534,0.006178,212674,0.006174,106165,0.006173,90204,0.006295,2591,0.006306,5688,0.006312,2597,0.006313,21657,0.006323,12801,0.006325,20480,0.006337,22576,0.006349,20491,0.006361,20563,0.006363,7206,0.006239,113,0.006236,3883,0.006235,7407,0.006234,35243,0.006233,10483,0.006232,15704,0.006231,69674,0.006230,3903,0.006229,38727,0.006228,29580,0.006240,25072,0.006241,11657,0.006242,11441,0.006243,48387,0.006245,18556,0.006246,94631,0.006247,3842,0.006251,49219,0.006253,12579,0.006254,36124
gate,bybit,RDNTUSDT,0.006289,0.006207,-1.3039,1774107175000,0.006207,2488,0.006187,12758,0.006186,105685,0.006183,534,0.006175,2108,0.006174,106165,0.006173,90204,0.006163,106564,0.00616,212537,0.006139,10631,0.006289,15987,0.00629,8255,0.006291,2591,0.006301,23063,0.006311,12537,0.006313,21657,0.006325,20480,0.006337,22576,0.006349,20491,0.006361,20563,0.006235,4656,0.006234,50755,0.006232,38435,0.006231,12058,0.006230,52883,0.006229,36704,0.006228,54217,0.006227,6199,0.006226,63929,0.006225,26325,0.006241,9239,0.006242,38424,0.006244,16015,0.006245,150369,0.006246,105656,0.006249,2506,0.006250,24674,0.006252,7245,0.006253,132113,0.006254,1924
gate,bybit,RDNTUSDT,0.006276,0.006194,-1.3066,1774107176000,0.006199,2488,0.006183,534,0.006177,106803,0.006171,12560,0.006169,106803,0.006164,1936,0.006163,106564,0.00616,212537,0.006158,90144,0.006152,106803,0.006275,25681,0.006276,8214,0.006277,22096,0.006287,2591,0.006289,24452,0.006295,7858,0.0063,4660,0.006301,23063,0.006313,21657,0.006325,20480,0.006245,537,0.006244,1921,0.006243,8959,0.006242,34056,0.006240,34056,0.006239,6462,0.006238,43325,0.006237,17053,0.006236,44478,0.006235,16821,0.006251,33954,0.006252,34056,0.006255,22233,0.006258,25362,0.006259,2139,0.006260,1687,0.006261,33271,0.006262,15969,0.006263,6125,0.006264,143932
gate,bybit,RDNTUSDT,0.006272,0.006198,-1.1798,1774107177000,0.006201,2488,0.006183,534,0.00618,4700,0.006179,7855,0.006169,106803,0.006163,108474,0.00616,212537,0.006158,90144,0.006152,106803,0.006141,106803,0.006272,5638,0.006273,29892,0.006274,2591,0.006277,22096,0.006288,10986,0.006289,24452,0.006296,4660,0.006297,7857,0.006301,23063,0.006313,21657,0.006229,6432,0.006228,16941,0.006227,10000,0.006226,10000,0.006225,44090,0.006224,5336,0.006223,13203,0.006222,56518,0.006221,20216,0.006220,48792,0.006236,32072,0.006237,36330,0.006238,51803,0.006239,3921,0.006240,2139,0.006241,4182,0.006242,23053,0.006243,25409,0.006245,16013,0.006246,51087
gate,bybit,RDNTUSDT,0.006268,0.006205,-1.0051,1774107178000,0.00619,12569,0.006186,2488,0.006183,534,0.006181,106906,0.006177,90153,0.006175,106906,0.006169,106803,0.006163,106564,0.00616,212537,0.006152,106803,0.006268,2591,0.006288,5618,0.006289,24564,0.006299,10922,0.0063,2574,0.006301,35563,0.006313,21657,0.006325,20480,0.006337,22576,0.006349,20491,0.006213,2321,0.006212,5502,0.006211,2015,0.006210,11683,0.006209,58397,0.006208,886,0.006207,2119,0.006206,1966,0.006204,11395,0.006203,48830,0.006215,7244,0.006216,47839,0.006219,5127,0.006220,7931,0.006221,21159,0.006222,65499,0.006223,41207,0.006224,435859,0.006228,51293,0.006229,7041
gate,bybit,RDNTUSDT,0.006292,0.006215,-1.2238,1774107179000,0.006195,4355,0.006194,10329,0.006192,4689,0.006187,107017,0.006183,534,0.006181,106906,0.006177,90153,0.006175,106906,0.006169,106803,0.006167,212549,0.006292,2591,0.0063,8235,0.006301,23667,0.006311,11051,0.006313,21657,0.006324,12529,0.006325,20480,0.006337,22576,0.006349,20491,0.006361,20563,0.006208,16108,0.006207,9692,0.006206,13969,0.006204,40305,0.006203,34170,0.006202,41871,0.006201,7776,0.006200,30575,0.006199,89081,0.006198,48056,0.006216,30433,0.006217,2567,0.006218,1932,0.006219,38753,0.006220,40594,0.006222,56882,0.006223,116142,0.006224,435843,0.006225,12406,0.006226,33869
gate,bybit,RDNTUSDT,0.006287,0.006212,-1.1929,1774107180000,0.006202,2488,0.006186,106769,0.006183,534,0.006181,106906,0.006177,90153,0.006175,106906,0.006169,106803,0.006167,212549,0.006139,10631,0.006136,538,0.006287,2591,0.006288,5657,0.006289,2580,0.006301,23667,0.006313,21657,0.006325,20480,0.006337,22576,0.006349,20491,0.006361,20563,0.006363,7206,0.006200,18342,0.006199,5693,0.006197,2542,0.006196,2127,0.006195,33324,0.006194,888,0.006193,16147,0.006192,51497,0.006191,7245,0.006190,79556,0.006206,52578,0.006207,1095701,0.006210,45088,0.006211,113,0.006212,67164,0.006213,8026,0.006214,1949,0.006215,1610,0.006216,65914,0.006217,1937
gate,bybit,RDNTUSDT,0.006284,0.006213,-1.1299,1774107181000,0.006206,2488,0.006201,4712,0.006185,7870,0.006184,30379,0.006183,534,0.006181,106906,0.006171,2048,0.00617,106752,0.006147,212558,0.006139,10631,0.006284,5660,0.006285,2591,0.0063,13636,0.006301,26761,0.006313,21657,0.006324,7870,0.006325,20480,0.006337,22576,0.006349,20491,0.006361,20563,0.006202,18756,0.006201,31802,0.006200,23961,0.006199,4371,0.006197,22654,0.006196,33365,0.006195,38013,0.006194,3067,0.006193,6564,0.006192,20802,0.006207,1102733,0.006209,7883,0.006210,45088,0.006211,113,0.006212,67164,0.006214,4707,0.006216,3169,0.006218,49227,0.006219,7451,0.006220,49611
gate,bybit,RDNTUSDT,0.006282,0.006213,-1.0984,1774107182000,0.006189,4697,0.006188,4363,0.006187,10339,0.006183,534,0.006181,106906,0.00618,90171,0.006178,1884,0.006177,212547,0.00617,106752,0.006159,106752,0.006283,2591,0.006287,5634,0.006288,2578,0.006289,20216,0.0063,10973,0.006301,22101,0.006311,12525,0.006313,21657,0.006325,20480,0.006337,22576,0.006206,25177,0.006204,2441,0.006202,3762,0.006200,38664,0.006199,1245,0.006198,4390,0.006197,53930,0.006196,36635,0.006195,18374,0.006194,51786,0.006210,40189,0.006211,113,0.006212,1600,0.006214,37229,0.006215,49,0.006216,16893,0.006217,39863,0.006218,34736,0.006219,65619,0.006220,13059
gate,bybit,RDNTUSDT,0.006278,0.006203,-1.1946,1774107183000,0.006198,10345,0.006197,4700,0.006183,107405,0.006181,1918,0.00618,90171,0.006177,319418,0.00617,106752,0.006139,10631,0.006136,538,0.006129,539,0.006279,29892,0.00628,2591,0.006289,21964,0.0063,2570,0.006311,18852,0.006312,4660,0.006313,21657,0.006325,20480,0.006337,22576,0.006349,20491,0.006216,2425,0.006212,5017,0.006211,27298,0.006210,886,0.006208,26790,0.006207,59073,0.006206,32685,0.006205,38314,0.006204,41911,0.006203,110719,0.006219,26080,0.006220,34141,0.006221,28385,0.006222,10000,0.006223,1719,0.006224,443022,0.006225,65769,0.006226,36258,0.006227,33743,0.006228,4787
gate,bybit,RDNTUSDT,0.006274,0.006207,-1.0679,1774107184000,0.006183,534,0.006137,4690,0.006136,8381,0.006135,9910,0.00613,106854,0.006129,90701,0.006124,106854,0.006121,20943,0.00612,8330,0.006118,22233,0.006265,21936,0.006274,8851,0.006275,29892,0.006276,2561,0.006277,20210,0.006279,2591,0.006289,21964,0.006311,12527,0.006313,21657,0.006325,27944,0.006216,4664,0.006215,3177,0.006214,28546,0.006213,49788,0.006212,46525,0.006210,3227,0.006209,22797,0.006208,32013,0.006207,47572,0.006206,41289,0.006221,385,0.006223,54753,0.006224,123608,0.006225,3065,0.006226,34463,0.006227,9,0.006228,884,0.006229,7337,0.006230,102734,0.006231,825504
gate,bybit,RDNTUSDT,0.006254,0.006178,-1.2152,1774107185000,0.006183,534,0.006175,12493,0.006174,107138,0.006163,107138,0.006153,107138,0.006152,90164,0.006141,212531,0.006136,538,0.006135,9910,0.00613,106854,0.006254,3230,0.006255,32483,0.006258,22567,0.006284,5590,0.006299,2544,0.0063,12481,0.006301,20245,0.006313,21657,0.006325,20480,0.006337,22576,0.006212,1097,0.006209,2158,0.006207,50242,0.006206,41342,0.006205,2419,0.006204,35712,0.006203,34032,0.006202,32789,0.006201,109989,0.006200,117902,0.006216,16088,0.006218,23324,0.006219,5150,0.006220,4495,0.006222,16072,0.006223,66069,0.006224,121684,0.006225,35204,0.006226,556,0.006227,4936
gate,bybit,RDNTUSDT,0.00625,0.006182,-1.088,1774107186000,0.006183,534,0.006177,7817,0.006176,4671,0.006174,107138,0.006164,1574,0.006163,107138,0.006153,107138,0.006152,90164,0.006141,212531,0.006136,538,0.00625,3230,0.006251,29892,0.006275,2591,0.006276,8128,0.006277,21939,0.006286,10818,0.006289,22211,0.0063,12477,0.006301,20245,0.006313,21657,0.006212,33659,0.006211,3810,0.006210,3845,0.006206,556,0.006205,51024,0.006204,21754,0.006203,102453,0.006202,58996,0.006201,62263,0.006200,150017,0.006215,16090,0.006216,34745,0.006217,33242,0.006218,23440,0.006219,5627,0.006220,3522,0.006222,28802,0.006223,88122,0.006224,17725,0.006225,9687
gate,bybit,RDNTUSDT,0.006259,0.006174,-1.358,1774107187000,0.00618,107043,0.006178,2520,0.006174,107138,0.006164,1660,0.006163,107138,0.006154,7132,0.006153,107138,0.006152,90164,0.006141,212531,0.006136,538,0.006258,3230,0.006259,29892,0.006261,2591,0.006275,5599,0.006276,2549,0.006277,21939,0.006288,10861,0.006289,22211,0.006297,7825,0.006298,4660,0.006209,1130,0.006206,50426,0.006205,34072,0.006204,33811,0.006203,16121,0.006202,23414,0.006201,35476,0.006200,57730,0.006199,70130,0.006198,133683,0.006213,19884,0.006214,18340,0.006215,31300,0.006216,10264,0.006217,37270,0.006220,7725,0.006221,102751,0.006222,2103,0.006225,23478,0.006226,43843
gate,bybit,RDNTUSDT,0.006254,0.006158,-1.535,1774107188000,0.006164,2556,0.006153,107138,0.006152,90164,0.006143,107198,0.006141,212531,0.006136,538,0.006135,9910,0.006129,539,0.006121,20943,0.00612,8330,0.006254,3230,0.006255,2591,0.006263,5564,0.006264,2530,0.006265,24478,0.006275,4681,0.006277,21939,0.006288,7856,0.006289,22211,0.006301,20245,0.006204,10000,0.006203,8797,0.006202,2649,0.006201,32252,0.006200,76147,0.006199,18414,0.006198,43297,0.006197,19957,0.006196,102141,0.006195,130444,0.006210,27675,0.006211,36402,0.006213,3041,0.006214,24418,0.006216,556,0.006218,8767,0.006219,2247,0.006220,53369,0.006221,1608,0.006222,44261
gate,bybit,RDNTUSDT,0.006263,0.006162,-1.6126,1774107189000,0.00616,81168,0.006159,107483,0.006155,2532,0.006153,107138,0.006143,107198,0.006141,212531,0.006138,90257,0.006136,7737,0.006135,9910,0.006133,107483,0.006245,3230,0.006246,2591,0.006263,8063,0.006265,21396,0.006276,4666,0.006277,21939,0.006288,7832,0.006289,22211,0.006301,20245,0.006313,21657,0.006186,16166,0.006184,16171,0.006183,4289,0.006178,22953,0.006177,556,0.006176,22953,0.006174,22953,0.006173,2897,0.006172,91101,0.006171,34430,0.006188,40185,0.006189,97077,0.006190,160102,0.006191,7116,0.006192,14143,0.006193,72691,0.006194,28256,0.006195,40940,0.006196,110976,0.006197,20024
gate,bybit,RDNTUSDT,0.00626,0.006174,-1.3738,1774107190000,0.006165,107483,0.006159,107483,0.006154,2504,0.006153,107138,0.006143,107198,0.006142,7127,0.006141,212531,0.006138,90257,0.006136,538,0.006135,9910,0.006241,3230,0.006242,2591,0.006252,5540,0.006265,21396,0.006276,4666,0.006277,21939,0.006286,7834,0.006289,22211,0.006301,20245,0.006313,21657,0.006175,17360,0.006174,1943,0.006173,4573,0.006172,3576,0.006170,33823,0.006168,32426,0.006167,36723,0.006166,12040,0.006165,10453,0.006164,73558,0.006181,12274,0.006184,23539,0.006185,34097,0.006187,3184,0.006188,23292,0.006189,59617,0.006190,43567,0.006191,35447,0.006192,9046,0.006193,124096
gate,bybit,RDNTUSDT,0.006262,0.006179,-1.3255,1774107191000,0.006165,107474,0.00616,2504,0.006159,107483,0.006157,90302,0.006153,107138,0.006144,7127,0.006143,107198,0.006141,212531,0.006136,538,0.006135,9910,0.006261,8770,0.006262,5108,0.006265,20856,0.006276,12486,0.006277,21939,0.006289,22211,0.006301,20245,0.006313,21657,0.006325,20480,0.006337,22576,0.006177,3827,0.006174,891,0.006171,65,0.006170,66882,0.006169,36512,0.006168,7533,0.006167,36856,0.006166,2578,0.006165,41778,0.006164,55708,0.006180,13878,0.006181,31207,0.006182,39135,0.006183,2562,0.006184,2348,0.006185,1947,0.006187,2053,0.006188,43310,0.006189,2324,0.006190,120641
gate,bybit,RDNTUSDT,0.006255,0.006175,-1.279,1774107192000,0.006165,2550,0.006159,107483,0.006157,90302,0.006154,1462,0.006153,107138,0.006144,7244,0.006143,107198,0.006141,212531,0.006136,538,0.006135,9910,0.006255,3230,0.006256,2591,0.006264,8100,0.006265,20856,0.006274,4684,0.006277,32701,0.006288,7862,0.006289,22211,0.006301,20245,0.006313,21657,0.006163,60930,0.006162,217292,0.006161,8332,0.006159,31993,0.006158,2955,0.006157,5883,0.006156,23617,0.006155,2139,0.006154,9332,0.006153,31984,0.006170,2666,0.006172,892,0.006173,50777,0.006175,7540,0.006176,55181,0.006177,7406,0.006178,72555,0.006179,59467,0.006180,8425,0.006181,54720
gate,bybit,RDNTUSDT,0.006246,0.006172,-1.1848,1774107193000,0.006165,2530,0.006159,107483,0.006157,90302,0.006154,1384,0.006153,107138,0.006144,7227,0.006143,107198,0.006141,212531,0.006136,538,0.006135,9910,0.006246,2591,0.006247,3230,0.006264,5556,0.006265,20856,0.006277,21939,0.006286,7854,0.006287,4679,0.006289,22211,0.006301,20245,0.006313,21657,0.006171,2702,0.006167,9690,0.006166,5939,0.006165,48663,0.006164,49246,0.006163,9271,0.006162,37000,0.006161,16048,0.006160,69908,0.006159,82724,0.006174,32394,0.006175,31191,0.006176,47971,0.006177,3655,0.006178,9299,0.006179,87697,0.006181,9131,0.006182,13756,0.006183,114172,0.006184,44544
gate,bybit,RDNTUSDT,0.006236,0.006167,-1.1065,1774107194000,0.006164,107457,0.006159,107483,0.006154,2497,0.006153,107138,0.006143,197583,0.006141,212531,0.006136,538,0.006135,9910,0.006129,539,0.006102,6954,0.006236,2591,0.006237,3230,0.006242,29892,0.006264,8057,0.006265,20856,0.006275,4661,0.006276,7825,0.006277,21939,0.006289,22211,0.006301,20245,0.006177,10000,0.006176,8332,0.006175,15314,0.006174,891,0.006173,8542,0.006172,18664,0.006171,2646,0.006170,51651,0.006169,26413,0.006168,41762,0.006181,66476,0.006182,23113,0.006183,16074,0.006184,32783,0.006185,8174,0.006186,33581,0.006187,556,0.006188,889,0.006189,37450,0.006190,2522
gate,bybit,RDNTUSDT,0.006258,0.006168,-1.4382,1774107195000,0.00616,2556,0.006159,107483,0.006153,107138,0.006144,7104,0.006143,197583,0.006141,212531,0.006136,538,0.006135,9910,0.006129,539,0.006102,6954,0.006258,33122,0.006264,8084,0.006265,23128,0.006276,4685,0.006277,21939,0.006288,7806,0.006289,22211,0.006301,20245,0.006313,21657,0.006318,523,0.006167,222669,0.006166,892,0.006164,893,0.006163,2936,0.006162,12506,0.006161,2354,0.006160,17690,0.006159,23637,0.006158,68266,0.006157,20305,0.006175,59773,0.006176,66915,0.006177,556,0.006178,18936,0.006179,44659,0.006180,10890,0.006181,10000,0.006182,102768,0.006184,7785,0.006185,9310
