spot_exch,fut_exch,symbol,ask_spot,bid_futures,spread_pct,ts
binance,gate,FUNUSDT,0.00137600,0.0308,2138.3721,1774043220845
binance,gate,FUNUSDT,0.00137600,0.0308,2138.3721,1774043221145
binance,gate,FUNUSDT,0.00137600,0.0308,2138.3721,1774043221445
binance,gate,FUNUSDT,0.00137600,0.0308,2138.3721,1774043221746
binance,gate,FUNUSDT,0.00137600,0.0308,2138.3721,1774043222046
binance,gate,FUNUSDT,0.00137600,0.0308,2138.3721,1774043222346
binance,gate,FUNUSDT,0.00137600,0.0308,2138.3721,1774043222646
binance,gate,FUNUSDT,0.00137600,0.0308,2138.3721,1774043222946
binance,gate,FUNUSDT,0.00137600,0.0308,2138.3721,1774043223246
binance,gate,FUNUSDT,0.00137600,0.0308,2138.3721,1774043223546
binance,gate,FUNUSDT,0.00137600,0.0308,2138.3721,1774043223847
binance,gate,FUNUSDT,0.00137600,0.0308,2138.3721,1774043224147
binance,gate,FUNUSDT,0.00137600,0.0308,2138.3721,1774043224447
binance,gate,FUNUSDT,0.00137600,0.0308,2138.3721,1774043224747
binance,gate,FUNUSDT,0.00137600,0.0308,2138.3721,1774043225048
binance,gate,FUNUSDT,0.00137600,0.0308,2138.3721,1774043225348
binance,gate,FUNUSDT,0.00137600,0.0308,2138.3721,1774043225648
binance,gate,FUNUSDT,0.00137600,0.0308,2138.3721,1774043225948
binance,gate,FUNUSDT,0.00137600,0.0308,2138.3721,1774043226248
binance,gate,FUNUSDT,0.00137600,0.0308,2138.3721,1774043226548
binance,gate,FUNUSDT,0.00137600,0.0308,2138.3721,1774043226848
binance,gate,FUNUSDT,0.00137600,0.0308,2138.3721,1774043227148
binance,gate,FUNUSDT,0.00137600,0.0308,2138.3721,1774043227449
binance,gate,FUNUSDT,0.00137600,0.0308,2138.3721,1774043227749
binance,gate,FUNUSDT,0.00137600,0.0308,2138.3721,1774043228049
binance,gate,FUNUSDT,0.00137600,0.0308,2138.3721,1774043228350
binance,gate,FUNUSDT,0.00137600,0.0308,2138.3721,1774043228650
binance,gate,FUNUSDT,0.00137600,0.0308,2138.3721,1774043228950
binance,gate,FUNUSDT,0.00137600,0.0308,2138.3721,1774043229251
binance,gate,FUNUSDT,0.00137600,0.0308,2138.3721,1774043229551
binance,gate,FUNUSDT,0.00137600,0.0308,2138.3721,1774043229852
binance,gate,FUNUSDT,0.00137600,0.0308,2138.3721,1774043230152
binance,gate,FUNUSDT,0.00137600,0.0308,2138.3721,1774043230453
binance,gate,FUNUSDT,0.00137600,0.0308,2138.3721,1774043230753
binance,gate,FUNUSDT,0.00137600,0.0308,2138.3721,1774043231053
binance,gate,FUNUSDT,0.00137600,0.0308,2138.3721,1774043231353
binance,gate,FUNUSDT,0.00137600,0.0308,2138.3721,1774043231654
binance,gate,FUNUSDT,0.00137600,0.0308,2138.3721,1774043231954
binance,gate,FUNUSDT,0.00137600,0.0308,2138.3721,1774043232254
binance,gate,FUNUSDT,0.00137600,0.0308,2138.3721,1774043232555
binance,gate,FUNUSDT,0.00137600,0.0308,2138.3721,1774043232855
binance,gate,FUNUSDT,0.00137600,0.0308,2138.3721,1774043233155
binance,gate,FUNUSDT,0.00137600,0.0308,2138.3721,1774043233455
binance,gate,FUNUSDT,0.00137600,0.0308,2138.3721,1774043233756
binance,gate,FUNUSDT,0.00137600,0.0308,2138.3721,1774043234057
binance,gate,FUNUSDT,0.00137600,0.0308,2138.3721,1774043234357
binance,gate,FUNUSDT,0.00137600,0.0308,2138.3721,1774043234658
binance,gate,FUNUSDT,0.00137600,0.0308,2138.3721,1774043234958
binance,gate,FUNUSDT,0.00137600,0.0308,2138.3721,1774043235259
binance,gate,FUNUSDT,0.00137600,0.0308,2138.3721,1774043235559
binance,gate,FUNUSDT,0.00137600,0.0308,2138.3721,1774043235859
binance,gate,FUNUSDT,0.00137600,0.0308,2138.3721,1774043236159
binance,gate,FUNUSDT,0.00137600,0.0308,2138.3721,1774043236459
binance,gate,FUNUSDT,0.00137600,0.0308,2138.3721,1774043236759
binance,gate,FUNUSDT,0.00137600,0.0308,2138.3721,1774043237059
binance,gate,FUNUSDT,0.00137600,0.0308,2138.3721,1774043237359
binance,gate,FUNUSDT,0.00137600,0.0308,2138.3721,1774043237660
binance,gate,FUNUSDT,0.00137600,0.0308,2138.3721,1774043237960
binance,gate,FUNUSDT,0.00137600,0.0308,2138.3721,1774043238260
binance,gate,FUNUSDT,0.00137600,0.0308,2138.3721,1774043238560
binance,gate,FUNUSDT,0.00137600,0.03078,2136.9186,1774043238860
binance,gate,FUNUSDT,0.00137600,0.03078,2136.9186,1774043239160
binance,gate,FUNUSDT,0.00137600,0.03078,2136.9186,1774043239460
binance,gate,FUNUSDT,0.00137600,0.03078,2136.9186,1774043239761
binance,gate,FUNUSDT,0.00137600,0.03078,2136.9186,1774043240061
binance,gate,FUNUSDT,0.00137600,0.03078,2136.9186,1774043240361
binance,gate,FUNUSDT,0.00137600,0.03078,2136.9186,1774043240661
binance,gate,FUNUSDT,0.00137600,0.03078,2136.9186,1774043240961
binance,gate,FUNUSDT,0.00137600,0.03078,2136.9186,1774043241262
binance,gate,FUNUSDT,0.00137600,0.03078,2136.9186,1774043241562
binance,gate,FUNUSDT,0.00137600,0.03078,2136.9186,1774043241862
binance,gate,FUNUSDT,0.00137600,0.03078,2136.9186,1774043242162
binance,gate,FUNUSDT,0.00137600,0.03078,2136.9186,1774043242462
binance,gate,FUNUSDT,0.00137600,0.03078,2136.9186,1774043242762
binance,gate,FUNUSDT,0.00137600,0.03078,2136.9186,1774043243062
binance,gate,FUNUSDT,0.00137600,0.03078,2136.9186,1774043243365
binance,gate,FUNUSDT,0.00137600,0.03078,2136.9186,1774043243665
binance,gate,FUNUSDT,0.00137600,0.03078,2136.9186,1774043243965
binance,gate,FUNUSDT,0.00137600,0.03078,2136.9186,1774043244265
binance,gate,FUNUSDT,0.00137600,0.03078,2136.9186,1774043244565
binance,gate,FUNUSDT,0.00137600,0.03078,2136.9186,1774043244865
binance,gate,FUNUSDT,0.00137600,0.03078,2136.9186,1774043245166
binance,gate,FUNUSDT,0.00137600,0.03078,2136.9186,1774043245466
binance,gate,FUNUSDT,0.00137600,0.03078,2136.9186,1774043245766
binance,gate,FUNUSDT,0.00137600,0.03079,2137.6453,1774043246066
binance,gate,FUNUSDT,0.00137600,0.03079,2137.6453,1774043246366
binance,gate,FUNUSDT,0.00137600,0.03079,2137.6453,1774043246667
binance,gate,FUNUSDT,0.00137600,0.03079,2137.6453,1774043246967
binance,gate,FUNUSDT,0.00137600,0.03079,2137.6453,1774043247267
binance,gate,FUNUSDT,0.00137600,0.03079,2137.6453,1774043247567
binance,gate,FUNUSDT,0.00137600,0.03079,2137.6453,1774043247867
binance,gate,FUNUSDT,0.00137600,0.03079,2137.6453,1774043248168
binance,gate,FUNUSDT,0.00137600,0.03079,2137.6453,1774043248468
binance,gate,FUNUSDT,0.00137600,0.03079,2137.6453,1774043248768
binance,gate,FUNUSDT,0.00137600,0.03079,2137.6453,1774043249068
binance,gate,FUNUSDT,0.00137600,0.03079,2137.6453,1774043249368
binance,gate,FUNUSDT,0.00137600,0.03079,2137.6453,1774043249668
binance,gate,FUNUSDT,0.00137600,0.03079,2137.6453,1774043249969
binance,gate,FUNUSDT,0.00137600,0.03079,2137.6453,1774043250269
binance,gate,FUNUSDT,0.00137600,0.03079,2137.6453,1774043250569
binance,gate,FUNUSDT,0.00137600,0.03079,2137.6453,1774043250870
binance,gate,FUNUSDT,0.00137600,0.03079,2137.6453,1774043251170
binance,gate,FUNUSDT,0.00137600,0.03079,2137.6453,1774043251470
binance,gate,FUNUSDT,0.00137600,0.03079,2137.6453,1774043251770
binance,gate,FUNUSDT,0.00137600,0.03079,2137.6453,1774043252070
binance,gate,FUNUSDT,0.00137600,0.03079,2137.6453,1774043252371
binance,gate,FUNUSDT,0.00137600,0.03079,2137.6453,1774043252671
binance,gate,FUNUSDT,0.00137600,0.03079,2137.6453,1774043252971
binance,gate,FUNUSDT,0.00137600,0.03079,2137.6453,1774043253272
binance,gate,FUNUSDT,0.00137600,0.03079,2137.6453,1774043253572
binance,gate,FUNUSDT,0.00137600,0.03079,2137.6453,1774043253872
binance,gate,FUNUSDT,0.00137600,0.03079,2137.6453,1774043254172
binance,gate,FUNUSDT,0.00137600,0.03079,2137.6453,1774043254473
binance,gate,FUNUSDT,0.00137600,0.03079,2137.6453,1774043254773
binance,gate,FUNUSDT,0.00137600,0.03079,2137.6453,1774043255073
binance,gate,FUNUSDT,0.00137600,0.03079,2137.6453,1774043255373
binance,gate,FUNUSDT,0.00137600,0.03079,2137.6453,1774043255673
binance,gate,FUNUSDT,0.00137600,0.03079,2137.6453,1774043255974
binance,gate,FUNUSDT,0.00137600,0.03079,2137.6453,1774043256274
binance,gate,FUNUSDT,0.00137600,0.03079,2137.6453,1774043256574
binance,gate,FUNUSDT,0.00137600,0.03079,2137.6453,1774043256874
binance,gate,FUNUSDT,0.00137600,0.03079,2137.6453,1774043257174
binance,gate,FUNUSDT,0.00137600,0.03079,2137.6453,1774043257478
binance,gate,FUNUSDT,0.00137600,0.03079,2137.6453,1774043257779
binance,gate,FUNUSDT,0.00137600,0.03079,2137.6453,1774043258079
binance,gate,FUNUSDT,0.00137600,0.03079,2137.6453,1774043258379
binance,gate,FUNUSDT,0.00137600,0.03079,2137.6453,1774043258679
binance,gate,FUNUSDT,0.00137600,0.03079,2137.6453,1774043258980
binance,gate,FUNUSDT,0.00137600,0.03079,2137.6453,1774043259280
binance,gate,FUNUSDT,0.00137600,0.03079,2137.6453,1774043259580
binance,gate,FUNUSDT,0.00137600,0.03079,2137.6453,1774043259881
binance,gate,FUNUSDT,0.00137600,0.03079,2137.6453,1774043260181
binance,gate,FUNUSDT,0.00137600,0.03079,2137.6453,1774043260482
binance,gate,FUNUSDT,0.00137600,0.03079,2137.6453,1774043260782
binance,gate,FUNUSDT,0.00137600,0.03079,2137.6453,1774043261083
binance,gate,FUNUSDT,0.00137600,0.03079,2137.6453,1774043261383
binance,gate,FUNUSDT,0.00137600,0.03079,2137.6453,1774043261683
binance,gate,FUNUSDT,0.00137600,0.03079,2137.6453,1774043261983
binance,gate,FUNUSDT,0.00137600,0.03079,2137.6453,1774043262283
binance,gate,FUNUSDT,0.00137600,0.03079,2137.6453,1774043262583
binance,gate,FUNUSDT,0.00137600,0.03079,2137.6453,1774043262883
binance,gate,FUNUSDT,0.00137600,0.03079,2137.6453,1774043263183
binance,gate,FUNUSDT,0.00137600,0.03079,2137.6453,1774043263483
binance,gate,FUNUSDT,0.00137600,0.03079,2137.6453,1774043263783
binance,gate,FUNUSDT,0.00137600,0.03079,2137.6453,1774043264084
binance,gate,FUNUSDT,0.00137600,0.03079,2137.6453,1774043264384
binance,gate,FUNUSDT,0.00137600,0.03079,2137.6453,1774043264684
binance,gate,FUNUSDT,0.00137600,0.03079,2137.6453,1774043264984
binance,gate,FUNUSDT,0.00137600,0.03079,2137.6453,1774043265284
binance,gate,FUNUSDT,0.00137600,0.03079,2137.6453,1774043265584
binance,gate,FUNUSDT,0.00137600,0.03079,2137.6453,1774043265884
binance,gate,FUNUSDT,0.00137600,0.03079,2137.6453,1774043266185
binance,gate,FUNUSDT,0.00137600,0.03079,2137.6453,1774043266485
binance,gate,FUNUSDT,0.00137600,0.03079,2137.6453,1774043266785
binance,gate,FUNUSDT,0.00137600,0.03079,2137.6453,1774043267086
binance,gate,FUNUSDT,0.00137600,0.03079,2137.6453,1774043267386
binance,gate,FUNUSDT,0.00137600,0.03079,2137.6453,1774043267686
binance,gate,FUNUSDT,0.00137600,0.03079,2137.6453,1774043267987
binance,gate,FUNUSDT,0.00137600,0.03079,2137.6453,1774043268287
binance,gate,FUNUSDT,0.00137600,0.03079,2137.6453,1774043268588
binance,gate,FUNUSDT,0.00137600,0.03079,2137.6453,1774043268888
binance,gate,FUNUSDT,0.00137600,0.03079,2137.6453,1774043269188
binance,gate,FUNUSDT,0.00137600,0.03079,2137.6453,1774043269488
binance,gate,FUNUSDT,0.00137600,0.03079,2137.6453,1774043269788
binance,gate,FUNUSDT,0.00137600,0.03079,2137.6453,1774043270088
binance,gate,FUNUSDT,0.00137600,0.03079,2137.6453,1774043270388
binance,gate,FUNUSDT,0.00137600,0.03079,2137.6453,1774043270689
binance,gate,FUNUSDT,0.00137600,0.03079,2137.6453,1774043270989
binance,gate,FUNUSDT,0.00137600,0.03079,2137.6453,1774043271289
binance,gate,FUNUSDT,0.00137600,0.03079,2137.6453,1774043271589
binance,gate,FUNUSDT,0.00137600,0.03079,2137.6453,1774043271889
binance,gate,FUNUSDT,0.00137600,0.03079,2137.6453,1774043272189
binance,gate,FUNUSDT,0.00137600,0.03079,2137.6453,1774043272490
binance,gate,FUNUSDT,0.00137600,0.03079,2137.6453,1774043272791
binance,gate,FUNUSDT,0.00137600,0.03079,2137.6453,1774043273091
binance,gate,FUNUSDT,0.00137600,0.03079,2137.6453,1774043273391
binance,gate,FUNUSDT,0.00137600,0.03079,2137.6453,1774043273692
binance,gate,FUNUSDT,0.00137600,0.03079,2137.6453,1774043273992
binance,gate,FUNUSDT,0.00137600,0.03079,2137.6453,1774043274292
binance,gate,FUNUSDT,0.00137600,0.03079,2137.6453,1774043274592
binance,gate,FUNUSDT,0.00137600,0.03079,2137.6453,1774043274893
binance,gate,FUNUSDT,0.00137600,0.03079,2137.6453,1774043275193
binance,gate,FUNUSDT,0.00137600,0.03079,2137.6453,1774043275493
binance,gate,FUNUSDT,0.00137600,0.03079,2137.6453,1774043275793
binance,gate,FUNUSDT,0.00137600,0.03079,2137.6453,1774043276094
binance,gate,FUNUSDT,0.00137600,0.03079,2137.6453,1774043276394
binance,gate,FUNUSDT,0.00137600,0.03079,2137.6453,1774043276694
binance,gate,FUNUSDT,0.00137600,0.03079,2137.6453,1774043276994
binance,gate,FUNUSDT,0.00137600,0.03079,2137.6453,1774043277294
binance,gate,FUNUSDT,0.00137600,0.03079,2137.6453,1774043277595
binance,gate,FUNUSDT,0.00137600,0.03079,2137.6453,1774043277895
binance,gate,FUNUSDT,0.00137600,0.03079,2137.6453,1774043278196
binance,gate,FUNUSDT,0.00137600,0.03079,2137.6453,1774043278500
binance,gate,FUNUSDT,0.00137600,0.03079,2137.6453,1774043278803
binance,gate,FUNUSDT,0.00137600,0.03079,2137.6453,1774043279109
binance,gate,FUNUSDT,0.00137600,0.03079,2137.6453,1774043279412
binance,gate,FUNUSDT,0.00137600,0.03079,2137.6453,1774043279712
binance,gate,FUNUSDT,0.00137600,0.03079,2137.6453,1774043280013
binance,gate,FUNUSDT,0.00137600,0.03079,2137.6453,1774043280314
binance,gate,FUNUSDT,0.00137600,0.03079,2137.6453,1774043280618
binance,gate,FUNUSDT,0.00137600,0.03079,2137.6453,1774043280924
binance,gate,FUNUSDT,0.00137600,0.03079,2137.6453,1774043281226
binance,gate,FUNUSDT,0.00137600,0.03079,2137.6453,1774043281527
binance,gate,FUNUSDT,0.00137600,0.03079,2137.6453,1774043281827
binance,gate,FUNUSDT,0.00137600,0.03079,2137.6453,1774043282127
binance,gate,FUNUSDT,0.00137600,0.03079,2137.6453,1774043282427
binance,gate,FUNUSDT,0.00137600,0.03079,2137.6453,1774043282727
binance,gate,FUNUSDT,0.00137600,0.03079,2137.6453,1774043283027
binance,gate,FUNUSDT,0.00137600,0.03079,2137.6453,1774043283328
binance,gate,FUNUSDT,0.00137600,0.03079,2137.6453,1774043283628
binance,gate,FUNUSDT,0.00137600,0.03079,2137.6453,1774043283928
binance,gate,FUNUSDT,0.00137600,0.03079,2137.6453,1774043284228
binance,gate,FUNUSDT,0.00137600,0.03079,2137.6453,1774043284528
binance,gate,FUNUSDT,0.00137600,0.03079,2137.6453,1774043284828
binance,gate,FUNUSDT,0.00137600,0.03079,2137.6453,1774043285129
binance,gate,FUNUSDT,0.00137600,0.03079,2137.6453,1774043285429
binance,gate,FUNUSDT,0.00137600,0.03079,2137.6453,1774043285729
binance,gate,FUNUSDT,0.00137600,0.03078,2136.9186,1774043286030
binance,gate,FUNUSDT,0.00137600,0.03078,2136.9186,1774043286330
binance,gate,FUNUSDT,0.00137600,0.03078,2136.9186,1774043286630
binance,gate,FUNUSDT,0.00137600,0.03078,2136.9186,1774043286930
binance,gate,FUNUSDT,0.00137600,0.03078,2136.9186,1774043287230
binance,gate,FUNUSDT,0.00137600,0.03078,2136.9186,1774043287530
binance,gate,FUNUSDT,0.00137600,0.03078,2136.9186,1774043287831
binance,gate,FUNUSDT,0.00137600,0.03078,2136.9186,1774043288131
binance,gate,FUNUSDT,0.00137600,0.03078,2136.9186,1774043288431
binance,gate,FUNUSDT,0.00137600,0.03078,2136.9186,1774043288731
binance,gate,FUNUSDT,0.00137600,0.03078,2136.9186,1774043289032
binance,gate,FUNUSDT,0.00137600,0.03078,2136.9186,1774043289332
binance,gate,FUNUSDT,0.00137600,0.03078,2136.9186,1774043289633
binance,gate,FUNUSDT,0.00137600,0.03078,2136.9186,1774043289933
binance,gate,FUNUSDT,0.00137600,0.03078,2136.9186,1774043290233
binance,gate,FUNUSDT,0.00137600,0.03078,2136.9186,1774043290533
binance,gate,FUNUSDT,0.00137600,0.03078,2136.9186,1774043290834
binance,gate,FUNUSDT,0.00137600,0.03078,2136.9186,1774043291134
binance,gate,FUNUSDT,0.00137600,0.03078,2136.9186,1774043291434
binance,gate,FUNUSDT,0.00137600,0.03078,2136.9186,1774043291734
binance,gate,FUNUSDT,0.00137600,0.03078,2136.9186,1774043292034
binance,gate,FUNUSDT,0.00137600,0.03078,2136.9186,1774043292335
binance,gate,FUNUSDT,0.00137600,0.03078,2136.9186,1774043292635
binance,gate,FUNUSDT,0.00137600,0.03078,2136.9186,1774043292935
binance,gate,FUNUSDT,0.00137600,0.03078,2136.9186,1774043293235
binance,gate,FUNUSDT,0.00137600,0.03078,2136.9186,1774043293535
binance,gate,FUNUSDT,0.00137600,0.03078,2136.9186,1774043293835
binance,gate,FUNUSDT,0.00137600,0.03078,2136.9186,1774043294136
binance,gate,FUNUSDT,0.00137600,0.03078,2136.9186,1774043294436
binance,gate,FUNUSDT,0.00137600,0.03078,2136.9186,1774043294736
binance,gate,FUNUSDT,0.00137600,0.03078,2136.9186,1774043295037
binance,gate,FUNUSDT,0.00137600,0.03078,2136.9186,1774043295337
binance,gate,FUNUSDT,0.00137600,0.03078,2136.9186,1774043295637
binance,gate,FUNUSDT,0.00137600,0.03078,2136.9186,1774043295937
binance,gate,FUNUSDT,0.00137600,0.03078,2136.9186,1774043296238
binance,gate,FUNUSDT,0.00137600,0.03079,2137.6453,1774043296538
binance,gate,FUNUSDT,0.00137600,0.03079,2137.6453,1774043296839
binance,gate,FUNUSDT,0.00137600,0.03079,2137.6453,1774043297139
binance,gate,FUNUSDT,0.00137600,0.03078,2136.9186,1774043297439
binance,gate,FUNUSDT,0.00137600,0.03078,2136.9186,1774043297739
binance,gate,FUNUSDT,0.00137600,0.03078,2136.9186,1774043298039
binance,gate,FUNUSDT,0.00137600,0.03078,2136.9186,1774043298339
binance,gate,FUNUSDT,0.00137600,0.03078,2136.9186,1774043298640
binance,gate,FUNUSDT,0.00137600,0.03078,2136.9186,1774043298940
binance,gate,FUNUSDT,0.00137600,0.03078,2136.9186,1774043299240
binance,gate,FUNUSDT,0.00137600,0.03078,2136.9186,1774043299540
binance,gate,FUNUSDT,0.00137600,0.03079,2137.6453,1774043299840
binance,gate,FUNUSDT,0.00137600,0.03079,2137.6453,1774043300141
binance,gate,FUNUSDT,0.00137600,0.03079,2137.6453,1774043300441
binance,gate,FUNUSDT,0.00137600,0.03079,2137.6453,1774043300742
binance,gate,FUNUSDT,0.00137600,0.03079,2137.6453,1774043301042
binance,gate,FUNUSDT,0.00137600,0.03079,2137.6453,1774043301342
binance,gate,FUNUSDT,0.00137600,0.03079,2137.6453,1774043301642
binance,gate,FUNUSDT,0.00137600,0.03078,2136.9186,1774043301942
binance,gate,FUNUSDT,0.00137600,0.03078,2136.9186,1774043302242
binance,gate,FUNUSDT,0.00137600,0.03078,2136.9186,1774043302542
binance,gate,FUNUSDT,0.00137600,0.03078,2136.9186,1774043302843
binance,gate,FUNUSDT,0.00137600,0.03078,2136.9186,1774043303143
binance,gate,FUNUSDT,0.00137600,0.03078,2136.9186,1774043303443
binance,gate,FUNUSDT,0.00137600,0.03078,2136.9186,1774043303743
binance,gate,FUNUSDT,0.00137600,0.03078,2136.9186,1774043304043
binance,gate,FUNUSDT,0.00137600,0.03078,2136.9186,1774043304344
binance,gate,FUNUSDT,0.00137600,0.03078,2136.9186,1774043304644
binance,gate,FUNUSDT,0.00137600,0.03078,2136.9186,1774043304944
binance,gate,FUNUSDT,0.00137600,0.03078,2136.9186,1774043305244
binance,gate,FUNUSDT,0.00137600,0.03078,2136.9186,1774043305545
binance,gate,FUNUSDT,0.00137600,0.03078,2136.9186,1774043305845
binance,gate,FUNUSDT,0.00137600,0.03078,2136.9186,1774043306146
binance,gate,FUNUSDT,0.00137600,0.03078,2136.9186,1774043306446
binance,gate,FUNUSDT,0.00137600,0.03078,2136.9186,1774043306746
binance,gate,FUNUSDT,0.00137600,0.03078,2136.9186,1774043307046
binance,gate,FUNUSDT,0.00137600,0.03078,2136.9186,1774043307347
binance,gate,FUNUSDT,0.00137600,0.03078,2136.9186,1774043307647
binance,gate,FUNUSDT,0.00137600,0.03078,2136.9186,1774043307947
binance,gate,FUNUSDT,0.00137600,0.03078,2136.9186,1774043308247
binance,gate,FUNUSDT,0.00137600,0.03078,2136.9186,1774043308547
binance,gate,FUNUSDT,0.00137600,0.03078,2136.9186,1774043308848
binance,gate,FUNUSDT,0.00137600,0.03078,2136.9186,1774043309148
binance,gate,FUNUSDT,0.00137600,0.03078,2136.9186,1774043309448
binance,gate,FUNUSDT,0.00137600,0.03078,2136.9186,1774043309748
binance,gate,FUNUSDT,0.00137600,0.03078,2136.9186,1774043310048
binance,gate,FUNUSDT,0.00137600,0.03078,2136.9186,1774043310349
binance,gate,FUNUSDT,0.00137600,0.03078,2136.9186,1774043310649
binance,gate,FUNUSDT,0.00137600,0.03078,2136.9186,1774043310949
binance,gate,FUNUSDT,0.00137600,0.03078,2136.9186,1774043311249
binance,gate,FUNUSDT,0.00137600,0.03078,2136.9186,1774043311551
binance,gate,FUNUSDT,0.00137600,0.03078,2136.9186,1774043311852
binance,gate,FUNUSDT,0.00137600,0.03078,2136.9186,1774043312152
binance,gate,FUNUSDT,0.00137600,0.03078,2136.9186,1774043312452
binance,gate,FUNUSDT,0.00137600,0.03078,2136.9186,1774043312752
binance,gate,FUNUSDT,0.00137600,0.03078,2136.9186,1774043313053
binance,gate,FUNUSDT,0.00137600,0.03078,2136.9186,1774043313353
binance,gate,FUNUSDT,0.00137600,0.03078,2136.9186,1774043313654
binance,gate,FUNUSDT,0.00137600,0.03078,2136.9186,1774043313954
binance,gate,FUNUSDT,0.00137600,0.03078,2136.9186,1774043314254
binance,gate,FUNUSDT,0.00137600,0.03078,2136.9186,1774043314554
binance,gate,FUNUSDT,0.00137600,0.03078,2136.9186,1774043314855
binance,gate,FUNUSDT,0.00137600,0.03078,2136.9186,1774043315155
binance,gate,FUNUSDT,0.00137600,0.03078,2136.9186,1774043315455
binance,gate,FUNUSDT,0.00137600,0.03078,2136.9186,1774043315756
binance,gate,FUNUSDT,0.00137600,0.03078,2136.9186,1774043316056
binance,gate,FUNUSDT,0.00137600,0.03078,2136.9186,1774043316356
binance,gate,FUNUSDT,0.00137600,0.03078,2136.9186,1774043316656
binance,gate,FUNUSDT,0.00137600,0.03078,2136.9186,1774043316956
binance,gate,FUNUSDT,0.00137600,0.03078,2136.9186,1774043317256
binance,gate,FUNUSDT,0.00137600,0.03078,2136.9186,1774043317557
binance,gate,FUNUSDT,0.00137600,0.03078,2136.9186,1774043317857
binance,gate,FUNUSDT,0.00137600,0.03078,2136.9186,1774043318157
binance,gate,FUNUSDT,0.00137600,0.03078,2136.9186,1774043318457
binance,gate,FUNUSDT,0.00137600,0.03078,2136.9186,1774043318758
binance,gate,FUNUSDT,0.00137600,0.03078,2136.9186,1774043319058
binance,gate,FUNUSDT,0.00137600,0.03078,2136.9186,1774043319358
binance,gate,FUNUSDT,0.00137600,0.03078,2136.9186,1774043319658
binance,gate,FUNUSDT,0.00137600,0.03078,2136.9186,1774043319958
binance,gate,FUNUSDT,0.00137600,0.03078,2136.9186,1774043320258
binance,gate,FUNUSDT,0.00137600,0.03078,2136.9186,1774043320558
binance,gate,FUNUSDT,0.00137600,0.03078,2136.9186,1774043320859
binance,gate,FUNUSDT,0.00137600,0.03078,2136.9186,1774043321159
binance,gate,FUNUSDT,0.00137600,0.03078,2136.9186,1774043321460
binance,gate,FUNUSDT,0.00137600,0.03078,2136.9186,1774043321760
binance,gate,FUNUSDT,0.00137600,0.03078,2136.9186,1774043322060
binance,gate,FUNUSDT,0.00137600,0.03078,2136.9186,1774043322360
binance,gate,FUNUSDT,0.00137600,0.03078,2136.9186,1774043322660
binance,gate,FUNUSDT,0.00137600,0.03078,2136.9186,1774043322960
binance,gate,FUNUSDT,0.00137600,0.03078,2136.9186,1774043323261
binance,gate,FUNUSDT,0.00137600,0.03078,2136.9186,1774043323561
binance,gate,FUNUSDT,0.00137600,0.03078,2136.9186,1774043323862
binance,gate,FUNUSDT,0.00137600,0.03078,2136.9186,1774043324162
binance,gate,FUNUSDT,0.00137600,0.03078,2136.9186,1774043324462
binance,gate,FUNUSDT,0.00137600,0.03078,2136.9186,1774043324762
binance,gate,FUNUSDT,0.00137600,0.03078,2136.9186,1774043325063
binance,gate,FUNUSDT,0.00137600,0.03078,2136.9186,1774043325363
binance,gate,FUNUSDT,0.00137600,0.03078,2136.9186,1774043325663
binance,gate,FUNUSDT,0.00137600,0.03078,2136.9186,1774043325963
binance,gate,FUNUSDT,0.00137600,0.03078,2136.9186,1774043326263
binance,gate,FUNUSDT,0.00137600,0.03078,2136.9186,1774043326564
binance,gate,FUNUSDT,0.00137600,0.03078,2136.9186,1774043326864
binance,gate,FUNUSDT,0.00137600,0.03078,2136.9186,1774043327164
binance,gate,FUNUSDT,0.00137600,0.03078,2136.9186,1774043327465
binance,gate,FUNUSDT,0.00137600,0.03078,2136.9186,1774043327765
binance,gate,FUNUSDT,0.00137600,0.03078,2136.9186,1774043328065
binance,gate,FUNUSDT,0.00137600,0.03078,2136.9186,1774043328365
binance,gate,FUNUSDT,0.00137600,0.03078,2136.9186,1774043328665
binance,gate,FUNUSDT,0.00137600,0.03078,2136.9186,1774043328965
binance,gate,FUNUSDT,0.00137600,0.03078,2136.9186,1774043329266
binance,gate,FUNUSDT,0.00137600,0.03078,2136.9186,1774043329566
binance,gate,FUNUSDT,0.00137600,0.03078,2136.9186,1774043329866
binance,gate,FUNUSDT,0.00137600,0.03078,2136.9186,1774043330167
binance,gate,FUNUSDT,0.00137600,0.03078,2136.9186,1774043330467
binance,gate,FUNUSDT,0.00137600,0.03078,2136.9186,1774043330767
binance,gate,FUNUSDT,0.00137600,0.03078,2136.9186,1774043331067
binance,gate,FUNUSDT,0.00137600,0.03078,2136.9186,1774043331368
binance,gate,FUNUSDT,0.00137600,0.03078,2136.9186,1774043331668
binance,gate,FUNUSDT,0.00137600,0.03078,2136.9186,1774043331968
binance,gate,FUNUSDT,0.00137600,0.03078,2136.9186,1774043332268
binance,gate,FUNUSDT,0.00137600,0.03078,2136.9186,1774043332569
binance,gate,FUNUSDT,0.00137600,0.03078,2136.9186,1774043332869
binance,gate,FUNUSDT,0.00137600,0.03078,2136.9186,1774043333170
binance,gate,FUNUSDT,0.00137600,0.03078,2136.9186,1774043333470
binance,gate,FUNUSDT,0.00137600,0.03078,2136.9186,1774043333770
binance,gate,FUNUSDT,0.00137600,0.03078,2136.9186,1774043334070
binance,gate,FUNUSDT,0.00137600,0.03078,2136.9186,1774043334371
binance,gate,FUNUSDT,0.00137600,0.03078,2136.9186,1774043334671
binance,gate,FUNUSDT,0.00137600,0.03078,2136.9186,1774043334971
binance,gate,FUNUSDT,0.00137600,0.03078,2136.9186,1774043335271
binance,gate,FUNUSDT,0.00137600,0.03078,2136.9186,1774043335572
binance,gate,FUNUSDT,0.00137600,0.03078,2136.9186,1774043335872
binance,gate,FUNUSDT,0.00137600,0.03078,2136.9186,1774043336172
binance,gate,FUNUSDT,0.00137600,0.03078,2136.9186,1774043336472
binance,gate,FUNUSDT,0.00137600,0.03078,2136.9186,1774043336773
binance,gate,FUNUSDT,0.00137600,0.03078,2136.9186,1774043337073
binance,gate,FUNUSDT,0.00137600,0.03078,2136.9186,1774043337373
binance,gate,FUNUSDT,0.00137600,0.03078,2136.9186,1774043337673
binance,gate,FUNUSDT,0.00137600,0.03078,2136.9186,1774043337974
binance,gate,FUNUSDT,0.00137600,0.03078,2136.9186,1774043338274
binance,gate,FUNUSDT,0.00137600,0.03078,2136.9186,1774043338574
binance,gate,FUNUSDT,0.00137600,0.03078,2136.9186,1774043338874
binance,gate,FUNUSDT,0.00137600,0.03078,2136.9186,1774043339174
binance,gate,FUNUSDT,0.00137600,0.03078,2136.9186,1774043339475
binance,gate,FUNUSDT,0.00137600,0.03078,2136.9186,1774043339775
binance,gate,FUNUSDT,0.00137600,0.03078,2136.9186,1774043340076
binance,gate,FUNUSDT,0.00137600,0.03078,2136.9186,1774043340376
binance,gate,FUNUSDT,0.00137600,0.03078,2136.9186,1774043340677
binance,gate,FUNUSDT,0.00137600,0.03078,2136.9186,1774043340977
binance,gate,FUNUSDT,0.00137600,0.03078,2136.9186,1774043341277
binance,gate,FUNUSDT,0.00137600,0.03078,2136.9186,1774043341577
binance,gate,FUNUSDT,0.00137600,0.03078,2136.9186,1774043341878
binance,gate,FUNUSDT,0.00137600,0.03078,2136.9186,1774043342178
binance,gate,FUNUSDT,0.00137600,0.03078,2136.9186,1774043342478
binance,gate,FUNUSDT,0.00137600,0.03078,2136.9186,1774043342778
binance,gate,FUNUSDT,0.00137600,0.03078,2136.9186,1774043343080
binance,gate,FUNUSDT,0.00137600,0.03078,2136.9186,1774043343380
binance,gate,FUNUSDT,0.00137600,0.03078,2136.9186,1774043343680
binance,gate,FUNUSDT,0.00137600,0.03078,2136.9186,1774043343980
binance,gate,FUNUSDT,0.00137600,0.03078,2136.9186,1774043344280
binance,gate,FUNUSDT,0.00137600,0.03078,2136.9186,1774043344581
binance,gate,FUNUSDT,0.00137600,0.03078,2136.9186,1774043344882
binance,gate,FUNUSDT,0.00137600,0.03078,2136.9186,1774043345182
binance,gate,FUNUSDT,0.00137600,0.03078,2136.9186,1774043345482
binance,gate,FUNUSDT,0.00137600,0.03078,2136.9186,1774043345782
binance,gate,FUNUSDT,0.00137600,0.03078,2136.9186,1774043346083
binance,gate,FUNUSDT,0.00137600,0.03078,2136.9186,1774043346383
binance,gate,FUNUSDT,0.00137600,0.03078,2136.9186,1774043346683
binance,gate,FUNUSDT,0.00137600,0.03078,2136.9186,1774043346983
binance,gate,FUNUSDT,0.00137600,0.03078,2136.9186,1774043347283
binance,gate,FUNUSDT,0.00137600,0.03078,2136.9186,1774043347584
binance,gate,FUNUSDT,0.00137600,0.03078,2136.9186,1774043347884
binance,gate,FUNUSDT,0.00137600,0.03078,2136.9186,1774043348184
binance,gate,FUNUSDT,0.00137600,0.03078,2136.9186,1774043348484
binance,gate,FUNUSDT,0.00137600,0.03078,2136.9186,1774043348785
binance,gate,FUNUSDT,0.00137600,0.03078,2136.9186,1774043349086
binance,gate,FUNUSDT,0.00137600,0.03078,2136.9186,1774043349386
binance,gate,FUNUSDT,0.00137600,0.03078,2136.9186,1774043349687
binance,gate,FUNUSDT,0.00137600,0.03078,2136.9186,1774043349987
binance,gate,FUNUSDT,0.00137600,0.03078,2136.9186,1774043350287
binance,gate,FUNUSDT,0.00137600,0.03078,2136.9186,1774043350587
binance,gate,FUNUSDT,0.00137600,0.03078,2136.9186,1774043350887
binance,gate,FUNUSDT,0.00137600,0.03078,2136.9186,1774043351188
binance,gate,FUNUSDT,0.00137600,0.03078,2136.9186,1774043351488
binance,gate,FUNUSDT,0.00137600,0.03078,2136.9186,1774043351788
binance,gate,FUNUSDT,0.00137600,0.03078,2136.9186,1774043352089
binance,gate,FUNUSDT,0.00137600,0.03078,2136.9186,1774043352389
binance,gate,FUNUSDT,0.00137600,0.03078,2136.9186,1774043352689
binance,gate,FUNUSDT,0.00137600,0.03078,2136.9186,1774043352989
binance,gate,FUNUSDT,0.00137600,0.03078,2136.9186,1774043353289
binance,gate,FUNUSDT,0.00137600,0.03078,2136.9186,1774043353590
binance,gate,FUNUSDT,0.00137600,0.03078,2136.9186,1774043353890
binance,gate,FUNUSDT,0.00137600,0.03078,2136.9186,1774043354191
binance,gate,FUNUSDT,0.00137600,0.03078,2136.9186,1774043354491
binance,gate,FUNUSDT,0.00137600,0.03078,2136.9186,1774043354791
binance,gate,FUNUSDT,0.00137600,0.03078,2136.9186,1774043355091
binance,gate,FUNUSDT,0.00137600,0.03078,2136.9186,1774043355391
binance,gate,FUNUSDT,0.00137600,0.03078,2136.9186,1774043355692
binance,gate,FUNUSDT,0.00137600,0.03078,2136.9186,1774043355992
binance,gate,FUNUSDT,0.00137600,0.03078,2136.9186,1774043356293
binance,gate,FUNUSDT,0.00137600,0.03078,2136.9186,1774043356593
binance,gate,FUNUSDT,0.00137600,0.03078,2136.9186,1774043356893
binance,gate,FUNUSDT,0.00137600,0.03078,2136.9186,1774043357194
binance,gate,FUNUSDT,0.00137600,0.03078,2136.9186,1774043357494
binance,gate,FUNUSDT,0.00137600,0.03078,2136.9186,1774043357795
binance,gate,FUNUSDT,0.00137600,0.03078,2136.9186,1774043358095
binance,gate,FUNUSDT,0.00137600,0.03078,2136.9186,1774043358395
binance,gate,FUNUSDT,0.00137600,0.03078,2136.9186,1774043358695
binance,gate,FUNUSDT,0.00137500,0.03078,2138.5455,1774043359001
binance,gate,FUNUSDT,0.00137500,0.03078,2138.5455,1774043359308
binance,gate,FUNUSDT,0.00137500,0.03078,2138.5455,1774043359611
binance,gate,FUNUSDT,0.00137500,0.03078,2138.5455,1774043359911
binance,gate,FUNUSDT,0.00137500,0.03078,2138.5455,1774043360212
binance,gate,FUNUSDT,0.00137500,0.03078,2138.5455,1774043360512
binance,gate,FUNUSDT,0.00137500,0.03078,2138.5455,1774043360815
binance,gate,FUNUSDT,0.00137500,0.03078,2138.5455,1774043361116
binance,gate,FUNUSDT,0.00137500,0.03078,2138.5455,1774043361419
binance,gate,FUNUSDT,0.00137500,0.03078,2138.5455,1774043361719
binance,gate,FUNUSDT,0.00137500,0.03078,2138.5455,1774043362020
binance,gate,FUNUSDT,0.00137500,0.03078,2138.5455,1774043362320
binance,gate,FUNUSDT,0.00137500,0.03078,2138.5455,1774043362620
binance,gate,FUNUSDT,0.00137500,0.03078,2138.5455,1774043362920
binance,gate,FUNUSDT,0.00137500,0.03078,2138.5455,1774043363221
binance,gate,FUNUSDT,0.00137500,0.03078,2138.5455,1774043363521
binance,gate,FUNUSDT,0.00137500,0.03078,2138.5455,1774043363821
binance,gate,FUNUSDT,0.00137500,0.03073,2134.9091,1774043364122
binance,gate,FUNUSDT,0.00137500,0.03074,2135.6364,1774043364422
binance,gate,FUNUSDT,0.00137500,0.03074,2135.6364,1774043364722
binance,gate,FUNUSDT,0.00137500,0.03074,2135.6364,1774043365026
binance,gate,FUNUSDT,0.00137500,0.03074,2135.6364,1774043365326
binance,gate,FUNUSDT,0.00137500,0.03074,2135.6364,1774043365626
binance,gate,FUNUSDT,0.00137500,0.03074,2135.6364,1774043365928
binance,gate,FUNUSDT,0.00137500,0.03074,2135.6364,1774043366229
binance,gate,FUNUSDT,0.00137500,0.03074,2135.6364,1774043366529
binance,gate,FUNUSDT,0.00137500,0.03074,2135.6364,1774043366829
binance,gate,FUNUSDT,0.00137500,0.03074,2135.6364,1774043367129
binance,gate,FUNUSDT,0.00137500,0.03074,2135.6364,1774043367429
binance,gate,FUNUSDT,0.00137500,0.03074,2135.6364,1774043367729
binance,gate,FUNUSDT,0.00137500,0.03074,2135.6364,1774043368029
binance,gate,FUNUSDT,0.00137500,0.03074,2135.6364,1774043368330
binance,gate,FUNUSDT,0.00137500,0.03074,2135.6364,1774043368630
binance,gate,FUNUSDT,0.00137500,0.03074,2135.6364,1774043368930
binance,gate,FUNUSDT,0.00137500,0.03074,2135.6364,1774043369230
binance,gate,FUNUSDT,0.00137500,0.03074,2135.6364,1774043369530
binance,gate,FUNUSDT,0.00137500,0.03074,2135.6364,1774043369830
binance,gate,FUNUSDT,0.00137500,0.03074,2135.6364,1774043370131
binance,gate,FUNUSDT,0.00137500,0.03074,2135.6364,1774043370431
binance,gate,FUNUSDT,0.00137500,0.03074,2135.6364,1774043370731
binance,gate,FUNUSDT,0.00137500,0.03074,2135.6364,1774043371032
binance,gate,FUNUSDT,0.00137500,0.03074,2135.6364,1774043371332
binance,gate,FUNUSDT,0.00137500,0.03074,2135.6364,1774043371632
binance,gate,FUNUSDT,0.00137500,0.03074,2135.6364,1774043371933
binance,gate,FUNUSDT,0.00137500,0.03074,2135.6364,1774043372233
binance,gate,FUNUSDT,0.00137500,0.03074,2135.6364,1774043372533
binance,gate,FUNUSDT,0.00137500,0.03074,2135.6364,1774043372833
binance,gate,FUNUSDT,0.00137500,0.03074,2135.6364,1774043373133
binance,gate,FUNUSDT,0.00137500,0.03074,2135.6364,1774043373434
binance,gate,FUNUSDT,0.00137500,0.03074,2135.6364,1774043373734
binance,gate,FUNUSDT,0.00137500,0.03074,2135.6364,1774043374034
binance,gate,FUNUSDT,0.00137500,0.03074,2135.6364,1774043374335
binance,gate,FUNUSDT,0.00137500,0.03074,2135.6364,1774043374635
binance,gate,FUNUSDT,0.00137500,0.03074,2135.6364,1774043374935
binance,gate,FUNUSDT,0.00137500,0.03074,2135.6364,1774043375235
binance,gate,FUNUSDT,0.00137500,0.03074,2135.6364,1774043375535
binance,gate,FUNUSDT,0.00137500,0.03074,2135.6364,1774043375835
binance,gate,FUNUSDT,0.00137500,0.03074,2135.6364,1774043376136
binance,gate,FUNUSDT,0.00137500,0.03074,2135.6364,1774043376436
binance,gate,FUNUSDT,0.00137500,0.03074,2135.6364,1774043376736
binance,gate,FUNUSDT,0.00137500,0.03074,2135.6364,1774043377036
binance,gate,FUNUSDT,0.00137500,0.03074,2135.6364,1774043377336
binance,gate,FUNUSDT,0.00137500,0.03074,2135.6364,1774043377636
binance,gate,FUNUSDT,0.00137500,0.03074,2135.6364,1774043377936
binance,gate,FUNUSDT,0.00137500,0.03074,2135.6364,1774043378237
binance,gate,FUNUSDT,0.00137500,0.03074,2135.6364,1774043378537
binance,gate,FUNUSDT,0.00137500,0.03074,2135.6364,1774043378837
binance,gate,FUNUSDT,0.00137500,0.03074,2135.6364,1774043379138
binance,gate,FUNUSDT,0.00137500,0.03074,2135.6364,1774043379438
binance,gate,FUNUSDT,0.00137500,0.03074,2135.6364,1774043379738
binance,gate,FUNUSDT,0.00137500,0.03074,2135.6364,1774043380041
binance,gate,FUNUSDT,0.00137500,0.03074,2135.6364,1774043380341
binance,gate,FUNUSDT,0.00137500,0.03074,2135.6364,1774043380641
binance,gate,FUNUSDT,0.00137500,0.03074,2135.6364,1774043380942
binance,gate,FUNUSDT,0.00137500,0.03074,2135.6364,1774043381242
binance,gate,FUNUSDT,0.00137500,0.03074,2135.6364,1774043381542
binance,gate,FUNUSDT,0.00137500,0.03074,2135.6364,1774043381842
binance,gate,FUNUSDT,0.00137500,0.03074,2135.6364,1774043382142
binance,gate,FUNUSDT,0.00137500,0.03074,2135.6364,1774043382442
binance,gate,FUNUSDT,0.00137500,0.03074,2135.6364,1774043382742
binance,gate,FUNUSDT,0.00137500,0.03074,2135.6364,1774043383042
binance,gate,FUNUSDT,0.00137500,0.03074,2135.6364,1774043383343
binance,gate,FUNUSDT,0.00137500,0.03074,2135.6364,1774043383643
binance,gate,FUNUSDT,0.00137500,0.03074,2135.6364,1774043383943
binance,gate,FUNUSDT,0.00137500,0.03074,2135.6364,1774043384244
binance,gate,FUNUSDT,0.00137500,0.03074,2135.6364,1774043384544
binance,gate,FUNUSDT,0.00137500,0.03074,2135.6364,1774043384844
binance,gate,FUNUSDT,0.00137500,0.03074,2135.6364,1774043385144
binance,gate,FUNUSDT,0.00137500,0.03074,2135.6364,1774043385444
binance,gate,FUNUSDT,0.00137500,0.03074,2135.6364,1774043385745
binance,gate,FUNUSDT,0.00137500,0.03074,2135.6364,1774043386058
binance,gate,FUNUSDT,0.00137500,0.03074,2135.6364,1774043386358
binance,gate,FUNUSDT,0.00137500,0.03074,2135.6364,1774043386659
binance,gate,FUNUSDT,0.00137500,0.03074,2135.6364,1774043386959
binance,gate,FUNUSDT,0.00137500,0.03074,2135.6364,1774043387259
binance,gate,FUNUSDT,0.00137500,0.03074,2135.6364,1774043387559
binance,gate,FUNUSDT,0.00137500,0.03074,2135.6364,1774043387860
binance,gate,FUNUSDT,0.00137500,0.03074,2135.6364,1774043388160
binance,gate,FUNUSDT,0.00137500,0.03074,2135.6364,1774043388460
binance,gate,FUNUSDT,0.00137500,0.03074,2135.6364,1774043388760
binance,gate,FUNUSDT,0.00137500,0.03074,2135.6364,1774043389060
binance,gate,FUNUSDT,0.00137500,0.03074,2135.6364,1774043389360
binance,gate,FUNUSDT,0.00137500,0.03074,2135.6364,1774043389660
binance,gate,FUNUSDT,0.00137500,0.03074,2135.6364,1774043389960
binance,gate,FUNUSDT,0.00137500,0.03074,2135.6364,1774043390261
binance,gate,FUNUSDT,0.00137500,0.03074,2135.6364,1774043390561
binance,gate,FUNUSDT,0.00137500,0.03074,2135.6364,1774043390861
binance,gate,FUNUSDT,0.00137500,0.03074,2135.6364,1774043391161
binance,gate,FUNUSDT,0.00137500,0.03074,2135.6364,1774043391461
binance,gate,FUNUSDT,0.00137500,0.03074,2135.6364,1774043391762
binance,gate,FUNUSDT,0.00137500,0.03074,2135.6364,1774043392062
binance,gate,FUNUSDT,0.00137500,0.03074,2135.6364,1774043392362
binance,gate,FUNUSDT,0.00137500,0.03074,2135.6364,1774043392662
binance,gate,FUNUSDT,0.00137500,0.03074,2135.6364,1774043392963
binance,gate,FUNUSDT,0.00137500,0.03074,2135.6364,1774043393263
binance,gate,FUNUSDT,0.00137500,0.03074,2135.6364,1774043393563
binance,gate,FUNUSDT,0.00137500,0.03074,2135.6364,1774043393863
binance,gate,FUNUSDT,0.00137500,0.03074,2135.6364,1774043394163
binance,gate,FUNUSDT,0.00137500,0.03074,2135.6364,1774043394464
binance,gate,FUNUSDT,0.00137500,0.03074,2135.6364,1774043394764
binance,gate,FUNUSDT,0.00137500,0.03074,2135.6364,1774043395064
binance,gate,FUNUSDT,0.00137500,0.03074,2135.6364,1774043395364
binance,gate,FUNUSDT,0.00137500,0.03074,2135.6364,1774043395664
binance,gate,FUNUSDT,0.00137500,0.03074,2135.6364,1774043395964
binance,gate,FUNUSDT,0.00137500,0.03074,2135.6364,1774043396265
binance,gate,FUNUSDT,0.00137500,0.03074,2135.6364,1774043396565
binance,gate,FUNUSDT,0.00137500,0.03074,2135.6364,1774043396865
binance,gate,FUNUSDT,0.00137500,0.03074,2135.6364,1774043397165
binance,gate,FUNUSDT,0.00137500,0.03074,2135.6364,1774043397466
binance,gate,FUNUSDT,0.00137500,0.03074,2135.6364,1774043397766
binance,gate,FUNUSDT,0.00137500,0.03074,2135.6364,1774043398066
binance,gate,FUNUSDT,0.00137500,0.03074,2135.6364,1774043398367
binance,gate,FUNUSDT,0.00137500,0.03074,2135.6364,1774043398667
binance,gate,FUNUSDT,0.00137500,0.03074,2135.6364,1774043398967
binance,gate,FUNUSDT,0.00137500,0.03074,2135.6364,1774043399268
binance,gate,FUNUSDT,0.00137500,0.03074,2135.6364,1774043399569
binance,gate,FUNUSDT,0.00137500,0.03074,2135.6364,1774043399869
binance,gate,FUNUSDT,0.00137500,0.03074,2135.6364,1774043400169
binance,gate,FUNUSDT,0.00137500,0.03074,2135.6364,1774043400469
binance,gate,FUNUSDT,0.00137500,0.03074,2135.6364,1774043400769
binance,gate,FUNUSDT,0.00137500,0.03074,2135.6364,1774043401069
binance,gate,FUNUSDT,0.00137500,0.03074,2135.6364,1774043401369
binance,gate,FUNUSDT,0.00137500,0.03074,2135.6364,1774043401670
binance,gate,FUNUSDT,0.00137500,0.03074,2135.6364,1774043401970
binance,gate,FUNUSDT,0.00137500,0.03074,2135.6364,1774043402270
binance,gate,FUNUSDT,0.00137500,0.03074,2135.6364,1774043402570
binance,gate,FUNUSDT,0.00137500,0.03074,2135.6364,1774043402870
binance,gate,FUNUSDT,0.00137500,0.03074,2135.6364,1774043403170
binance,gate,FUNUSDT,0.00137500,0.03074,2135.6364,1774043403470
binance,gate,FUNUSDT,0.00137500,0.03074,2135.6364,1774043403771
binance,gate,FUNUSDT,0.00137500,0.03074,2135.6364,1774043404071
binance,gate,FUNUSDT,0.00137600,0.03074,2134.0116,1774043404371
binance,gate,FUNUSDT,0.00137600,0.03074,2134.0116,1774043404671
binance,gate,FUNUSDT,0.00137600,0.03074,2134.0116,1774043404972
binance,gate,FUNUSDT,0.00137600,0.03074,2134.0116,1774043405272
binance,gate,FUNUSDT,0.00137600,0.03074,2134.0116,1774043405572
binance,gate,FUNUSDT,0.00137600,0.03074,2134.0116,1774043405872
binance,gate,FUNUSDT,0.00137600,0.03074,2134.0116,1774043406172
binance,gate,FUNUSDT,0.00137600,0.03074,2134.0116,1774043406472
binance,gate,FUNUSDT,0.00137600,0.03074,2134.0116,1774043406773
binance,gate,FUNUSDT,0.00137600,0.03074,2134.0116,1774043407073
binance,gate,FUNUSDT,0.00137600,0.03074,2134.0116,1774043407374
binance,gate,FUNUSDT,0.00137600,0.03074,2134.0116,1774043407674
binance,gate,FUNUSDT,0.00137600,0.03074,2134.0116,1774043407975
binance,gate,FUNUSDT,0.00137600,0.03074,2134.0116,1774043408275
binance,gate,FUNUSDT,0.00137600,0.03074,2134.0116,1774043408575
binance,gate,FUNUSDT,0.00137600,0.03074,2134.0116,1774043408878
binance,gate,FUNUSDT,0.00137600,0.03074,2134.0116,1774043409178
binance,gate,FUNUSDT,0.00137600,0.03074,2134.0116,1774043409479
binance,gate,FUNUSDT,0.00137600,0.03074,2134.0116,1774043409779
binance,gate,FUNUSDT,0.00137600,0.03074,2134.0116,1774043410079
binance,gate,FUNUSDT,0.00137600,0.03074,2134.0116,1774043410379
binance,gate,FUNUSDT,0.00137600,0.03074,2134.0116,1774043410679
binance,gate,FUNUSDT,0.00137600,0.03074,2134.0116,1774043410979
binance,gate,FUNUSDT,0.00137600,0.03074,2134.0116,1774043411279
binance,gate,FUNUSDT,0.00137600,0.03074,2134.0116,1774043411579
binance,gate,FUNUSDT,0.00137600,0.03074,2134.0116,1774043411880
binance,gate,FUNUSDT,0.00137600,0.03074,2134.0116,1774043412180
binance,gate,FUNUSDT,0.00137600,0.03074,2134.0116,1774043412480
binance,gate,FUNUSDT,0.00137600,0.03074,2134.0116,1774043412780
binance,gate,FUNUSDT,0.00137600,0.03074,2134.0116,1774043413081
binance,gate,FUNUSDT,0.00137600,0.03074,2134.0116,1774043413381
binance,gate,FUNUSDT,0.00137600,0.03074,2134.0116,1774043413682
binance,gate,FUNUSDT,0.00137600,0.03074,2134.0116,1774043413982
binance,gate,FUNUSDT,0.00137600,0.03074,2134.0116,1774043414283
binance,gate,FUNUSDT,0.00137600,0.03074,2134.0116,1774043414584
binance,gate,FUNUSDT,0.00137600,0.03074,2134.0116,1774043414884
binance,gate,FUNUSDT,0.00137600,0.03074,2134.0116,1774043415184
binance,gate,FUNUSDT,0.00137600,0.03074,2134.0116,1774043415485
binance,gate,FUNUSDT,0.00137600,0.03074,2134.0116,1774043415785
binance,gate,FUNUSDT,0.00137600,0.03074,2134.0116,1774043416086
binance,gate,FUNUSDT,0.00137600,0.03074,2134.0116,1774043416386
binance,gate,FUNUSDT,0.00137600,0.03074,2134.0116,1774043416687
binance,gate,FUNUSDT,0.00137600,0.03074,2134.0116,1774043416987
binance,gate,FUNUSDT,0.00137600,0.03074,2134.0116,1774043417287
binance,gate,FUNUSDT,0.00137600,0.03074,2134.0116,1774043417587
binance,gate,FUNUSDT,0.00137600,0.03074,2134.0116,1774043417887
binance,gate,FUNUSDT,0.00137600,0.03074,2134.0116,1774043418188
binance,gate,FUNUSDT,0.00137600,0.03074,2134.0116,1774043418488
binance,gate,FUNUSDT,0.00137600,0.03074,2134.0116,1774043418788
binance,gate,FUNUSDT,0.00137600,0.03074,2134.0116,1774043419089
binance,gate,FUNUSDT,0.00137600,0.03074,2134.0116,1774043419389
binance,gate,FUNUSDT,0.00137600,0.03074,2134.0116,1774043419690
binance,gate,FUNUSDT,0.00137600,0.03074,2134.0116,1774043419990
binance,gate,FUNUSDT,0.00137600,0.03074,2134.0116,1774043420290
binance,gate,FUNUSDT,0.00137600,0.03074,2134.0116,1774043420590
binance,gate,FUNUSDT,0.00137600,0.03074,2134.0116,1774043420891
binance,gate,FUNUSDT,0.00137600,0.03074,2134.0116,1774043421191
binance,gate,FUNUSDT,0.00137600,0.03074,2134.0116,1774043421491
binance,gate,FUNUSDT,0.00137600,0.03074,2134.0116,1774043421791
binance,gate,FUNUSDT,0.00137600,0.03074,2134.0116,1774043422092
binance,gate,FUNUSDT,0.00137600,0.03069,2130.3779,1774043422392
binance,gate,FUNUSDT,0.00137600,0.0307,2131.1047,1774043422692
binance,gate,FUNUSDT,0.00137600,0.0307,2131.1047,1774043422992
binance,gate,FUNUSDT,0.00137600,0.0307,2131.1047,1774043423292
binance,gate,FUNUSDT,0.00137600,0.0307,2131.1047,1774043423592
binance,gate,FUNUSDT,0.00137600,0.03069,2130.3779,1774043423893
binance,gate,FUNUSDT,0.00137600,0.03069,2130.3779,1774043424193
binance,gate,FUNUSDT,0.00137600,0.03069,2130.3779,1774043424493
binance,gate,FUNUSDT,0.00137600,0.03069,2130.3779,1774043424793
binance,gate,FUNUSDT,0.00137600,0.0307,2131.1047,1774043425093
binance,gate,FUNUSDT,0.00137600,0.0307,2131.1047,1774043425394
binance,gate,FUNUSDT,0.00137600,0.0307,2131.1047,1774043425694
binance,gate,FUNUSDT,0.00137600,0.0307,2131.1047,1774043425994
binance,gate,FUNUSDT,0.00137600,0.0307,2131.1047,1774043426295
binance,gate,FUNUSDT,0.00137600,0.0307,2131.1047,1774043426595
binance,gate,FUNUSDT,0.00137600,0.0307,2131.1047,1774043426896
binance,gate,FUNUSDT,0.00137600,0.0307,2131.1047,1774043427200
binance,gate,FUNUSDT,0.00137600,0.0307,2131.1047,1774043427509
binance,gate,FUNUSDT,0.00137600,0.0307,2131.1047,1774043427809
binance,gate,FUNUSDT,0.00137600,0.03069,2130.3779,1774043428110
binance,gate,FUNUSDT,0.00137600,0.03069,2130.3779,1774043428415
binance,gate,FUNUSDT,0.00137600,0.03069,2130.3779,1774043428718
binance,gate,FUNUSDT,0.00137600,0.03069,2130.3779,1774043429018
binance,gate,FUNUSDT,0.00137600,0.03069,2130.3779,1774043429318
binance,gate,FUNUSDT,0.00137600,0.03069,2130.3779,1774043429619
binance,gate,FUNUSDT,0.00137600,0.03069,2130.3779,1774043429919
binance,gate,FUNUSDT,0.00137600,0.03069,2130.3779,1774043430222
binance,gate,FUNUSDT,0.00137600,0.03069,2130.3779,1774043430522
binance,gate,FUNUSDT,0.00137600,0.03069,2130.3779,1774043430822
binance,gate,FUNUSDT,0.00137600,0.03069,2130.3779,1774043431122
binance,gate,FUNUSDT,0.00137600,0.03069,2130.3779,1774043431422
binance,gate,FUNUSDT,0.00137600,0.03069,2130.3779,1774043431723
binance,gate,FUNUSDT,0.00137600,0.03069,2130.3779,1774043432023
binance,gate,FUNUSDT,0.00137600,0.03062,2125.2907,1774043432323
binance,gate,FUNUSDT,0.00137600,0.03062,2125.2907,1774043432623
binance,gate,FUNUSDT,0.00137600,0.03062,2125.2907,1774043432923
binance,gate,FUNUSDT,0.00137600,0.03062,2125.2907,1774043433224
binance,gate,FUNUSDT,0.00137600,0.03062,2125.2907,1774043433524
binance,gate,FUNUSDT,0.00137600,0.03062,2125.2907,1774043433824
binance,gate,FUNUSDT,0.00137600,0.03062,2125.2907,1774043434124
binance,gate,FUNUSDT,0.00137600,0.03062,2125.2907,1774043434424
binance,gate,FUNUSDT,0.00137600,0.03062,2125.2907,1774043434724
binance,gate,FUNUSDT,0.00137600,0.03062,2125.2907,1774043435024
binance,gate,FUNUSDT,0.00137600,0.03063,2126.0174,1774043435324
binance,gate,FUNUSDT,0.00137600,0.03062,2125.2907,1774043435625
binance,gate,FUNUSDT,0.00137600,0.03063,2126.0174,1774043435925
binance,gate,FUNUSDT,0.00137600,0.03063,2126.0174,1774043436225
binance,gate,FUNUSDT,0.00137600,0.03063,2126.0174,1774043436525
binance,gate,FUNUSDT,0.00137600,0.03063,2126.0174,1774043436825
binance,gate,FUNUSDT,0.00137600,0.03063,2126.0174,1774043437126
binance,gate,FUNUSDT,0.00137600,0.03063,2126.0174,1774043437426
binance,gate,FUNUSDT,0.00137600,0.03063,2126.0174,1774043437726
binance,gate,FUNUSDT,0.00137600,0.03063,2126.0174,1774043438026
binance,gate,FUNUSDT,0.00137600,0.03063,2126.0174,1774043438326
binance,gate,FUNUSDT,0.00137600,0.03063,2126.0174,1774043438636
binance,gate,FUNUSDT,0.00137600,0.03063,2126.0174,1774043438936
binance,gate,FUNUSDT,0.00137600,0.03063,2126.0174,1774043439236
binance,gate,FUNUSDT,0.00137600,0.03063,2126.0174,1774043439537
binance,gate,FUNUSDT,0.00137600,0.03063,2126.0174,1774043439837
binance,gate,FUNUSDT,0.00137600,0.03063,2126.0174,1774043440137
binance,gate,FUNUSDT,0.00137600,0.03063,2126.0174,1774043440437
binance,gate,FUNUSDT,0.00137600,0.03063,2126.0174,1774043440737
binance,gate,FUNUSDT,0.00137600,0.03063,2126.0174,1774043441037
binance,gate,FUNUSDT,0.00137600,0.03063,2126.0174,1774043441338
binance,gate,FUNUSDT,0.00137600,0.03063,2126.0174,1774043441638
binance,gate,FUNUSDT,0.00137600,0.03063,2126.0174,1774043441938
binance,gate,FUNUSDT,0.00137600,0.03063,2126.0174,1774043442239
binance,gate,FUNUSDT,0.00137600,0.03063,2126.0174,1774043442539
binance,gate,FUNUSDT,0.00137600,0.03063,2126.0174,1774043442839
binance,gate,FUNUSDT,0.00137600,0.03063,2126.0174,1774043443139
binance,gate,FUNUSDT,0.00137600,0.03063,2126.0174,1774043443439
binance,gate,FUNUSDT,0.00137600,0.03063,2126.0174,1774043443739
binance,gate,FUNUSDT,0.00137600,0.03063,2126.0174,1774043444039
binance,gate,FUNUSDT,0.00137600,0.03063,2126.0174,1774043444339
binance,gate,FUNUSDT,0.00137600,0.03063,2126.0174,1774043444640
binance,gate,FUNUSDT,0.00137600,0.03063,2126.0174,1774043444940
binance,gate,FUNUSDT,0.00137600,0.03063,2126.0174,1774043445240
binance,gate,FUNUSDT,0.00137600,0.03063,2126.0174,1774043445540
binance,gate,FUNUSDT,0.00137600,0.03063,2126.0174,1774043445840
binance,gate,FUNUSDT,0.00137600,0.03063,2126.0174,1774043446140
binance,gate,FUNUSDT,0.00137600,0.03066,2128.1977,1774043446441
binance,gate,FUNUSDT,0.00137600,0.03066,2128.1977,1774043446741
binance,gate,FUNUSDT,0.00137600,0.03066,2128.1977,1774043447041
binance,gate,FUNUSDT,0.00137600,0.03066,2128.1977,1774043447341
binance,gate,FUNUSDT,0.00137600,0.03066,2128.1977,1774043447641
binance,gate,FUNUSDT,0.00137600,0.03066,2128.1977,1774043447942
binance,gate,FUNUSDT,0.00137600,0.03066,2128.1977,1774043448242
binance,gate,FUNUSDT,0.00137600,0.03066,2128.1977,1774043448543
binance,gate,FUNUSDT,0.00137600,0.03066,2128.1977,1774043448843
binance,gate,FUNUSDT,0.00137600,0.03066,2128.1977,1774043449143
binance,gate,FUNUSDT,0.00137600,0.03066,2128.1977,1774043449444
binance,gate,FUNUSDT,0.00137600,0.03066,2128.1977,1774043449744
binance,gate,FUNUSDT,0.00137600,0.03066,2128.1977,1774043450044
binance,gate,FUNUSDT,0.00137600,0.03066,2128.1977,1774043450344
binance,gate,FUNUSDT,0.00137600,0.03066,2128.1977,1774043450645
binance,gate,FUNUSDT,0.00137500,0.03066,2129.8182,1774043450945
binance,gate,FUNUSDT,0.00137500,0.03066,2129.8182,1774043451246
binance,gate,FUNUSDT,0.00137500,0.03066,2129.8182,1774043451546
binance,gate,FUNUSDT,0.00137500,0.03066,2129.8182,1774043451846
binance,gate,FUNUSDT,0.00137500,0.03066,2129.8182,1774043452147
binance,gate,FUNUSDT,0.00137500,0.03066,2129.8182,1774043452447
binance,gate,FUNUSDT,0.00137500,0.03066,2129.8182,1774043452748
binance,gate,FUNUSDT,0.00137500,0.03066,2129.8182,1774043453048
binance,gate,FUNUSDT,0.00137500,0.03066,2129.8182,1774043453348
binance,gate,FUNUSDT,0.00137500,0.03066,2129.8182,1774043453649
binance,gate,FUNUSDT,0.00137500,0.03066,2129.8182,1774043453949
binance,gate,FUNUSDT,0.00137500,0.03066,2129.8182,1774043454250
binance,gate,FUNUSDT,0.00137500,0.03066,2129.8182,1774043454550
binance,gate,FUNUSDT,0.00137500,0.03066,2129.8182,1774043454850
binance,gate,FUNUSDT,0.00137500,0.03066,2129.8182,1774043455151
binance,gate,FUNUSDT,0.00137500,0.03066,2129.8182,1774043455451
binance,gate,FUNUSDT,0.00137500,0.03066,2129.8182,1774043455751
binance,gate,FUNUSDT,0.00137500,0.03066,2129.8182,1774043456051
binance,gate,FUNUSDT,0.00137500,0.03066,2129.8182,1774043456352
binance,gate,FUNUSDT,0.00137500,0.03066,2129.8182,1774043456652
binance,gate,FUNUSDT,0.00137500,0.03066,2129.8182,1774043456952
binance,gate,FUNUSDT,0.00137500,0.03066,2129.8182,1774043457252
binance,gate,FUNUSDT,0.00137500,0.03066,2129.8182,1774043457552
binance,gate,FUNUSDT,0.00137500,0.03066,2129.8182,1774043457852
binance,gate,FUNUSDT,0.00137500,0.03066,2129.8182,1774043458153
binance,gate,FUNUSDT,0.00137500,0.03066,2129.8182,1774043458453
binance,gate,FUNUSDT,0.00137500,0.03066,2129.8182,1774043458754
binance,gate,FUNUSDT,0.00137500,0.03066,2129.8182,1774043459054
binance,gate,FUNUSDT,0.00137500,0.03066,2129.8182,1774043459354
binance,gate,FUNUSDT,0.00137500,0.03066,2129.8182,1774043459654
binance,gate,FUNUSDT,0.00137500,0.03066,2129.8182,1774043459954
binance,gate,FUNUSDT,0.00137500,0.03066,2129.8182,1774043460254
binance,gate,FUNUSDT,0.00137500,0.03066,2129.8182,1774043460554
binance,gate,FUNUSDT,0.00137500,0.03066,2129.8182,1774043460855
binance,gate,FUNUSDT,0.00137500,0.03066,2129.8182,1774043461155
binance,gate,FUNUSDT,0.00137500,0.03066,2129.8182,1774043461455
binance,gate,FUNUSDT,0.00137500,0.03066,2129.8182,1774043461755
binance,gate,FUNUSDT,0.00137500,0.03066,2129.8182,1774043462055
binance,gate,FUNUSDT,0.00137500,0.03066,2129.8182,1774043462356
binance,gate,FUNUSDT,0.00137500,0.03066,2129.8182,1774043462656
binance,gate,FUNUSDT,0.00137500,0.03066,2129.8182,1774043462956
binance,gate,FUNUSDT,0.00137500,0.03066,2129.8182,1774043463256
binance,gate,FUNUSDT,0.00137500,0.03066,2129.8182,1774043463557
binance,gate,FUNUSDT,0.00137500,0.03066,2129.8182,1774043463857
binance,gate,FUNUSDT,0.00137500,0.03066,2129.8182,1774043464158
binance,gate,FUNUSDT,0.00137500,0.03066,2129.8182,1774043464458
binance,gate,FUNUSDT,0.00137500,0.03066,2129.8182,1774043464758
binance,gate,FUNUSDT,0.00137500,0.03066,2129.8182,1774043465058
binance,gate,FUNUSDT,0.00137500,0.03066,2129.8182,1774043465359
binance,gate,FUNUSDT,0.00137500,0.03066,2129.8182,1774043465659
binance,gate,FUNUSDT,0.00137500,0.03066,2129.8182,1774043465959
binance,gate,FUNUSDT,0.00137500,0.03066,2129.8182,1774043466260
binance,gate,FUNUSDT,0.00137500,0.03066,2129.8182,1774043466560
binance,gate,FUNUSDT,0.00137500,0.03066,2129.8182,1774043466860
binance,gate,FUNUSDT,0.00137500,0.03066,2129.8182,1774043467161
binance,gate,FUNUSDT,0.00137500,0.03066,2129.8182,1774043467461
binance,gate,FUNUSDT,0.00137500,0.03066,2129.8182,1774043467761
binance,gate,FUNUSDT,0.00137500,0.03066,2129.8182,1774043468062
binance,gate,FUNUSDT,0.00137500,0.03066,2129.8182,1774043468362
binance,gate,FUNUSDT,0.00137500,0.03066,2129.8182,1774043468662
binance,gate,FUNUSDT,0.00137500,0.03066,2129.8182,1774043468962
binance,gate,FUNUSDT,0.00137500,0.03066,2129.8182,1774043469262
binance,gate,FUNUSDT,0.00137500,0.03066,2129.8182,1774043469562
binance,gate,FUNUSDT,0.00137500,0.03066,2129.8182,1774043469863
binance,gate,FUNUSDT,0.00137500,0.03066,2129.8182,1774043470163
binance,gate,FUNUSDT,0.00137500,0.03066,2129.8182,1774043470464
binance,gate,FUNUSDT,0.00137500,0.03066,2129.8182,1774043470764
binance,gate,FUNUSDT,0.00137500,0.03066,2129.8182,1774043471064
binance,gate,FUNUSDT,0.00137500,0.03066,2129.8182,1774043471364
binance,gate,FUNUSDT,0.00137500,0.03066,2129.8182,1774043471664
binance,gate,FUNUSDT,0.00137500,0.03066,2129.8182,1774043471964
binance,gate,FUNUSDT,0.00137500,0.03066,2129.8182,1774043472264
binance,gate,FUNUSDT,0.00137500,0.03066,2129.8182,1774043472564
binance,gate,FUNUSDT,0.00137500,0.03066,2129.8182,1774043472864
binance,gate,FUNUSDT,0.00137500,0.03066,2129.8182,1774043473165
binance,gate,FUNUSDT,0.00137500,0.03066,2129.8182,1774043473465
binance,gate,FUNUSDT,0.00137500,0.03066,2129.8182,1774043473765
binance,gate,FUNUSDT,0.00137500,0.03066,2129.8182,1774043474066
binance,gate,FUNUSDT,0.00137500,0.03066,2129.8182,1774043474366
binance,gate,FUNUSDT,0.00137500,0.03066,2129.8182,1774043474666
binance,gate,FUNUSDT,0.00137500,0.03066,2129.8182,1774043474966
binance,gate,FUNUSDT,0.00137500,0.03066,2129.8182,1774043475266
binance,gate,FUNUSDT,0.00137500,0.03066,2129.8182,1774043475567
binance,gate,FUNUSDT,0.00137500,0.03066,2129.8182,1774043475867
binance,gate,FUNUSDT,0.00137500,0.03066,2129.8182,1774043476168
binance,gate,FUNUSDT,0.00137500,0.03066,2129.8182,1774043476468
binance,gate,FUNUSDT,0.00137500,0.03066,2129.8182,1774043476768
binance,gate,FUNUSDT,0.00137500,0.03066,2129.8182,1774043477068
binance,gate,FUNUSDT,0.00137500,0.03066,2129.8182,1774043477369
binance,gate,FUNUSDT,0.00137500,0.03066,2129.8182,1774043477669
binance,gate,FUNUSDT,0.00137500,0.03066,2129.8182,1774043477969
binance,gate,FUNUSDT,0.00137500,0.03066,2129.8182,1774043478269
binance,gate,FUNUSDT,0.00137500,0.03066,2129.8182,1774043478569
binance,gate,FUNUSDT,0.00137500,0.03066,2129.8182,1774043478869
binance,gate,FUNUSDT,0.00137500,0.03066,2129.8182,1774043479169
binance,gate,FUNUSDT,0.00137500,0.03066,2129.8182,1774043479470
binance,gate,FUNUSDT,0.00137500,0.03066,2129.8182,1774043479770
binance,gate,FUNUSDT,0.00137500,0.03066,2129.8182,1774043480071
binance,gate,FUNUSDT,0.00137500,0.03066,2129.8182,1774043480371
binance,gate,FUNUSDT,0.00137500,0.03066,2129.8182,1774043480671
binance,gate,FUNUSDT,0.00137500,0.03066,2129.8182,1774043480971
binance,gate,FUNUSDT,0.00137500,0.03066,2129.8182,1774043481271
binance,gate,FUNUSDT,0.00137500,0.03066,2129.8182,1774043481572
binance,gate,FUNUSDT,0.00137500,0.03066,2129.8182,1774043481872
binance,gate,FUNUSDT,0.00137500,0.03066,2129.8182,1774043482173
binance,gate,FUNUSDT,0.00137500,0.03066,2129.8182,1774043482473
binance,gate,FUNUSDT,0.00137500,0.03066,2129.8182,1774043482773
binance,gate,FUNUSDT,0.00137500,0.03066,2129.8182,1774043483074
binance,gate,FUNUSDT,0.00137500,0.03066,2129.8182,1774043483374
binance,gate,FUNUSDT,0.00137500,0.03066,2129.8182,1774043483674
binance,gate,FUNUSDT,0.00137500,0.03066,2129.8182,1774043483974
binance,gate,FUNUSDT,0.00137500,0.03066,2129.8182,1774043484274
binance,gate,FUNUSDT,0.00137500,0.03066,2129.8182,1774043484575
binance,gate,FUNUSDT,0.00137500,0.03066,2129.8182,1774043484875
binance,gate,FUNUSDT,0.00137500,0.03066,2129.8182,1774043485175
binance,gate,FUNUSDT,0.00137500,0.03066,2129.8182,1774043485475
binance,gate,FUNUSDT,0.00137500,0.03066,2129.8182,1774043485775
binance,gate,FUNUSDT,0.00137500,0.03066,2129.8182,1774043486076
binance,gate,FUNUSDT,0.00137500,0.03066,2129.8182,1774043486376
binance,gate,FUNUSDT,0.00137500,0.03066,2129.8182,1774043486677
binance,gate,FUNUSDT,0.00137500,0.03066,2129.8182,1774043486977
binance,gate,FUNUSDT,0.00137500,0.03066,2129.8182,1774043487277
binance,gate,FUNUSDT,0.00137500,0.03066,2129.8182,1774043487577
binance,gate,FUNUSDT,0.00137500,0.03066,2129.8182,1774043487877
binance,gate,FUNUSDT,0.00137500,0.03066,2129.8182,1774043488177
binance,gate,FUNUSDT,0.00137500,0.03066,2129.8182,1774043488477
binance,gate,FUNUSDT,0.00137500,0.03066,2129.8182,1774043488778
binance,gate,FUNUSDT,0.00137500,0.03066,2129.8182,1774043489078
binance,gate,FUNUSDT,0.00137500,0.03066,2129.8182,1774043489378
binance,gate,FUNUSDT,0.00137500,0.03066,2129.8182,1774043489678
binance,gate,FUNUSDT,0.00137500,0.03066,2129.8182,1774043489979
binance,gate,FUNUSDT,0.00137500,0.03066,2129.8182,1774043490279
binance,gate,FUNUSDT,0.00137500,0.03066,2129.8182,1774043490579
binance,gate,FUNUSDT,0.00137500,0.03066,2129.8182,1774043490879
binance,gate,FUNUSDT,0.00137500,0.03066,2129.8182,1774043491179
binance,gate,FUNUSDT,0.00137500,0.03066,2129.8182,1774043491480
binance,gate,FUNUSDT,0.00137500,0.03066,2129.8182,1774043491780
binance,gate,FUNUSDT,0.00137500,0.03066,2129.8182,1774043492080
binance,gate,FUNUSDT,0.00137500,0.03066,2129.8182,1774043492382
binance,gate,FUNUSDT,0.00137500,0.03066,2129.8182,1774043492682
binance,gate,FUNUSDT,0.00137500,0.03066,2129.8182,1774043492982
binance,gate,FUNUSDT,0.00137500,0.03066,2129.8182,1774043493282
binance,gate,FUNUSDT,0.00137500,0.03066,2129.8182,1774043493583
binance,gate,FUNUSDT,0.00137500,0.03066,2129.8182,1774043493884
binance,gate,FUNUSDT,0.00137500,0.03066,2129.8182,1774043494184
binance,gate,FUNUSDT,0.00137500,0.03066,2129.8182,1774043494484
binance,gate,FUNUSDT,0.00137500,0.03066,2129.8182,1774043494785
binance,gate,FUNUSDT,0.00137500,0.03066,2129.8182,1774043495085
binance,gate,FUNUSDT,0.00137500,0.03066,2129.8182,1774043495385
binance,gate,FUNUSDT,0.00137500,0.03066,2129.8182,1774043495686
binance,gate,FUNUSDT,0.00137600,0.03066,2128.1977,1774043495986
binance,gate,FUNUSDT,0.00137600,0.03066,2128.1977,1774043496286
binance,gate,FUNUSDT,0.00137600,0.03066,2128.1977,1774043496586
binance,gate,FUNUSDT,0.00137600,0.03066,2128.1977,1774043496887
binance,gate,FUNUSDT,0.00137600,0.03066,2128.1977,1774043497187
binance,gate,FUNUSDT,0.00137600,0.03066,2128.1977,1774043497487
binance,gate,FUNUSDT,0.00137600,0.03066,2128.1977,1774043497787
binance,gate,FUNUSDT,0.00137600,0.03066,2128.1977,1774043498088
binance,gate,FUNUSDT,0.00137600,0.03066,2128.1977,1774043498388
binance,gate,FUNUSDT,0.00137600,0.03066,2128.1977,1774043498688
binance,gate,FUNUSDT,0.00137600,0.03066,2128.1977,1774043498988
binance,gate,FUNUSDT,0.00137600,0.03066,2128.1977,1774043499289
binance,gate,FUNUSDT,0.00137600,0.03066,2128.1977,1774043499589
binance,gate,FUNUSDT,0.00137600,0.03066,2128.1977,1774043499890
binance,gate,FUNUSDT,0.00137600,0.03066,2128.1977,1774043500190
binance,gate,FUNUSDT,0.00137600,0.03066,2128.1977,1774043500490
binance,gate,FUNUSDT,0.00137600,0.03066,2128.1977,1774043500790
binance,gate,FUNUSDT,0.00137600,0.03066,2128.1977,1774043501090
binance,gate,FUNUSDT,0.00137600,0.03066,2128.1977,1774043501390
binance,gate,FUNUSDT,0.00137600,0.03066,2128.1977,1774043501691
binance,gate,FUNUSDT,0.00137600,0.03066,2128.1977,1774043501991
binance,gate,FUNUSDT,0.00137600,0.03066,2128.1977,1774043502291
binance,gate,FUNUSDT,0.00137600,0.03066,2128.1977,1774043502591
binance,gate,FUNUSDT,0.00137600,0.03066,2128.1977,1774043502892
binance,gate,FUNUSDT,0.00137600,0.03066,2128.1977,1774043503193
binance,gate,FUNUSDT,0.00137600,0.03066,2128.1977,1774043503493
binance,gate,FUNUSDT,0.00137600,0.03066,2128.1977,1774043503793
binance,gate,FUNUSDT,0.00137600,0.03066,2128.1977,1774043504094
binance,gate,FUNUSDT,0.00137600,0.03066,2128.1977,1774043504394
binance,gate,FUNUSDT,0.00137600,0.03066,2128.1977,1774043504694
binance,gate,FUNUSDT,0.00137600,0.03066,2128.1977,1774043504997
binance,gate,FUNUSDT,0.00137600,0.03066,2128.1977,1774043505304
binance,gate,FUNUSDT,0.00137600,0.03066,2128.1977,1774043505610
binance,gate,FUNUSDT,0.00137600,0.03066,2128.1977,1774043505910
binance,gate,FUNUSDT,0.00137600,0.03066,2128.1977,1774043506213
binance,gate,FUNUSDT,0.00137600,0.03066,2128.1977,1774043506514
binance,gate,FUNUSDT,0.00137600,0.03066,2128.1977,1774043506815
binance,gate,FUNUSDT,0.00137600,0.03066,2128.1977,1774043507119
binance,gate,FUNUSDT,0.00137600,0.03066,2128.1977,1774043507423
binance,gate,FUNUSDT,0.00137600,0.03066,2128.1977,1774043507723
binance,gate,FUNUSDT,0.00137600,0.03066,2128.1977,1774043508024
binance,gate,FUNUSDT,0.00137600,0.03066,2128.1977,1774043508324
binance,gate,FUNUSDT,0.00137600,0.03066,2128.1977,1774043508624
binance,gate,FUNUSDT,0.00137600,0.03066,2128.1977,1774043508924
binance,gate,FUNUSDT,0.00137600,0.03066,2128.1977,1774043509224
binance,gate,FUNUSDT,0.00137600,0.03066,2128.1977,1774043509524
binance,gate,FUNUSDT,0.00137600,0.03066,2128.1977,1774043509824
binance,gate,FUNUSDT,0.00137600,0.03066,2128.1977,1774043510124
binance,gate,FUNUSDT,0.00137600,0.03066,2128.1977,1774043510425
binance,gate,FUNUSDT,0.00137600,0.03066,2128.1977,1774043510725
binance,gate,FUNUSDT,0.00137600,0.03066,2128.1977,1774043511025
binance,gate,FUNUSDT,0.00137600,0.03066,2128.1977,1774043511325
binance,gate,FUNUSDT,0.00137600,0.03066,2128.1977,1774043511625
binance,gate,FUNUSDT,0.00137600,0.03066,2128.1977,1774043511926
binance,gate,FUNUSDT,0.00137600,0.03066,2128.1977,1774043512226
binance,gate,FUNUSDT,0.00137600,0.03066,2128.1977,1774043512526
binance,gate,FUNUSDT,0.00137600,0.03066,2128.1977,1774043512826
binance,gate,FUNUSDT,0.00137600,0.03066,2128.1977,1774043513126
binance,gate,FUNUSDT,0.00137600,0.03066,2128.1977,1774043513427
binance,gate,FUNUSDT,0.00137600,0.03066,2128.1977,1774043513727
binance,gate,FUNUSDT,0.00137600,0.03066,2128.1977,1774043514027
binance,gate,FUNUSDT,0.00137600,0.03066,2128.1977,1774043514327
binance,gate,FUNUSDT,0.00137600,0.03066,2128.1977,1774043514629
binance,gate,FUNUSDT,0.00137600,0.03066,2128.1977,1774043514930
binance,gate,FUNUSDT,0.00137600,0.03066,2128.1977,1774043515230
binance,gate,FUNUSDT,0.00137600,0.03066,2128.1977,1774043515530
binance,gate,FUNUSDT,0.00137600,0.03066,2128.1977,1774043515830
binance,gate,FUNUSDT,0.00137600,0.03066,2128.1977,1774043516130
binance,gate,FUNUSDT,0.00137600,0.03066,2128.1977,1774043516430
binance,gate,FUNUSDT,0.00137600,0.03066,2128.1977,1774043516734
binance,gate,FUNUSDT,0.00137600,0.03066,2128.1977,1774043517034
binance,gate,FUNUSDT,0.00137600,0.03066,2128.1977,1774043517335
binance,gate,FUNUSDT,0.00137600,0.03066,2128.1977,1774043517635
binance,gate,FUNUSDT,0.00137600,0.03066,2128.1977,1774043517935
binance,gate,FUNUSDT,0.00137600,0.03066,2128.1977,1774043518235
binance,gate,FUNUSDT,0.00137600,0.03066,2128.1977,1774043518535
binance,gate,FUNUSDT,0.00137600,0.03066,2128.1977,1774043518835
binance,gate,FUNUSDT,0.00137600,0.03066,2128.1977,1774043519135
binance,gate,FUNUSDT,0.00137600,0.03066,2128.1977,1774043519435
binance,gate,FUNUSDT,0.00137600,0.03066,2128.1977,1774043519736
binance,gate,FUNUSDT,0.00137600,0.03066,2128.1977,1774043520036
binance,gate,FUNUSDT,0.00137600,0.03066,2128.1977,1774043520336
binance,gate,FUNUSDT,0.00137600,0.03066,2128.1977,1774043520636
binance,gate,FUNUSDT,0.00137600,0.03066,2128.1977,1774043520937
binance,gate,FUNUSDT,0.00137600,0.03066,2128.1977,1774043521238
binance,gate,FUNUSDT,0.00137600,0.03066,2128.1977,1774043521538
binance,gate,FUNUSDT,0.00137600,0.03066,2128.1977,1774043521838
binance,gate,FUNUSDT,0.00137600,0.03066,2128.1977,1774043522139
binance,gate,FUNUSDT,0.00137600,0.03066,2128.1977,1774043522439
binance,gate,FUNUSDT,0.00137600,0.03066,2128.1977,1774043522739
binance,gate,FUNUSDT,0.00137600,0.03066,2128.1977,1774043523039
binance,gate,FUNUSDT,0.00137600,0.03066,2128.1977,1774043523339
binance,gate,FUNUSDT,0.00137600,0.03066,2128.1977,1774043523640
binance,gate,FUNUSDT,0.00137600,0.03066,2128.1977,1774043523940
binance,gate,FUNUSDT,0.00137600,0.03066,2128.1977,1774043524240
binance,gate,FUNUSDT,0.00137600,0.03066,2128.1977,1774043524540
binance,gate,FUNUSDT,0.00137600,0.03066,2128.1977,1774043524841
binance,gate,FUNUSDT,0.00137600,0.03066,2128.1977,1774043525141
binance,gate,FUNUSDT,0.00137600,0.03066,2128.1977,1774043525442
binance,gate,FUNUSDT,0.00137600,0.03066,2128.1977,1774043525743
binance,gate,FUNUSDT,0.00137600,0.03066,2128.1977,1774043526043
binance,gate,FUNUSDT,0.00137600,0.03066,2128.1977,1774043526344
binance,gate,FUNUSDT,0.00137600,0.03066,2128.1977,1774043526644
binance,gate,FUNUSDT,0.00137600,0.03066,2128.1977,1774043526944
binance,gate,FUNUSDT,0.00137600,0.03066,2128.1977,1774043527244
binance,gate,FUNUSDT,0.00137600,0.03066,2128.1977,1774043527545
binance,gate,FUNUSDT,0.00137600,0.03066,2128.1977,1774043527845
binance,gate,FUNUSDT,0.00137600,0.03066,2128.1977,1774043528145
binance,gate,FUNUSDT,0.00137600,0.03066,2128.1977,1774043528445
binance,gate,FUNUSDT,0.00137600,0.03066,2128.1977,1774043528746
binance,gate,FUNUSDT,0.00137600,0.03066,2128.1977,1774043529046
binance,gate,FUNUSDT,0.00137600,0.03066,2128.1977,1774043529346
binance,gate,FUNUSDT,0.00137600,0.03066,2128.1977,1774043529646
binance,gate,FUNUSDT,0.00137600,0.03066,2128.1977,1774043529946
binance,gate,FUNUSDT,0.00137600,0.03066,2128.1977,1774043530246
binance,gate,FUNUSDT,0.00137600,0.03066,2128.1977,1774043530546
binance,gate,FUNUSDT,0.00137600,0.03066,2128.1977,1774043530846
binance,gate,FUNUSDT,0.00137600,0.03066,2128.1977,1774043531147
binance,gate,FUNUSDT,0.00137600,0.03066,2128.1977,1774043531447
binance,gate,FUNUSDT,0.00137600,0.03066,2128.1977,1774043531748
binance,gate,FUNUSDT,0.00137600,0.03066,2128.1977,1774043532048
binance,gate,FUNUSDT,0.00137600,0.03066,2128.1977,1774043532349
binance,gate,FUNUSDT,0.00137600,0.03066,2128.1977,1774043532650
binance,gate,FUNUSDT,0.00137600,0.03066,2128.1977,1774043532950
binance,gate,FUNUSDT,0.00137600,0.03066,2128.1977,1774043533250
binance,gate,FUNUSDT,0.00137600,0.03066,2128.1977,1774043533550
binance,gate,FUNUSDT,0.00137600,0.03066,2128.1977,1774043533850
binance,gate,FUNUSDT,0.00137600,0.03066,2128.1977,1774043534150
binance,gate,FUNUSDT,0.00137600,0.03066,2128.1977,1774043534450
binance,gate,FUNUSDT,0.00137600,0.03066,2128.1977,1774043534751
binance,gate,FUNUSDT,0.00137600,0.03066,2128.1977,1774043535051
binance,gate,FUNUSDT,0.00137600,0.03066,2128.1977,1774043535352
binance,gate,FUNUSDT,0.00137600,0.03066,2128.1977,1774043535652
binance,gate,FUNUSDT,0.00137600,0.03066,2128.1977,1774043535952
binance,gate,FUNUSDT,0.00137600,0.03066,2128.1977,1774043536252
binance,gate,FUNUSDT,0.00137600,0.03066,2128.1977,1774043536553
binance,gate,FUNUSDT,0.00137600,0.03066,2128.1977,1774043536853
binance,gate,FUNUSDT,0.00137600,0.03066,2128.1977,1774043537153
binance,gate,FUNUSDT,0.00137600,0.03066,2128.1977,1774043537453
binance,gate,FUNUSDT,0.00137600,0.03066,2128.1977,1774043537754
binance,gate,FUNUSDT,0.00137600,0.03066,2128.1977,1774043538054
binance,gate,FUNUSDT,0.00137600,0.03066,2128.1977,1774043538354
binance,gate,FUNUSDT,0.00137600,0.03066,2128.1977,1774043538655
binance,gate,FUNUSDT,0.00137600,0.03063,2126.0174,1774043538955
binance,gate,FUNUSDT,0.00137600,0.03063,2126.0174,1774043539256
binance,gate,FUNUSDT,0.00137600,0.03063,2126.0174,1774043539556
binance,gate,FUNUSDT,0.00137600,0.03063,2126.0174,1774043539857
binance,gate,FUNUSDT,0.00137600,0.03063,2126.0174,1774043540157
binance,gate,FUNUSDT,0.00137600,0.03063,2126.0174,1774043540458
binance,gate,FUNUSDT,0.00137600,0.03063,2126.0174,1774043540758
binance,gate,FUNUSDT,0.00137600,0.03063,2126.0174,1774043541059
binance,gate,FUNUSDT,0.00137600,0.03063,2126.0174,1774043541359
binance,gate,FUNUSDT,0.00137600,0.03063,2126.0174,1774043541659
binance,gate,FUNUSDT,0.00137600,0.03063,2126.0174,1774043541959
binance,gate,FUNUSDT,0.00137600,0.03063,2126.0174,1774043542259
binance,gate,FUNUSDT,0.00137600,0.03063,2126.0174,1774043542559
binance,gate,FUNUSDT,0.00137600,0.03063,2126.0174,1774043542859
binance,gate,FUNUSDT,0.00137600,0.03063,2126.0174,1774043543159
binance,gate,FUNUSDT,0.00137600,0.03063,2126.0174,1774043543460
binance,gate,FUNUSDT,0.00137600,0.03063,2126.0174,1774043543760
binance,gate,FUNUSDT,0.00137600,0.03063,2126.0174,1774043544060
binance,gate,FUNUSDT,0.00137600,0.03063,2126.0174,1774043544360
binance,gate,FUNUSDT,0.00137600,0.03063,2126.0174,1774043544660
binance,gate,FUNUSDT,0.00137600,0.03063,2126.0174,1774043544960
binance,gate,FUNUSDT,0.00137600,0.03063,2126.0174,1774043545261
binance,gate,FUNUSDT,0.00137600,0.03063,2126.0174,1774043545561
binance,gate,FUNUSDT,0.00137600,0.03063,2126.0174,1774043545861
binance,gate,FUNUSDT,0.00137600,0.03063,2126.0174,1774043546162
binance,gate,FUNUSDT,0.00137600,0.03063,2126.0174,1774043546462
binance,gate,FUNUSDT,0.00137600,0.03063,2126.0174,1774043546762
binance,gate,FUNUSDT,0.00137600,0.03063,2126.0174,1774043547062
binance,gate,FUNUSDT,0.00137600,0.03063,2126.0174,1774043547363
binance,gate,FUNUSDT,0.00137600,0.03063,2126.0174,1774043547663
binance,gate,FUNUSDT,0.00137600,0.03063,2126.0174,1774043547963
binance,gate,FUNUSDT,0.00137600,0.03063,2126.0174,1774043548263
binance,gate,FUNUSDT,0.00137600,0.03063,2126.0174,1774043548564
binance,gate,FUNUSDT,0.00137600,0.03063,2126.0174,1774043548864
binance,gate,FUNUSDT,0.00137600,0.03063,2126.0174,1774043549164
binance,gate,FUNUSDT,0.00137600,0.03063,2126.0174,1774043549465
binance,gate,FUNUSDT,0.00137600,0.03063,2126.0174,1774043549765
binance,gate,FUNUSDT,0.00137600,0.03063,2126.0174,1774043550075
binance,gate,FUNUSDT,0.00137600,0.03063,2126.0174,1774043550375
binance,gate,FUNUSDT,0.00137600,0.03063,2126.0174,1774043550675
binance,gate,FUNUSDT,0.00137600,0.03063,2126.0174,1774043550976
binance,gate,FUNUSDT,0.00137600,0.03063,2126.0174,1774043551276
binance,gate,FUNUSDT,0.00137600,0.03063,2126.0174,1774043551576
binance,gate,FUNUSDT,0.00137600,0.03063,2126.0174,1774043551876
binance,gate,FUNUSDT,0.00137600,0.03063,2126.0174,1774043552177
binance,gate,FUNUSDT,0.00137600,0.03063,2126.0174,1774043552477
binance,gate,FUNUSDT,0.00137600,0.03063,2126.0174,1774043552778
binance,gate,FUNUSDT,0.00137600,0.03063,2126.0174,1774043553078
binance,gate,FUNUSDT,0.00137600,0.03063,2126.0174,1774043553379
binance,gate,FUNUSDT,0.00137600,0.03063,2126.0174,1774043553679
binance,gate,FUNUSDT,0.00137600,0.03063,2126.0174,1774043553979
binance,gate,FUNUSDT,0.00137600,0.03063,2126.0174,1774043554279
binance,gate,FUNUSDT,0.00137600,0.03063,2126.0174,1774043554579
binance,gate,FUNUSDT,0.00137600,0.03063,2126.0174,1774043554879
binance,gate,FUNUSDT,0.00137600,0.03063,2126.0174,1774043555180
binance,gate,FUNUSDT,0.00137600,0.03063,2126.0174,1774043555480
binance,gate,FUNUSDT,0.00137600,0.03063,2126.0174,1774043555780
binance,gate,FUNUSDT,0.00137600,0.03063,2126.0174,1774043556080
binance,gate,FUNUSDT,0.00137600,0.03063,2126.0174,1774043556380
binance,gate,FUNUSDT,0.00137600,0.03063,2126.0174,1774043556681
binance,gate,FUNUSDT,0.00137600,0.03063,2126.0174,1774043556981
binance,gate,FUNUSDT,0.00137600,0.03063,2126.0174,1774043557282
binance,gate,FUNUSDT,0.00137600,0.03063,2126.0174,1774043557582
binance,gate,FUNUSDT,0.00137600,0.03063,2126.0174,1774043557883
binance,gate,FUNUSDT,0.00137600,0.03063,2126.0174,1774043558183
binance,gate,FUNUSDT,0.00137600,0.03063,2126.0174,1774043558483
binance,gate,FUNUSDT,0.00137600,0.03063,2126.0174,1774043558783
binance,gate,FUNUSDT,0.00137600,0.03063,2126.0174,1774043559083
binance,gate,FUNUSDT,0.00137600,0.03063,2126.0174,1774043559384
binance,gate,FUNUSDT,0.00137600,0.03063,2126.0174,1774043559684
binance,gate,FUNUSDT,0.00137600,0.03063,2126.0174,1774043559984
binance,gate,FUNUSDT,0.00137600,0.03063,2126.0174,1774043560284
binance,gate,FUNUSDT,0.00137600,0.03063,2126.0174,1774043560585
binance,gate,FUNUSDT,0.00137600,0.03063,2126.0174,1774043560885
binance,gate,FUNUSDT,0.00137600,0.03063,2126.0174,1774043561185
binance,gate,FUNUSDT,0.00137600,0.03063,2126.0174,1774043561486
binance,gate,FUNUSDT,0.00137600,0.03063,2126.0174,1774043561786
binance,gate,FUNUSDT,0.00137600,0.03063,2126.0174,1774043562086
binance,gate,FUNUSDT,0.00137600,0.03063,2126.0174,1774043562386
binance,gate,FUNUSDT,0.00137600,0.03063,2126.0174,1774043562687
binance,gate,FUNUSDT,0.00137600,0.03063,2126.0174,1774043562987
binance,gate,FUNUSDT,0.00137600,0.03063,2126.0174,1774043563287
binance,gate,FUNUSDT,0.00137600,0.03063,2126.0174,1774043563587
binance,gate,FUNUSDT,0.00137600,0.03063,2126.0174,1774043563887
binance,gate,FUNUSDT,0.00137600,0.03063,2126.0174,1774043564188
binance,gate,FUNUSDT,0.00137600,0.03063,2126.0174,1774043564488
binance,gate,FUNUSDT,0.00137600,0.03063,2126.0174,1774043564789
binance,gate,FUNUSDT,0.00137600,0.03063,2126.0174,1774043565089
binance,gate,FUNUSDT,0.00137600,0.03063,2126.0174,1774043565390
binance,gate,FUNUSDT,0.00137600,0.03063,2126.0174,1774043565690
binance,gate,FUNUSDT,0.00137600,0.03063,2126.0174,1774043565990
binance,gate,FUNUSDT,0.00137600,0.03063,2126.0174,1774043566290
binance,gate,FUNUSDT,0.00137600,0.03063,2126.0174,1774043566590
binance,gate,FUNUSDT,0.00137600,0.03063,2126.0174,1774043566891
binance,gate,FUNUSDT,0.00137600,0.03063,2126.0174,1774043567191
binance,gate,FUNUSDT,0.00137600,0.03063,2126.0174,1774043567491
binance,gate,FUNUSDT,0.00137600,0.03063,2126.0174,1774043567791
binance,gate,FUNUSDT,0.00137600,0.03063,2126.0174,1774043568091
binance,gate,FUNUSDT,0.00137600,0.03063,2126.0174,1774043568392
binance,gate,FUNUSDT,0.00137600,0.03063,2126.0174,1774043568692
binance,gate,FUNUSDT,0.00137600,0.03063,2126.0174,1774043568992
binance,gate,FUNUSDT,0.00137600,0.03063,2126.0174,1774043569292
binance,gate,FUNUSDT,0.00137600,0.03063,2126.0174,1774043569593
binance,gate,FUNUSDT,0.00137600,0.03063,2126.0174,1774043569893
binance,gate,FUNUSDT,0.00137600,0.03063,2126.0174,1774043570194
binance,gate,FUNUSDT,0.00137600,0.03063,2126.0174,1774043570494
binance,gate,FUNUSDT,0.00137600,0.03063,2126.0174,1774043570794
binance,gate,FUNUSDT,0.00137600,0.03063,2126.0174,1774043571094
binance,gate,FUNUSDT,0.00137600,0.03063,2126.0174,1774043571394
binance,gate,FUNUSDT,0.00137600,0.03063,2126.0174,1774043571695
binance,gate,FUNUSDT,0.00137600,0.03063,2126.0174,1774043571996
binance,gate,FUNUSDT,0.00137600,0.03063,2126.0174,1774043572302
binance,gate,FUNUSDT,0.00137600,0.03063,2126.0174,1774043572611
binance,gate,FUNUSDT,0.00137600,0.03063,2126.0174,1774043572913
binance,gate,FUNUSDT,0.00137600,0.03063,2126.0174,1774043573215
binance,gate,FUNUSDT,0.00137600,0.03063,2126.0174,1774043573519
binance,gate,FUNUSDT,0.00137600,0.03063,2126.0174,1774043573821
binance,gate,FUNUSDT,0.00137600,0.03063,2126.0174,1774043574121
binance,gate,FUNUSDT,0.00137600,0.03063,2126.0174,1774043574428
binance,gate,FUNUSDT,0.00137600,0.03063,2126.0174,1774043574728
binance,gate,FUNUSDT,0.00137600,0.03063,2126.0174,1774043575029
binance,gate,FUNUSDT,0.00137600,0.03063,2126.0174,1774043575329
binance,gate,FUNUSDT,0.00137600,0.03063,2126.0174,1774043575629
binance,gate,FUNUSDT,0.00137600,0.03063,2126.0174,1774043575929
binance,gate,FUNUSDT,0.00137600,0.03063,2126.0174,1774043576230
binance,gate,FUNUSDT,0.00137600,0.03063,2126.0174,1774043576530
binance,gate,FUNUSDT,0.00137600,0.03063,2126.0174,1774043576830
binance,gate,FUNUSDT,0.00137600,0.03063,2126.0174,1774043577130
binance,gate,FUNUSDT,0.00137600,0.03063,2126.0174,1774043577430
binance,gate,FUNUSDT,0.00137600,0.03063,2126.0174,1774043577731
binance,gate,FUNUSDT,0.00137600,0.03063,2126.0174,1774043578031
binance,gate,FUNUSDT,0.00137600,0.03063,2126.0174,1774043578332
binance,gate,FUNUSDT,0.00137600,0.03063,2126.0174,1774043578632
binance,gate,FUNUSDT,0.00137600,0.03063,2126.0174,1774043578932
binance,gate,FUNUSDT,0.00137600,0.03063,2126.0174,1774043579236
binance,gate,FUNUSDT,0.00137600,0.03063,2126.0174,1774043579537
binance,gate,FUNUSDT,0.00137600,0.03063,2126.0174,1774043579837
binance,gate,FUNUSDT,0.00137600,0.03063,2126.0174,1774043580137
binance,gate,FUNUSDT,0.00137600,0.03063,2126.0174,1774043580438
binance,gate,FUNUSDT,0.00137600,0.03063,2126.0174,1774043580738
binance,gate,FUNUSDT,0.00137600,0.03063,2126.0174,1774043581038
binance,gate,FUNUSDT,0.00137600,0.03063,2126.0174,1774043581338
binance,gate,FUNUSDT,0.00137600,0.03063,2126.0174,1774043581638
binance,gate,FUNUSDT,0.00137600,0.03063,2126.0174,1774043581938
binance,gate,FUNUSDT,0.00137600,0.03063,2126.0174,1774043582238
binance,gate,FUNUSDT,0.00137600,0.03063,2126.0174,1774043582538
binance,gate,FUNUSDT,0.00137600,0.03063,2126.0174,1774043582839
binance,gate,FUNUSDT,0.00137600,0.03063,2126.0174,1774043583139
binance,gate,FUNUSDT,0.00137600,0.03063,2126.0174,1774043583440
binance,gate,FUNUSDT,0.00137600,0.03063,2126.0174,1774043583740
binance,gate,FUNUSDT,0.00137600,0.03063,2126.0174,1774043584040
binance,gate,FUNUSDT,0.00137600,0.03063,2126.0174,1774043584340
binance,gate,FUNUSDT,0.00137600,0.03063,2126.0174,1774043584640
binance,gate,FUNUSDT,0.00137600,0.03063,2126.0174,1774043584940
binance,gate,FUNUSDT,0.00137600,0.03063,2126.0174,1774043585242
binance,gate,FUNUSDT,0.00137600,0.03063,2126.0174,1774043585542
binance,gate,FUNUSDT,0.00137600,0.03063,2126.0174,1774043585842
binance,gate,FUNUSDT,0.00137600,0.03063,2126.0174,1774043586142
binance,gate,FUNUSDT,0.00137600,0.03063,2126.0174,1774043586442
binance,gate,FUNUSDT,0.00137600,0.03063,2126.0174,1774043586742
binance,gate,FUNUSDT,0.00137600,0.03063,2126.0174,1774043587043
binance,gate,FUNUSDT,0.00137600,0.03063,2126.0174,1774043587343
binance,gate,FUNUSDT,0.00137600,0.03063,2126.0174,1774043587643
binance,gate,FUNUSDT,0.00137600,0.03063,2126.0174,1774043587943
binance,gate,FUNUSDT,0.00137600,0.03063,2126.0174,1774043588243
binance,gate,FUNUSDT,0.00137600,0.03063,2126.0174,1774043588544
binance,gate,FUNUSDT,0.00137600,0.03063,2126.0174,1774043588844
binance,gate,FUNUSDT,0.00137600,0.03063,2126.0174,1774043589144
binance,gate,FUNUSDT,0.00137600,0.03063,2126.0174,1774043589444
binance,gate,FUNUSDT,0.00137600,0.03063,2126.0174,1774043589744
binance,gate,FUNUSDT,0.00137600,0.03063,2126.0174,1774043590045
binance,gate,FUNUSDT,0.00137600,0.03063,2126.0174,1774043590345
binance,gate,FUNUSDT,0.00137600,0.03063,2126.0174,1774043590645
binance,gate,FUNUSDT,0.00137600,0.03063,2126.0174,1774043590945
binance,gate,FUNUSDT,0.00137600,0.03063,2126.0174,1774043591246
binance,gate,FUNUSDT,0.00137600,0.03063,2126.0174,1774043591546
binance,gate,FUNUSDT,0.00137600,0.03063,2126.0174,1774043591846
binance,gate,FUNUSDT,0.00137600,0.03063,2126.0174,1774043592146
binance,gate,FUNUSDT,0.00137600,0.03063,2126.0174,1774043592446
binance,gate,FUNUSDT,0.00137600,0.03063,2126.0174,1774043592746
binance,gate,FUNUSDT,0.00137600,0.03063,2126.0174,1774043593046
binance,gate,FUNUSDT,0.00137600,0.03063,2126.0174,1774043593347
binance,gate,FUNUSDT,0.00137600,0.03064,2126.7442,1774043593647
binance,gate,FUNUSDT,0.00137600,0.03064,2126.7442,1774043593947
binance,gate,FUNUSDT,0.00137600,0.03064,2126.7442,1774043594247
binance,gate,FUNUSDT,0.00137600,0.03064,2126.7442,1774043594548
binance,gate,FUNUSDT,0.00137600,0.03064,2126.7442,1774043594848
binance,gate,FUNUSDT,0.00137600,0.03064,2126.7442,1774043595148
binance,gate,FUNUSDT,0.00137600,0.03064,2126.7442,1774043595448
binance,gate,FUNUSDT,0.00137600,0.03064,2126.7442,1774043595748
binance,gate,FUNUSDT,0.00137600,0.03064,2126.7442,1774043596048
binance,gate,FUNUSDT,0.00137600,0.03064,2126.7442,1774043596348
binance,gate,FUNUSDT,0.00137600,0.03064,2126.7442,1774043596648
binance,gate,FUNUSDT,0.00137600,0.03064,2126.7442,1774043596948
binance,gate,FUNUSDT,0.00137600,0.03064,2126.7442,1774043597249
binance,gate,FUNUSDT,0.00137600,0.03064,2126.7442,1774043597549
binance,gate,FUNUSDT,0.00137600,0.03064,2126.7442,1774043597849
binance,gate,FUNUSDT,0.00137600,0.03064,2126.7442,1774043598149
binance,gate,FUNUSDT,0.00137600,0.03064,2126.7442,1774043598449
binance,gate,FUNUSDT,0.00137600,0.03064,2126.7442,1774043598749
binance,gate,FUNUSDT,0.00137600,0.03064,2126.7442,1774043599053
binance,gate,FUNUSDT,0.00137600,0.03064,2126.7442,1774043599353
binance,gate,FUNUSDT,0.00137600,0.03064,2126.7442,1774043599654
binance,gate,FUNUSDT,0.00137600,0.03064,2126.7442,1774043599954
binance,gate,FUNUSDT,0.00137600,0.03064,2126.7442,1774043600254
binance,gate,FUNUSDT,0.00137600,0.03064,2126.7442,1774043600554
binance,gate,FUNUSDT,0.00137600,0.03064,2126.7442,1774043600854
binance,gate,FUNUSDT,0.00137600,0.03064,2126.7442,1774043601155
binance,gate,FUNUSDT,0.00137600,0.03064,2126.7442,1774043601455
binance,gate,FUNUSDT,0.00137600,0.03064,2126.7442,1774043601755
binance,gate,FUNUSDT,0.00137600,0.03064,2126.7442,1774043602055
binance,gate,FUNUSDT,0.00137600,0.03064,2126.7442,1774043602355
binance,gate,FUNUSDT,0.00137600,0.03064,2126.7442,1774043602655
binance,gate,FUNUSDT,0.00137600,0.03064,2126.7442,1774043602955
binance,gate,FUNUSDT,0.00137600,0.03064,2126.7442,1774043603256
binance,gate,FUNUSDT,0.00137600,0.03064,2126.7442,1774043603556
binance,gate,FUNUSDT,0.00137600,0.03064,2126.7442,1774043603856
binance,gate,FUNUSDT,0.00137600,0.03064,2126.7442,1774043604157
binance,gate,FUNUSDT,0.00137600,0.03064,2126.7442,1774043604457
binance,gate,FUNUSDT,0.00137600,0.03064,2126.7442,1774043604757
binance,gate,FUNUSDT,0.00137600,0.03064,2126.7442,1774043605057
binance,gate,FUNUSDT,0.00137600,0.03064,2126.7442,1774043605358
binance,gate,FUNUSDT,0.00137600,0.03064,2126.7442,1774043605658
binance,gate,FUNUSDT,0.00137600,0.03064,2126.7442,1774043605958
binance,gate,FUNUSDT,0.00137600,0.03064,2126.7442,1774043606258
binance,gate,FUNUSDT,0.00137600,0.03064,2126.7442,1774043606558
binance,gate,FUNUSDT,0.00137600,0.03064,2126.7442,1774043606859
binance,gate,FUNUSDT,0.00137600,0.03064,2126.7442,1774043607159
binance,gate,FUNUSDT,0.00137600,0.03064,2126.7442,1774043607459
binance,gate,FUNUSDT,0.00137600,0.03064,2126.7442,1774043607759
binance,gate,FUNUSDT,0.00137600,0.03064,2126.7442,1774043608059
binance,gate,FUNUSDT,0.00137600,0.03064,2126.7442,1774043608360
binance,gate,FUNUSDT,0.00137600,0.03064,2126.7442,1774043608660
binance,gate,FUNUSDT,0.00137600,0.03064,2126.7442,1774043608961
binance,gate,FUNUSDT,0.00137600,0.03064,2126.7442,1774043609261
binance,gate,FUNUSDT,0.00137600,0.03064,2126.7442,1774043609562
binance,gate,FUNUSDT,0.00137600,0.03064,2126.7442,1774043609862
binance,gate,FUNUSDT,0.00137600,0.03064,2126.7442,1774043610162
binance,gate,FUNUSDT,0.00137600,0.03064,2126.7442,1774043610462
binance,gate,FUNUSDT,0.00137600,0.03064,2126.7442,1774043610763
binance,gate,FUNUSDT,0.00137600,0.03064,2126.7442,1774043611063
binance,gate,FUNUSDT,0.00137600,0.03064,2126.7442,1774043611363
binance,gate,FUNUSDT,0.00137600,0.03064,2126.7442,1774043611663
binance,gate,FUNUSDT,0.00137600,0.03064,2126.7442,1774043611963
binance,gate,FUNUSDT,0.00137600,0.03064,2126.7442,1774043612263
binance,gate,FUNUSDT,0.00137600,0.03064,2126.7442,1774043612564
binance,gate,FUNUSDT,0.00137600,0.03064,2126.7442,1774043612865
binance,gate,FUNUSDT,0.00137600,0.03064,2126.7442,1774043613165
binance,gate,FUNUSDT,0.00137600,0.03064,2126.7442,1774043613465
binance,gate,FUNUSDT,0.00137600,0.03064,2126.7442,1774043613765
binance,gate,FUNUSDT,0.00137600,0.03064,2126.7442,1774043614065
binance,gate,FUNUSDT,0.00137600,0.03064,2126.7442,1774043614366
binance,gate,FUNUSDT,0.00137600,0.03064,2126.7442,1774043614666
binance,gate,FUNUSDT,0.00137600,0.03064,2126.7442,1774043614966
binance,gate,FUNUSDT,0.00137600,0.03064,2126.7442,1774043615266
binance,gate,FUNUSDT,0.00137600,0.03064,2126.7442,1774043615566
binance,gate,FUNUSDT,0.00137600,0.03064,2126.7442,1774043615867
binance,gate,FUNUSDT,0.00137600,0.03064,2126.7442,1774043616167
binance,gate,FUNUSDT,0.00137600,0.03064,2126.7442,1774043616468
binance,gate,FUNUSDT,0.00137600,0.03064,2126.7442,1774043616768
binance,gate,FUNUSDT,0.00137600,0.03064,2126.7442,1774043617068
binance,gate,FUNUSDT,0.00137600,0.03064,2126.7442,1774043617368
binance,gate,FUNUSDT,0.00137600,0.03064,2126.7442,1774043617669
binance,gate,FUNUSDT,0.00137600,0.03064,2126.7442,1774043617969
binance,gate,FUNUSDT,0.00137600,0.03064,2126.7442,1774043618269
binance,gate,FUNUSDT,0.00137600,0.03064,2126.7442,1774043618569
binance,gate,FUNUSDT,0.00137600,0.03064,2126.7442,1774043618870
binance,gate,FUNUSDT,0.00137600,0.03064,2126.7442,1774043619170
binance,gate,FUNUSDT,0.00137600,0.03064,2126.7442,1774043619471
binance,gate,FUNUSDT,0.00137600,0.03064,2126.7442,1774043619771
binance,gate,FUNUSDT,0.00137600,0.03064,2126.7442,1774043620071
binance,gate,FUNUSDT,0.00137600,0.03064,2126.7442,1774043620372
binance,gate,FUNUSDT,0.00137600,0.03064,2126.7442,1774043620672
binance,gate,FUNUSDT,0.00137600,0.03064,2126.7442,1774043620972
binance,gate,FUNUSDT,0.00137600,0.03064,2126.7442,1774043621273
binance,gate,FUNUSDT,0.00137600,0.03064,2126.7442,1774043621574
binance,gate,FUNUSDT,0.00137600,0.03064,2126.7442,1774043621875
binance,gate,FUNUSDT,0.00137600,0.03064,2126.7442,1774043622175
binance,gate,FUNUSDT,0.00137600,0.03064,2126.7442,1774043622476
binance,gate,FUNUSDT,0.00137600,0.03064,2126.7442,1774043622776
binance,gate,FUNUSDT,0.00137600,0.03064,2126.7442,1774043623076
binance,gate,FUNUSDT,0.00137600,0.03064,2126.7442,1774043623376
binance,gate,FUNUSDT,0.00137600,0.03064,2126.7442,1774043623677
binance,gate,FUNUSDT,0.00137600,0.03064,2126.7442,1774043623977
binance,gate,FUNUSDT,0.00137600,0.03064,2126.7442,1774043624277
binance,gate,FUNUSDT,0.00137600,0.03064,2126.7442,1774043624578
binance,gate,FUNUSDT,0.00137600,0.03064,2126.7442,1774043624879
binance,gate,FUNUSDT,0.00137600,0.03064,2126.7442,1774043625179
binance,gate,FUNUSDT,0.00137600,0.03064,2126.7442,1774043625479
binance,gate,FUNUSDT,0.00137600,0.03064,2126.7442,1774043625780
binance,gate,FUNUSDT,0.00137600,0.03064,2126.7442,1774043626082
binance,gate,FUNUSDT,0.00137600,0.03064,2126.7442,1774043626383
binance,gate,FUNUSDT,0.00137600,0.03064,2126.7442,1774043626683
binance,gate,FUNUSDT,0.00137600,0.03064,2126.7442,1774043626983
binance,gate,FUNUSDT,0.00137600,0.03064,2126.7442,1774043627284
binance,gate,FUNUSDT,0.00137600,0.03064,2126.7442,1774043627584
binance,gate,FUNUSDT,0.00137600,0.03064,2126.7442,1774043627884
binance,gate,FUNUSDT,0.00137600,0.03064,2126.7442,1774043628185
binance,gate,FUNUSDT,0.00137600,0.03064,2126.7442,1774043628485
binance,gate,FUNUSDT,0.00137600,0.03064,2126.7442,1774043628785
binance,gate,FUNUSDT,0.00137600,0.03064,2126.7442,1774043629085
binance,gate,FUNUSDT,0.00137600,0.03064,2126.7442,1774043629385
binance,gate,FUNUSDT,0.00137600,0.03064,2126.7442,1774043629686
binance,gate,FUNUSDT,0.00137600,0.03064,2126.7442,1774043629986
binance,gate,FUNUSDT,0.00137600,0.03064,2126.7442,1774043630286
binance,gate,FUNUSDT,0.00137600,0.03064,2126.7442,1774043630586
binance,gate,FUNUSDT,0.00137600,0.03064,2126.7442,1774043630886
binance,gate,FUNUSDT,0.00137600,0.03064,2126.7442,1774043631187
binance,gate,FUNUSDT,0.00137600,0.03064,2126.7442,1774043631487
binance,gate,FUNUSDT,0.00137600,0.03064,2126.7442,1774043631787
binance,gate,FUNUSDT,0.00137600,0.03064,2126.7442,1774043632087
binance,gate,FUNUSDT,0.00137600,0.03064,2126.7442,1774043632388
binance,gate,FUNUSDT,0.00137600,0.03064,2126.7442,1774043632688
binance,gate,FUNUSDT,0.00137600,0.03064,2126.7442,1774043632988
binance,gate,FUNUSDT,0.00137600,0.03064,2126.7442,1774043633288
binance,gate,FUNUSDT,0.00137600,0.03064,2126.7442,1774043633588
binance,gate,FUNUSDT,0.00137600,0.03064,2126.7442,1774043633889
binance,gate,FUNUSDT,0.00137600,0.03064,2126.7442,1774043634189
binance,gate,FUNUSDT,0.00137600,0.03064,2126.7442,1774043634489
binance,gate,FUNUSDT,0.00137600,0.03064,2126.7442,1774043634790
binance,gate,FUNUSDT,0.00137600,0.03064,2126.7442,1774043635090
binance,gate,FUNUSDT,0.00137600,0.03064,2126.7442,1774043635391
binance,gate,FUNUSDT,0.00137600,0.03064,2126.7442,1774043635691
binance,gate,FUNUSDT,0.00137600,0.03064,2126.7442,1774043635991
binance,gate,FUNUSDT,0.00137600,0.03064,2126.7442,1774043636292
binance,gate,FUNUSDT,0.00137600,0.03064,2126.7442,1774043636592
binance,gate,FUNUSDT,0.00137600,0.03064,2126.7442,1774043636893
binance,gate,FUNUSDT,0.00137600,0.03064,2126.7442,1774043637193
binance,gate,FUNUSDT,0.00137600,0.03064,2126.7442,1774043637494
binance,gate,FUNUSDT,0.00137600,0.03064,2126.7442,1774043637795
binance,gate,FUNUSDT,0.00137600,0.03064,2126.7442,1774043638095
binance,gate,FUNUSDT,0.00137600,0.03064,2126.7442,1774043638396
binance,gate,FUNUSDT,0.00137600,0.03064,2126.7442,1774043638702
binance,gate,FUNUSDT,0.00137600,0.03064,2126.7442,1774043639011
binance,gate,FUNUSDT,0.00137600,0.03064,2126.7442,1774043639313
binance,gate,FUNUSDT,0.00137600,0.03064,2126.7442,1774043639615
binance,gate,FUNUSDT,0.00137600,0.03064,2126.7442,1774043639916
binance,gate,FUNUSDT,0.00137600,0.03064,2126.7442,1774043640220
binance,gate,FUNUSDT,0.00137600,0.03064,2126.7442,1774043640521
binance,gate,FUNUSDT,0.00137600,0.03064,2126.7442,1774043640825
binance,gate,FUNUSDT,0.00137600,0.03064,2126.7442,1774043641125
binance,gate,FUNUSDT,0.00137600,0.03064,2126.7442,1774043641425
binance,gate,FUNUSDT,0.00137600,0.03064,2126.7442,1774043641725
binance,gate,FUNUSDT,0.00137600,0.03064,2126.7442,1774043642025
binance,gate,FUNUSDT,0.00137600,0.03064,2126.7442,1774043642325
binance,gate,FUNUSDT,0.00137600,0.03064,2126.7442,1774043642626
binance,gate,FUNUSDT,0.00137600,0.03064,2126.7442,1774043642926
binance,gate,FUNUSDT,0.00137600,0.03064,2126.7442,1774043643226
binance,gate,FUNUSDT,0.00137600,0.03064,2126.7442,1774043643526
binance,gate,FUNUSDT,0.00137600,0.03064,2126.7442,1774043643827
binance,gate,FUNUSDT,0.00137600,0.03064,2126.7442,1774043644127
binance,gate,FUNUSDT,0.00137600,0.03064,2126.7442,1774043644427
binance,gate,FUNUSDT,0.00137600,0.03064,2126.7442,1774043644727
binance,gate,FUNUSDT,0.00137600,0.03064,2126.7442,1774043645027
binance,gate,FUNUSDT,0.00137600,0.03064,2126.7442,1774043645327
binance,gate,FUNUSDT,0.00137600,0.03064,2126.7442,1774043645628
binance,gate,FUNUSDT,0.00137600,0.03064,2126.7442,1774043645929
binance,gate,FUNUSDT,0.00137600,0.03064,2126.7442,1774043646229
binance,gate,FUNUSDT,0.00137600,0.03064,2126.7442,1774043646529
binance,gate,FUNUSDT,0.00137600,0.03064,2126.7442,1774043646830
binance,gate,FUNUSDT,0.00137600,0.03064,2126.7442,1774043647130
binance,gate,FUNUSDT,0.00137600,0.03064,2126.7442,1774043647430
binance,gate,FUNUSDT,0.00137600,0.03064,2126.7442,1774043647730
binance,gate,FUNUSDT,0.00137600,0.03064,2126.7442,1774043648030
binance,gate,FUNUSDT,0.00137600,0.03064,2126.7442,1774043648331
binance,gate,FUNUSDT,0.00137600,0.03064,2126.7442,1774043648631
binance,gate,FUNUSDT,0.00137600,0.03064,2126.7442,1774043648931
binance,gate,FUNUSDT,0.00137600,0.03064,2126.7442,1774043649231
binance,gate,FUNUSDT,0.00137600,0.03064,2126.7442,1774043649532
binance,gate,FUNUSDT,0.00137600,0.03064,2126.7442,1774043649832
binance,gate,FUNUSDT,0.00137600,0.03064,2126.7442,1774043650132
binance,gate,FUNUSDT,0.00137600,0.03064,2126.7442,1774043650432
binance,gate,FUNUSDT,0.00137600,0.03064,2126.7442,1774043650733
binance,gate,FUNUSDT,0.00137600,0.03064,2126.7442,1774043651033
binance,gate,FUNUSDT,0.00137600,0.03064,2126.7442,1774043651333
binance,gate,FUNUSDT,0.00137600,0.03064,2126.7442,1774043651634
binance,gate,FUNUSDT,0.00137600,0.03064,2126.7442,1774043651934
binance,gate,FUNUSDT,0.00137600,0.03064,2126.7442,1774043652234
binance,gate,FUNUSDT,0.00137600,0.03064,2126.7442,1774043652535
binance,gate,FUNUSDT,0.00137600,0.03064,2126.7442,1774043652835
binance,gate,FUNUSDT,0.00137600,0.03064,2126.7442,1774043653135
binance,gate,FUNUSDT,0.00137600,0.03064,2126.7442,1774043653435
binance,gate,FUNUSDT,0.00137600,0.03064,2126.7442,1774043653736
binance,gate,FUNUSDT,0.00137600,0.03064,2126.7442,1774043654036
binance,gate,FUNUSDT,0.00137700,0.03064,2125.1271,1774043654337
binance,gate,FUNUSDT,0.00137700,0.03064,2125.1271,1774043654638
binance,gate,FUNUSDT,0.00137700,0.03064,2125.1271,1774043654938
binance,gate,FUNUSDT,0.00137700,0.03064,2125.1271,1774043655238
binance,gate,FUNUSDT,0.00137700,0.03064,2125.1271,1774043655538
binance,gate,FUNUSDT,0.00137700,0.03064,2125.1271,1774043655838
binance,gate,FUNUSDT,0.00137700,0.03064,2125.1271,1774043656138
binance,gate,FUNUSDT,0.00137700,0.03064,2125.1271,1774043656439
binance,gate,FUNUSDT,0.00137700,0.03064,2125.1271,1774043656739
binance,gate,FUNUSDT,0.00137700,0.03064,2125.1271,1774043657039
binance,gate,FUNUSDT,0.00137700,0.03064,2125.1271,1774043657339
binance,gate,FUNUSDT,0.00137700,0.03064,2125.1271,1774043657639
binance,gate,FUNUSDT,0.00137700,0.03064,2125.1271,1774043657939
binance,gate,FUNUSDT,0.00137700,0.03064,2125.1271,1774043658240
binance,gate,FUNUSDT,0.00137700,0.03064,2125.1271,1774043658540
binance,gate,FUNUSDT,0.00137700,0.03064,2125.1271,1774043658840
binance,gate,FUNUSDT,0.00137700,0.03064,2125.1271,1774043659140
binance,gate,FUNUSDT,0.00137700,0.03064,2125.1271,1774043659440
binance,gate,FUNUSDT,0.00137700,0.03064,2125.1271,1774043659741
binance,gate,FUNUSDT,0.00137700,0.03064,2125.1271,1774043660041
binance,gate,FUNUSDT,0.00137700,0.03064,2125.1271,1774043660341
binance,gate,FUNUSDT,0.00137700,0.03064,2125.1271,1774043660641
binance,gate,FUNUSDT,0.00137700,0.03064,2125.1271,1774043660942
binance,gate,FUNUSDT,0.00137700,0.03064,2125.1271,1774043661242
binance,gate,FUNUSDT,0.00137700,0.03064,2125.1271,1774043661542
binance,gate,FUNUSDT,0.00137700,0.03064,2125.1271,1774043661842
binance,gate,FUNUSDT,0.00137700,0.03064,2125.1271,1774043662143
binance,gate,FUNUSDT,0.00137700,0.03064,2125.1271,1774043662444
binance,gate,FUNUSDT,0.00137700,0.03064,2125.1271,1774043662748
binance,gate,FUNUSDT,0.00137700,0.03064,2125.1271,1774043663053
binance,gate,FUNUSDT,0.00137700,0.03064,2125.1271,1774043663353
binance,gate,FUNUSDT,0.00137700,0.03064,2125.1271,1774043663653
binance,gate,FUNUSDT,0.00137700,0.03064,2125.1271,1774043663953
binance,gate,FUNUSDT,0.00137700,0.03064,2125.1271,1774043664253
binance,gate,FUNUSDT,0.00137700,0.03064,2125.1271,1774043664553
binance,gate,FUNUSDT,0.00137700,0.03064,2125.1271,1774043664854
binance,gate,FUNUSDT,0.00137700,0.03064,2125.1271,1774043665154
binance,gate,FUNUSDT,0.00137700,0.03064,2125.1271,1774043665454
binance,gate,FUNUSDT,0.00137700,0.03064,2125.1271,1774043665754
binance,gate,FUNUSDT,0.00137700,0.03064,2125.1271,1774043666055
binance,gate,FUNUSDT,0.00137700,0.03064,2125.1271,1774043666355
binance,gate,FUNUSDT,0.00137700,0.03064,2125.1271,1774043666655
binance,gate,FUNUSDT,0.00137700,0.03064,2125.1271,1774043666955
binance,gate,FUNUSDT,0.00137700,0.03064,2125.1271,1774043667255
binance,gate,FUNUSDT,0.00137700,0.03064,2125.1271,1774043667555
binance,gate,FUNUSDT,0.00137700,0.03064,2125.1271,1774043667856
binance,gate,FUNUSDT,0.00137700,0.03064,2125.1271,1774043668156
binance,gate,FUNUSDT,0.00137700,0.03064,2125.1271,1774043668456
binance,gate,FUNUSDT,0.00137700,0.03064,2125.1271,1774043668756
binance,gate,FUNUSDT,0.00137700,0.03064,2125.1271,1774043669056
binance,gate,FUNUSDT,0.00137700,0.03064,2125.1271,1774043669357
binance,gate,FUNUSDT,0.00137700,0.03064,2125.1271,1774043669657
binance,gate,FUNUSDT,0.00137700,0.03064,2125.1271,1774043669957
binance,gate,FUNUSDT,0.00137700,0.03064,2125.1271,1774043670257
binance,gate,FUNUSDT,0.00137700,0.03064,2125.1271,1774043670557
binance,gate,FUNUSDT,0.00137700,0.03064,2125.1271,1774043670857
binance,gate,FUNUSDT,0.00137700,0.03064,2125.1271,1774043671158
binance,gate,FUNUSDT,0.00137700,0.03064,2125.1271,1774043671458
binance,gate,FUNUSDT,0.00137700,0.03064,2125.1271,1774043671758
binance,gate,FUNUSDT,0.00137700,0.03064,2125.1271,1774043672058
binance,gate,FUNUSDT,0.00137700,0.03064,2125.1271,1774043672358
binance,gate,FUNUSDT,0.00137700,0.03064,2125.1271,1774043672659
binance,gate,FUNUSDT,0.00137700,0.03064,2125.1271,1774043672959
binance,gate,FUNUSDT,0.00137700,0.03064,2125.1271,1774043673259
binance,gate,FUNUSDT,0.00137700,0.03064,2125.1271,1774043673559
binance,gate,FUNUSDT,0.00137700,0.03064,2125.1271,1774043673860
binance,gate,FUNUSDT,0.00137700,0.03064,2125.1271,1774043674160
binance,gate,FUNUSDT,0.00137700,0.03064,2125.1271,1774043674460
binance,gate,FUNUSDT,0.00137700,0.03064,2125.1271,1774043674760
binance,gate,FUNUSDT,0.00137700,0.03064,2125.1271,1774043675060
binance,gate,FUNUSDT,0.00137700,0.03064,2125.1271,1774043675361
binance,gate,FUNUSDT,0.00137700,0.03064,2125.1271,1774043675661
binance,gate,FUNUSDT,0.00137700,0.03064,2125.1271,1774043675961
binance,gate,FUNUSDT,0.00137700,0.03064,2125.1271,1774043676261
binance,gate,FUNUSDT,0.00137700,0.03064,2125.1271,1774043676562
binance,gate,FUNUSDT,0.00137700,0.03064,2125.1271,1774043676862
binance,gate,FUNUSDT,0.00137700,0.03064,2125.1271,1774043677162
binance,gate,FUNUSDT,0.00137700,0.03064,2125.1271,1774043677462
binance,gate,FUNUSDT,0.00137700,0.03064,2125.1271,1774043677762
binance,gate,FUNUSDT,0.00137700,0.03064,2125.1271,1774043678063
binance,gate,FUNUSDT,0.00137700,0.03064,2125.1271,1774043678363
binance,gate,FUNUSDT,0.00137700,0.03064,2125.1271,1774043678663
binance,gate,FUNUSDT,0.00137700,0.03064,2125.1271,1774043678963
binance,gate,FUNUSDT,0.00137700,0.03064,2125.1271,1774043679263
binance,gate,FUNUSDT,0.00137700,0.03064,2125.1271,1774043679563
binance,gate,FUNUSDT,0.00137700,0.03064,2125.1271,1774043679864
binance,gate,FUNUSDT,0.00137700,0.03064,2125.1271,1774043680164
binance,gate,FUNUSDT,0.00137700,0.03064,2125.1271,1774043680464
binance,gate,FUNUSDT,0.00137700,0.03064,2125.1271,1774043680764
binance,gate,FUNUSDT,0.00137700,0.03064,2125.1271,1774043681065
binance,gate,FUNUSDT,0.00137700,0.03064,2125.1271,1774043681365
binance,gate,FUNUSDT,0.00137700,0.03064,2125.1271,1774043681666
binance,gate,FUNUSDT,0.00137700,0.03064,2125.1271,1774043681966
binance,gate,FUNUSDT,0.00137700,0.03064,2125.1271,1774043682266
binance,gate,FUNUSDT,0.00137700,0.03064,2125.1271,1774043682567
binance,gate,FUNUSDT,0.00137700,0.03064,2125.1271,1774043682867
binance,gate,FUNUSDT,0.00137700,0.03064,2125.1271,1774043683167
binance,gate,FUNUSDT,0.00137700,0.03064,2125.1271,1774043683467
binance,gate,FUNUSDT,0.00137700,0.03064,2125.1271,1774043683768
binance,gate,FUNUSDT,0.00137700,0.03064,2125.1271,1774043684068
binance,gate,FUNUSDT,0.00137700,0.03056,2119.3174,1774043684368
binance,gate,FUNUSDT,0.00137700,0.03056,2119.3174,1774043684668
binance,gate,FUNUSDT,0.00137700,0.03056,2119.3174,1774043684969
binance,gate,FUNUSDT,0.00137700,0.03056,2119.3174,1774043685269
binance,gate,FUNUSDT,0.00137700,0.03056,2119.3174,1774043685569
binance,gate,FUNUSDT,0.00137700,0.03056,2119.3174,1774043685869
binance,gate,FUNUSDT,0.00137700,0.03056,2119.3174,1774043686170
binance,gate,FUNUSDT,0.00137700,0.03056,2119.3174,1774043686470
binance,gate,FUNUSDT,0.00137700,0.03056,2119.3174,1774043686770
binance,gate,FUNUSDT,0.00137700,0.03056,2119.3174,1774043687070
binance,gate,FUNUSDT,0.00137700,0.03056,2119.3174,1774043687371
binance,gate,FUNUSDT,0.00137700,0.03056,2119.3174,1774043687671
binance,gate,FUNUSDT,0.00137700,0.03056,2119.3174,1774043687971
binance,gate,FUNUSDT,0.00137700,0.03056,2119.3174,1774043688271
binance,gate,FUNUSDT,0.00137700,0.03056,2119.3174,1774043688572
binance,gate,FUNUSDT,0.00137700,0.03056,2119.3174,1774043688872
binance,gate,FUNUSDT,0.00137700,0.03056,2119.3174,1774043689172
binance,gate,FUNUSDT,0.00137700,0.03056,2119.3174,1774043689473
binance,gate,FUNUSDT,0.00137700,0.03056,2119.3174,1774043689773
