spot_exch,fut_exch,symbol,ask_spot,bid_futures,spread_pct,ts
binance,bybit,SXPUSDT,0.00810000,0.00815,0.6173,1774043278000
binance,bybit,SXPUSDT,0.00810000,0.00815,0.6173,1774043288000
binance,bybit,SXPUSDT,0.00810000,0.00815,0.6173,1774043289000
binance,bybit,SXPUSDT,0.00810000,0.00813,0.3704,1774043386000
binance,bybit,SXPUSDT,0.00810000,0.00813,0.3704,1774043433000
binance,bybit,SXPUSDT,0.00810000,0.00813,0.3704,1774043434000
binance,bybit,SXPUSDT,0.00810000,0.00813,0.3704,1774043437000
binance,bybit,SXPUSDT,0.00810000,0.00813,0.3704,1774043443000
binance,bybit,SXPUSDT,0.00810000,0.00813,0.3704,1774043444000
binance,bybit,SXPUSDT,0.00810000,0.00813,0.3704,1774043447000
binance,bybit,SXPUSDT,0.00810000,0.00813,0.3704,1774043448000
binance,bybit,SXPUSDT,0.00810000,0.00813,0.3704,1774043469000
binance,bybit,SXPUSDT,0.00810000,0.00813,0.3704,1774043471000
binance,bybit,SXPUSDT,0.00810000,0.00813,0.3704,1774043479000
binance,bybit,SXPUSDT,0.00810000,0.00813,0.3704,1774043503000
binance,bybit,SXPUSDT,0.00810000,0.00813,0.3704,1774043505000
binance,bybit,SXPUSDT,0.00810000,0.00813,0.3704,1774043506000
binance,bybit,SXPUSDT,0.00810000,0.00814,0.4938,1774043531000
binance,bybit,SXPUSDT,0.00810000,0.00814,0.4938,1774043580000
binance,bybit,SXPUSDT,0.00810000,0.00813,0.3704,1774043583000
binance,bybit,SXPUSDT,0.00810000,0.00813,0.3704,1774043605000
binance,bybit,SXPUSDT,0.00810000,0.00813,0.3704,1774043640000
binance,bybit,SXPUSDT,0.00810000,0.00813,0.3704,1774043643000
binance,bybit,SXPUSDT,0.00810000,0.00812,0.2469,1774043700000
binance,bybit,SXPUSDT,0.00810000,0.00811,0.1235,1774043730000
binance,bybit,SXPUSDT,0.00810000,0.00811,0.1235,1774043731000
binance,bybit,SXPUSDT,0.00810000,0.00811,0.1235,1774043734000
binance,bybit,SXPUSDT,0.00810000,0.00811,0.1235,1774043735000
binance,bybit,SXPUSDT,0.00810000,0.00811,0.1235,1774043736000
binance,bybit,SXPUSDT,0.00800000,0.00812,1.5,1774043757000
binance,bybit,SXPUSDT,0.00810000,0.00811,0.1235,1774043759000
binance,bybit,SXPUSDT,0.00810000,0.00812,0.2469,1774043770000
binance,bybit,SXPUSDT,0.00810000,0.00812,0.2469,1774043771000
binance,bybit,SXPUSDT,0.00810000,0.00811,0.1235,1774043798000
binance,bybit,SXPUSDT,0.00810000,0.00813,0.3704,1774043806000
binance,bybit,SXPUSDT,0.00810000,0.00812,0.2469,1774043813000
binance,bybit,SXPUSDT,0.00810000,0.00812,0.2469,1774043814000
binance,bybit,SXPUSDT,0.00810000,0.00811,0.1235,1774043817000
binance,bybit,SXPUSDT,0.00810000,0.00811,0.1235,1774043819000
binance,bybit,SXPUSDT,0.00810000,0.00812,0.2469,1774043828000
binance,bybit,SXPUSDT,0.00810000,0.00811,0.1235,1774043879000
binance,bybit,SXPUSDT,0.00810000,0.00811,0.1235,1774043880000
binance,bybit,SXPUSDT,0.00810000,0.00811,0.1235,1774043881000
binance,bybit,SXPUSDT,0.00810000,0.00815,0.6173,1774043943000
binance,bybit,SXPUSDT,0.00810000,0.00815,0.6173,1774043944000
binance,bybit,SXPUSDT,0.00810000,0.00815,0.6173,1774043968000
binance,bybit,SXPUSDT,0.00800000,0.00812,1.5,1774043980000
binance,bybit,SXPUSDT,0.00800000,0.00812,1.5,1774043980329
binance,bybit,SXPUSDT,0.00800000,0.00812,1.5,1774043980629
binance,bybit,SXPUSDT,0.00800000,0.00812,1.5,1774043980929
binance,bybit,SXPUSDT,0.00800000,0.00812,1.5,1774043981229
binance,bybit,SXPUSDT,0.00800000,0.00812,1.5,1774043981530
binance,bybit,SXPUSDT,0.00800000,0.00812,1.5,1774043981830
binance,bybit,SXPUSDT,0.00800000,0.00812,1.5,1774043982130
binance,bybit,SXPUSDT,0.00800000,0.00812,1.5,1774043982431
binance,bybit,SXPUSDT,0.00800000,0.00812,1.5,1774043982731
binance,bybit,SXPUSDT,0.00800000,0.00812,1.5,1774043983031
binance,bybit,SXPUSDT,0.00800000,0.00812,1.5,1774043983331
binance,bybit,SXPUSDT,0.00800000,0.00812,1.5,1774043983632
binance,bybit,SXPUSDT,0.00800000,0.00812,1.5,1774043983932
binance,bybit,SXPUSDT,0.00800000,0.00812,1.5,1774043984232
binance,bybit,SXPUSDT,0.00800000,0.00812,1.5,1774043984533
binance,bybit,SXPUSDT,0.00800000,0.00812,1.5,1774043984833
binance,bybit,SXPUSDT,0.00800000,0.00812,1.5,1774043985133
binance,bybit,SXPUSDT,0.00800000,0.00812,1.5,1774043985433
binance,bybit,SXPUSDT,0.00800000,0.00812,1.5,1774043985734
binance,bybit,SXPUSDT,0.00800000,0.00812,1.5,1774043986034
binance,bybit,SXPUSDT,0.00800000,0.00806,0.75,1774043986336
binance,bybit,SXPUSDT,0.00800000,0.00808,1.0,1774043986636
binance,bybit,SXPUSDT,0.00800000,0.00809,1.125,1774043986936
binance,bybit,SXPUSDT,0.00800000,0.00811,1.375,1774043987236
binance,bybit,SXPUSDT,0.00800000,0.00815,1.875,1774043987537
binance,bybit,SXPUSDT,0.00800000,0.00816,2.0,1774043987837
binance,bybit,SXPUSDT,0.00800000,0.00814,1.75,1774043988138
binance,bybit,SXPUSDT,0.00800000,0.00814,1.75,1774043988438
binance,bybit,SXPUSDT,0.00800000,0.00814,1.75,1774043988738
binance,bybit,SXPUSDT,0.00800000,0.00814,1.75,1774043989038
binance,bybit,SXPUSDT,0.00800000,0.00814,1.75,1774043989338
binance,bybit,SXPUSDT,0.00800000,0.00814,1.75,1774043989639
binance,bybit,SXPUSDT,0.00800000,0.00814,1.75,1774043989939
binance,bybit,SXPUSDT,0.00800000,0.00814,1.75,1774043990240
binance,bybit,SXPUSDT,0.00800000,0.00814,1.75,1774043990540
binance,bybit,SXPUSDT,0.00800000,0.00814,1.75,1774043990840
binance,bybit,SXPUSDT,0.00800000,0.00814,1.75,1774043991140
binance,bybit,SXPUSDT,0.00800000,0.00814,1.75,1774043991440
binance,bybit,SXPUSDT,0.00800000,0.00814,1.75,1774043991740
binance,bybit,SXPUSDT,0.00800000,0.00814,1.75,1774043992041
binance,bybit,SXPUSDT,0.00800000,0.00814,1.75,1774043992341
binance,bybit,SXPUSDT,0.00800000,0.00814,1.75,1774043992642
binance,bybit,SXPUSDT,0.00800000,0.00814,1.75,1774043992943
binance,bybit,SXPUSDT,0.00800000,0.00814,1.75,1774043993243
binance,bybit,SXPUSDT,0.00800000,0.00814,1.75,1774043993544
binance,bybit,SXPUSDT,0.00800000,0.00814,1.75,1774043993844
binance,bybit,SXPUSDT,0.00800000,0.00814,1.75,1774043994144
binance,bybit,SXPUSDT,0.00800000,0.00814,1.75,1774043994445
binance,bybit,SXPUSDT,0.00800000,0.00814,1.75,1774043994745
binance,bybit,SXPUSDT,0.00800000,0.00814,1.75,1774043995045
binance,bybit,SXPUSDT,0.00800000,0.00814,1.75,1774043995345
binance,bybit,SXPUSDT,0.00800000,0.00814,1.75,1774043995645
binance,bybit,SXPUSDT,0.00800000,0.00814,1.75,1774043995945
binance,bybit,SXPUSDT,0.00800000,0.00814,1.75,1774043996246
binance,bybit,SXPUSDT,0.00800000,0.00814,1.75,1774043996546
binance,bybit,SXPUSDT,0.00800000,0.00814,1.75,1774043996846
binance,bybit,SXPUSDT,0.00800000,0.00814,1.75,1774043997146
binance,bybit,SXPUSDT,0.00800000,0.00814,1.75,1774043997446
binance,bybit,SXPUSDT,0.00800000,0.00814,1.75,1774043997747
binance,bybit,SXPUSDT,0.00800000,0.00814,1.75,1774043998047
binance,bybit,SXPUSDT,0.00800000,0.00814,1.75,1774043998348
binance,bybit,SXPUSDT,0.00800000,0.00814,1.75,1774043998648
binance,bybit,SXPUSDT,0.00800000,0.00814,1.75,1774043998948
binance,bybit,SXPUSDT,0.00800000,0.00814,1.75,1774043999248
binance,bybit,SXPUSDT,0.00800000,0.00814,1.75,1774043999548
binance,bybit,SXPUSDT,0.00800000,0.00814,1.75,1774043999849
binance,bybit,SXPUSDT,0.00800000,0.00814,1.75,1774044000149
binance,bybit,SXPUSDT,0.00800000,0.00814,1.75,1774044000449
binance,bybit,SXPUSDT,0.00800000,0.00814,1.75,1774044000755
binance,bybit,SXPUSDT,0.00800000,0.00813,1.625,1774044001060
binance,bybit,SXPUSDT,0.00800000,0.00813,1.625,1774044001368
binance,bybit,SXPUSDT,0.00800000,0.00813,1.625,1774044001680
binance,bybit,SXPUSDT,0.00800000,0.00813,1.625,1774044001985
binance,bybit,SXPUSDT,0.00800000,0.00813,1.625,1774044002287
binance,bybit,SXPUSDT,0.00800000,0.00813,1.625,1774044002588
binance,bybit,SXPUSDT,0.00800000,0.00813,1.625,1774044002888
binance,bybit,SXPUSDT,0.00800000,0.00813,1.625,1774044003188
binance,bybit,SXPUSDT,0.00800000,0.00813,1.625,1774044003488
binance,bybit,SXPUSDT,0.00800000,0.00813,1.625,1774044003788
binance,bybit,SXPUSDT,0.00800000,0.00813,1.625,1774044004088
binance,bybit,SXPUSDT,0.00800000,0.00813,1.625,1774044004389
binance,bybit,SXPUSDT,0.00800000,0.00813,1.625,1774044004689
binance,bybit,SXPUSDT,0.00800000,0.00813,1.625,1774044004990
binance,bybit,SXPUSDT,0.00800000,0.00813,1.625,1774044005290
binance,bybit,SXPUSDT,0.00800000,0.00813,1.625,1774044005590
binance,bybit,SXPUSDT,0.00800000,0.00813,1.625,1774044005890
binance,bybit,SXPUSDT,0.00800000,0.00813,1.625,1774044006190
binance,bybit,SXPUSDT,0.00800000,0.00813,1.625,1774044006492
binance,bybit,SXPUSDT,0.00800000,0.00813,1.625,1774044006792
binance,bybit,SXPUSDT,0.00800000,0.00813,1.625,1774044007093
binance,bybit,SXPUSDT,0.00800000,0.00813,1.625,1774044007393
binance,bybit,SXPUSDT,0.00800000,0.00813,1.625,1774044007693
binance,bybit,SXPUSDT,0.00800000,0.00813,1.625,1774044007993
binance,bybit,SXPUSDT,0.00800000,0.00813,1.625,1774044008293
binance,bybit,SXPUSDT,0.00800000,0.00813,1.625,1774044008594
binance,bybit,SXPUSDT,0.00800000,0.00813,1.625,1774044008894
binance,bybit,SXPUSDT,0.00800000,0.00813,1.625,1774044009194
binance,bybit,SXPUSDT,0.00800000,0.00813,1.625,1774044009494
binance,bybit,SXPUSDT,0.00800000,0.00813,1.625,1774044009794
binance,bybit,SXPUSDT,0.00800000,0.00813,1.625,1774044010094
binance,bybit,SXPUSDT,0.00800000,0.00813,1.625,1774044010394
binance,bybit,SXPUSDT,0.00800000,0.00813,1.625,1774044010694
binance,bybit,SXPUSDT,0.00800000,0.00813,1.625,1774044010995
binance,bybit,SXPUSDT,0.00800000,0.00813,1.625,1774044011295
binance,bybit,SXPUSDT,0.00800000,0.00813,1.625,1774044011595
binance,bybit,SXPUSDT,0.00800000,0.00813,1.625,1774044011895
binance,bybit,SXPUSDT,0.00800000,0.00813,1.625,1774044012195
binance,bybit,SXPUSDT,0.00800000,0.00813,1.625,1774044012496
binance,bybit,SXPUSDT,0.00800000,0.00813,1.625,1774044012799
binance,bybit,SXPUSDT,0.00800000,0.00813,1.625,1774044013106
binance,bybit,SXPUSDT,0.00800000,0.00813,1.625,1774044013413
binance,bybit,SXPUSDT,0.00800000,0.00813,1.625,1774044013715
binance,bybit,SXPUSDT,0.00800000,0.00813,1.625,1774044014017
binance,bybit,SXPUSDT,0.00800000,0.00813,1.625,1774044014319
binance,bybit,SXPUSDT,0.00800000,0.00813,1.625,1774044014621
binance,bybit,SXPUSDT,0.00800000,0.00813,1.625,1774044014921
binance,bybit,SXPUSDT,0.00800000,0.00813,1.625,1774044015227
binance,bybit,SXPUSDT,0.00800000,0.00813,1.625,1774044015527
binance,bybit,SXPUSDT,0.00800000,0.00813,1.625,1774044015827
binance,bybit,SXPUSDT,0.00800000,0.00813,1.625,1774044016127
binance,bybit,SXPUSDT,0.00800000,0.00813,1.625,1774044016427
binance,bybit,SXPUSDT,0.00800000,0.00813,1.625,1774044016730
binance,bybit,SXPUSDT,0.00800000,0.00813,1.625,1774044017030
binance,bybit,SXPUSDT,0.00800000,0.00813,1.625,1774044017330
binance,bybit,SXPUSDT,0.00800000,0.00813,1.625,1774044017631
binance,bybit,SXPUSDT,0.00800000,0.00813,1.625,1774044017931
binance,bybit,SXPUSDT,0.00800000,0.00813,1.625,1774044018231
binance,bybit,SXPUSDT,0.00800000,0.00813,1.625,1774044018543
binance,bybit,SXPUSDT,0.00800000,0.00813,1.625,1774044018850
binance,bybit,SXPUSDT,0.00800000,0.00813,1.625,1774044019150
binance,bybit,SXPUSDT,0.00800000,0.00813,1.625,1774044019450
binance,bybit,SXPUSDT,0.00800000,0.00813,1.625,1774044019750
binance,bybit,SXPUSDT,0.00800000,0.00813,1.625,1774044020052
binance,bybit,SXPUSDT,0.00800000,0.00813,1.625,1774044020352
binance,bybit,SXPUSDT,0.00800000,0.00813,1.625,1774044020652
binance,bybit,SXPUSDT,0.00800000,0.00813,1.625,1774044020953
binance,bybit,SXPUSDT,0.00800000,0.00813,1.625,1774044021253
binance,bybit,SXPUSDT,0.00800000,0.00813,1.625,1774044021553
binance,bybit,SXPUSDT,0.00800000,0.00813,1.625,1774044021853
binance,bybit,SXPUSDT,0.00800000,0.00813,1.625,1774044022153
binance,bybit,SXPUSDT,0.00800000,0.00813,1.625,1774044022453
binance,bybit,SXPUSDT,0.00800000,0.00813,1.625,1774044022754
binance,bybit,SXPUSDT,0.00800000,0.00813,1.625,1774044023054
binance,bybit,SXPUSDT,0.00800000,0.00813,1.625,1774044023354
binance,bybit,SXPUSDT,0.00800000,0.00813,1.625,1774044023654
binance,bybit,SXPUSDT,0.00800000,0.00813,1.625,1774044023955
binance,bybit,SXPUSDT,0.00800000,0.00813,1.625,1774044024255
binance,bybit,SXPUSDT,0.00800000,0.00813,1.625,1774044024555
binance,bybit,SXPUSDT,0.00800000,0.00813,1.625,1774044024855
binance,bybit,SXPUSDT,0.00800000,0.00813,1.625,1774044025155
binance,bybit,SXPUSDT,0.00800000,0.00813,1.625,1774044025456
binance,bybit,SXPUSDT,0.00800000,0.00813,1.625,1774044025756
binance,bybit,SXPUSDT,0.00800000,0.00813,1.625,1774044026056
binance,bybit,SXPUSDT,0.00800000,0.00813,1.625,1774044026356
binance,bybit,SXPUSDT,0.00800000,0.00813,1.625,1774044026656
binance,bybit,SXPUSDT,0.00800000,0.00813,1.625,1774044026956
binance,bybit,SXPUSDT,0.00800000,0.00813,1.625,1774044027257
binance,bybit,SXPUSDT,0.00800000,0.00813,1.625,1774044027557
binance,bybit,SXPUSDT,0.00800000,0.00813,1.625,1774044027857
binance,bybit,SXPUSDT,0.00800000,0.00813,1.625,1774044028158
binance,bybit,SXPUSDT,0.00800000,0.00813,1.625,1774044028458
binance,bybit,SXPUSDT,0.00800000,0.00813,1.625,1774044028758
binance,bybit,SXPUSDT,0.00800000,0.00813,1.625,1774044029058
binance,bybit,SXPUSDT,0.00800000,0.00813,1.625,1774044029359
binance,bybit,SXPUSDT,0.00800000,0.00813,1.625,1774044029659
binance,bybit,SXPUSDT,0.00800000,0.00813,1.625,1774044029959
binance,bybit,SXPUSDT,0.00800000,0.00813,1.625,1774044030259
binance,bybit,SXPUSDT,0.00800000,0.00813,1.625,1774044030559
binance,bybit,SXPUSDT,0.00800000,0.00813,1.625,1774044030859
binance,bybit,SXPUSDT,0.00800000,0.00813,1.625,1774044031159
binance,bybit,SXPUSDT,0.00800000,0.00813,1.625,1774044031459
binance,bybit,SXPUSDT,0.00800000,0.00813,1.625,1774044031760
binance,bybit,SXPUSDT,0.00800000,0.00813,1.625,1774044032060
binance,bybit,SXPUSDT,0.00800000,0.00813,1.625,1774044032360
binance,bybit,SXPUSDT,0.00800000,0.00813,1.625,1774044032660
binance,bybit,SXPUSDT,0.00800000,0.00813,1.625,1774044032960
binance,bybit,SXPUSDT,0.00800000,0.00813,1.625,1774044033260
binance,bybit,SXPUSDT,0.00800000,0.00813,1.625,1774044033561
binance,bybit,SXPUSDT,0.00800000,0.00813,1.625,1774044033861
binance,bybit,SXPUSDT,0.00800000,0.00813,1.625,1774044034161
binance,bybit,SXPUSDT,0.00800000,0.00813,1.625,1774044034461
binance,bybit,SXPUSDT,0.00800000,0.00813,1.625,1774044034761
binance,bybit,SXPUSDT,0.00800000,0.00813,1.625,1774044035062
binance,bybit,SXPUSDT,0.00800000,0.00813,1.625,1774044035362
binance,bybit,SXPUSDT,0.00800000,0.00813,1.625,1774044035662
binance,bybit,SXPUSDT,0.00800000,0.00813,1.625,1774044035963
binance,bybit,SXPUSDT,0.00800000,0.00813,1.625,1774044036263
binance,bybit,SXPUSDT,0.00800000,0.00813,1.625,1774044036563
binance,bybit,SXPUSDT,0.00800000,0.00813,1.625,1774044036863
binance,bybit,SXPUSDT,0.00800000,0.00813,1.625,1774044037163
binance,bybit,SXPUSDT,0.00800000,0.00813,1.625,1774044037463
binance,bybit,SXPUSDT,0.00800000,0.00813,1.625,1774044037764
binance,bybit,SXPUSDT,0.00800000,0.00813,1.625,1774044038064
binance,bybit,SXPUSDT,0.00800000,0.00813,1.625,1774044038364
binance,bybit,SXPUSDT,0.00800000,0.00813,1.625,1774044038664
binance,bybit,SXPUSDT,0.00800000,0.00813,1.625,1774044038964
binance,bybit,SXPUSDT,0.00800000,0.00813,1.625,1774044039264
binance,bybit,SXPUSDT,0.00800000,0.00813,1.625,1774044039565
binance,bybit,SXPUSDT,0.00800000,0.00813,1.625,1774044039865
binance,bybit,SXPUSDT,0.00800000,0.00813,1.625,1774044040165
binance,bybit,SXPUSDT,0.00800000,0.00813,1.625,1774044040465
binance,bybit,SXPUSDT,0.00800000,0.00813,1.625,1774044040765
binance,bybit,SXPUSDT,0.00800000,0.00813,1.625,1774044041066
binance,bybit,SXPUSDT,0.00800000,0.00813,1.625,1774044041366
binance,bybit,SXPUSDT,0.00800000,0.00813,1.625,1774044041666
binance,bybit,SXPUSDT,0.00800000,0.00813,1.625,1774044041966
binance,bybit,SXPUSDT,0.00800000,0.00813,1.625,1774044042267
binance,bybit,SXPUSDT,0.00800000,0.00813,1.625,1774044042567
binance,bybit,SXPUSDT,0.00800000,0.00813,1.625,1774044042867
binance,bybit,SXPUSDT,0.00800000,0.00813,1.625,1774044043167
binance,bybit,SXPUSDT,0.00800000,0.00813,1.625,1774044043467
binance,bybit,SXPUSDT,0.00800000,0.00813,1.625,1774044043767
binance,bybit,SXPUSDT,0.00800000,0.00813,1.625,1774044044068
binance,bybit,SXPUSDT,0.00800000,0.00813,1.625,1774044044368
binance,bybit,SXPUSDT,0.00800000,0.00813,1.625,1774044044668
binance,bybit,SXPUSDT,0.00800000,0.00813,1.625,1774044044969
binance,bybit,SXPUSDT,0.00800000,0.00813,1.625,1774044045269
binance,bybit,SXPUSDT,0.00800000,0.00813,1.625,1774044045569
binance,bybit,SXPUSDT,0.00800000,0.00813,1.625,1774044045869
binance,bybit,SXPUSDT,0.00800000,0.00813,1.625,1774044046169
binance,bybit,SXPUSDT,0.00800000,0.00813,1.625,1774044046470
binance,bybit,SXPUSDT,0.00800000,0.00813,1.625,1774044046770
binance,bybit,SXPUSDT,0.00800000,0.00813,1.625,1774044047070
binance,bybit,SXPUSDT,0.00800000,0.00813,1.625,1774044047371
binance,bybit,SXPUSDT,0.00800000,0.00813,1.625,1774044047671
binance,bybit,SXPUSDT,0.00800000,0.00813,1.625,1774044047972
binance,bybit,SXPUSDT,0.00800000,0.00813,1.625,1774044048273
binance,bybit,SXPUSDT,0.00800000,0.00813,1.625,1774044048573
binance,bybit,SXPUSDT,0.00800000,0.00813,1.625,1774044048873
binance,bybit,SXPUSDT,0.00800000,0.00813,1.625,1774044049173
binance,bybit,SXPUSDT,0.00800000,0.00813,1.625,1774044049473
binance,bybit,SXPUSDT,0.00800000,0.00813,1.625,1774044049774
binance,bybit,SXPUSDT,0.00800000,0.00813,1.625,1774044050074
binance,bybit,SXPUSDT,0.00800000,0.00813,1.625,1774044050374
binance,bybit,SXPUSDT,0.00800000,0.00813,1.625,1774044050674
binance,bybit,SXPUSDT,0.00800000,0.00813,1.625,1774044050974
binance,bybit,SXPUSDT,0.00800000,0.00813,1.625,1774044051274
binance,bybit,SXPUSDT,0.00800000,0.00813,1.625,1774044051575
binance,bybit,SXPUSDT,0.00800000,0.00813,1.625,1774044051875
binance,bybit,SXPUSDT,0.00800000,0.00813,1.625,1774044052175
binance,bybit,SXPUSDT,0.00800000,0.00813,1.625,1774044052475
binance,bybit,SXPUSDT,0.00800000,0.00813,1.625,1774044052776
binance,bybit,SXPUSDT,0.00800000,0.00813,1.625,1774044053076
binance,bybit,SXPUSDT,0.00800000,0.00813,1.625,1774044053388
binance,bybit,SXPUSDT,0.00800000,0.00813,1.625,1774044053701
binance,bybit,SXPUSDT,0.00800000,0.00813,1.625,1774044054015
binance,bybit,SXPUSDT,0.00800000,0.00813,1.625,1774044054326
binance,bybit,SXPUSDT,0.00800000,0.00813,1.625,1774044054659
binance,bybit,SXPUSDT,0.00800000,0.00813,1.625,1774044054972
binance,bybit,SXPUSDT,0.00800000,0.00813,1.625,1774044055286
binance,bybit,SXPUSDT,0.00800000,0.00813,1.625,1774044055588
binance,bybit,SXPUSDT,0.00800000,0.00813,1.625,1774044055889
binance,bybit,SXPUSDT,0.00800000,0.00813,1.625,1774044056194
binance,bybit,SXPUSDT,0.00800000,0.00813,1.625,1774044056513
binance,bybit,SXPUSDT,0.00800000,0.00813,1.625,1774044056823
binance,bybit,SXPUSDT,0.00800000,0.00813,1.625,1774044057134
binance,bybit,SXPUSDT,0.00800000,0.00813,1.625,1774044057450
binance,bybit,SXPUSDT,0.00800000,0.00813,1.625,1774044057765
binance,bybit,SXPUSDT,0.00800000,0.00813,1.625,1774044058065
binance,bybit,SXPUSDT,0.00800000,0.00813,1.625,1774044058366
binance,bybit,SXPUSDT,0.00800000,0.00813,1.625,1774044058674
binance,bybit,SXPUSDT,0.00800000,0.00813,1.625,1774044058974
binance,bybit,SXPUSDT,0.00800000,0.00813,1.625,1774044059274
binance,bybit,SXPUSDT,0.00800000,0.00813,1.625,1774044059575
binance,bybit,SXPUSDT,0.00800000,0.00813,1.625,1774044059875
binance,bybit,SXPUSDT,0.00800000,0.00813,1.625,1774044060175
binance,bybit,SXPUSDT,0.00800000,0.00813,1.625,1774044060484
binance,bybit,SXPUSDT,0.00800000,0.00813,1.625,1774044060784
binance,bybit,SXPUSDT,0.00800000,0.00812,1.5,1774044061088
binance,bybit,SXPUSDT,0.00800000,0.00812,1.5,1774044061389
binance,bybit,SXPUSDT,0.00800000,0.00812,1.5,1774044061689
binance,bybit,SXPUSDT,0.00800000,0.00812,1.5,1774044061989
binance,bybit,SXPUSDT,0.00800000,0.00812,1.5,1774044062289
binance,bybit,SXPUSDT,0.00800000,0.00812,1.5,1774044062590
binance,bybit,SXPUSDT,0.00800000,0.00812,1.5,1774044062890
binance,bybit,SXPUSDT,0.00800000,0.00812,1.5,1774044063191
binance,bybit,SXPUSDT,0.00800000,0.00812,1.5,1774044063491
binance,bybit,SXPUSDT,0.00800000,0.00812,1.5,1774044063791
binance,bybit,SXPUSDT,0.00800000,0.00812,1.5,1774044064091
binance,bybit,SXPUSDT,0.00800000,0.00812,1.5,1774044064391
binance,bybit,SXPUSDT,0.00800000,0.00812,1.5,1774044064692
binance,bybit,SXPUSDT,0.00800000,0.00812,1.5,1774044064992
binance,bybit,SXPUSDT,0.00800000,0.00812,1.5,1774044065292
binance,bybit,SXPUSDT,0.00800000,0.00812,1.5,1774044065592
binance,bybit,SXPUSDT,0.00800000,0.00812,1.5,1774044065893
binance,bybit,SXPUSDT,0.00800000,0.00812,1.5,1774044066197
binance,bybit,SXPUSDT,0.00800000,0.00812,1.5,1774044066502
binance,bybit,SXPUSDT,0.00800000,0.00812,1.5,1774044066815
binance,bybit,SXPUSDT,0.00800000,0.00812,1.5,1774044067121
binance,bybit,SXPUSDT,0.00800000,0.00812,1.5,1774044067427
binance,bybit,SXPUSDT,0.00800000,0.00812,1.5,1774044067728
binance,bybit,SXPUSDT,0.00800000,0.00812,1.5,1774044068028
binance,bybit,SXPUSDT,0.00800000,0.00812,1.5,1774044068328
binance,bybit,SXPUSDT,0.00800000,0.00812,1.5,1774044068628
binance,bybit,SXPUSDT,0.00800000,0.00812,1.5,1774044068928
binance,bybit,SXPUSDT,0.00800000,0.00812,1.5,1774044069229
binance,bybit,SXPUSDT,0.00800000,0.00812,1.5,1774044069529
binance,bybit,SXPUSDT,0.00800000,0.00814,1.75,1774044069829
binance,bybit,SXPUSDT,0.00800000,0.00814,1.75,1774044070129
binance,bybit,SXPUSDT,0.00800000,0.00814,1.75,1774044070430
binance,bybit,SXPUSDT,0.00800000,0.00814,1.75,1774044070730
binance,bybit,SXPUSDT,0.00800000,0.00814,1.75,1774044071030
binance,bybit,SXPUSDT,0.00800000,0.00814,1.75,1774044071330
binance,bybit,SXPUSDT,0.00800000,0.00814,1.75,1774044071630
binance,bybit,SXPUSDT,0.00800000,0.00814,1.75,1774044071930
binance,bybit,SXPUSDT,0.00800000,0.00814,1.75,1774044072231
binance,bybit,SXPUSDT,0.00800000,0.00814,1.75,1774044072531
binance,bybit,SXPUSDT,0.00800000,0.00812,1.5,1774044072831
binance,bybit,SXPUSDT,0.00800000,0.00812,1.5,1774044073131
binance,bybit,SXPUSDT,0.00800000,0.00812,1.5,1774044073432
binance,bybit,SXPUSDT,0.00800000,0.00812,1.5,1774044073732
binance,bybit,SXPUSDT,0.00800000,0.00812,1.5,1774044074032
binance,bybit,SXPUSDT,0.00800000,0.00812,1.5,1774044074332
binance,bybit,SXPUSDT,0.00800000,0.00812,1.5,1774044074632
binance,bybit,SXPUSDT,0.00800000,0.00812,1.5,1774044074941
binance,bybit,SXPUSDT,0.00800000,0.00812,1.5,1774044075241
binance,bybit,SXPUSDT,0.00800000,0.00812,1.5,1774044075542
binance,bybit,SXPUSDT,0.00800000,0.00812,1.5,1774044075842
binance,bybit,SXPUSDT,0.00800000,0.00812,1.5,1774044076142
binance,bybit,SXPUSDT,0.00800000,0.00812,1.5,1774044076442
binance,bybit,SXPUSDT,0.00800000,0.00812,1.5,1774044076742
binance,bybit,SXPUSDT,0.00800000,0.00812,1.5,1774044077043
binance,bybit,SXPUSDT,0.00800000,0.00812,1.5,1774044077343
binance,bybit,SXPUSDT,0.00800000,0.00812,1.5,1774044077643
binance,bybit,SXPUSDT,0.00800000,0.00812,1.5,1774044077943
binance,bybit,SXPUSDT,0.00800000,0.00812,1.5,1774044078244
binance,bybit,SXPUSDT,0.00800000,0.00812,1.5,1774044078544
binance,bybit,SXPUSDT,0.00800000,0.00812,1.5,1774044078844
binance,bybit,SXPUSDT,0.00800000,0.00812,1.5,1774044079144
binance,bybit,SXPUSDT,0.00800000,0.00812,1.5,1774044079444
binance,bybit,SXPUSDT,0.00800000,0.00813,1.625,1774044079745
binance,bybit,SXPUSDT,0.00800000,0.00812,1.5,1774044080045
binance,bybit,SXPUSDT,0.00800000,0.00812,1.5,1774044080345
binance,bybit,SXPUSDT,0.00800000,0.00812,1.5,1774044080645
binance,bybit,SXPUSDT,0.00800000,0.00811,1.375,1774044080945
binance,bybit,SXPUSDT,0.00800000,0.00811,1.375,1774044081245
binance,bybit,SXPUSDT,0.00800000,0.00811,1.375,1774044081545
binance,bybit,SXPUSDT,0.00800000,0.00811,1.375,1774044081846
binance,bybit,SXPUSDT,0.00800000,0.00811,1.375,1774044082146
binance,bybit,SXPUSDT,0.00800000,0.00811,1.375,1774044082446
binance,bybit,SXPUSDT,0.00800000,0.00811,1.375,1774044082746
binance,bybit,SXPUSDT,0.00800000,0.00811,1.375,1774044083046
binance,bybit,SXPUSDT,0.00800000,0.00811,1.375,1774044083346
binance,bybit,SXPUSDT,0.00800000,0.00811,1.375,1774044083647
binance,bybit,SXPUSDT,0.00800000,0.00811,1.375,1774044083947
binance,bybit,SXPUSDT,0.00800000,0.00811,1.375,1774044084247
binance,bybit,SXPUSDT,0.00800000,0.00811,1.375,1774044084547
binance,bybit,SXPUSDT,0.00800000,0.00811,1.375,1774044084847
binance,bybit,SXPUSDT,0.00800000,0.00811,1.375,1774044085147
binance,bybit,SXPUSDT,0.00800000,0.00811,1.375,1774044085447
binance,bybit,SXPUSDT,0.00800000,0.00811,1.375,1774044085747
binance,bybit,SXPUSDT,0.00800000,0.00811,1.375,1774044086048
binance,bybit,SXPUSDT,0.00800000,0.00811,1.375,1774044086348
binance,bybit,SXPUSDT,0.00800000,0.00811,1.375,1774044086648
binance,bybit,SXPUSDT,0.00800000,0.00811,1.375,1774044086948
binance,bybit,SXPUSDT,0.00800000,0.00811,1.375,1774044087248
binance,bybit,SXPUSDT,0.00800000,0.00811,1.375,1774044087548
binance,bybit,SXPUSDT,0.00800000,0.00811,1.375,1774044087848
binance,bybit,SXPUSDT,0.00800000,0.00811,1.375,1774044088148
binance,bybit,SXPUSDT,0.00800000,0.00811,1.375,1774044088448
binance,bybit,SXPUSDT,0.00800000,0.00811,1.375,1774044088748
binance,bybit,SXPUSDT,0.00800000,0.00811,1.375,1774044089049
binance,bybit,SXPUSDT,0.00800000,0.00811,1.375,1774044089349
binance,bybit,SXPUSDT,0.00800000,0.00811,1.375,1774044089649
binance,bybit,SXPUSDT,0.00800000,0.00811,1.375,1774044089951
binance,bybit,SXPUSDT,0.00800000,0.00811,1.375,1774044090251
binance,bybit,SXPUSDT,0.00800000,0.00811,1.375,1774044090551
binance,bybit,SXPUSDT,0.00800000,0.00811,1.375,1774044090852
binance,bybit,SXPUSDT,0.00800000,0.00811,1.375,1774044091152
binance,bybit,SXPUSDT,0.00800000,0.00811,1.375,1774044091452
binance,bybit,SXPUSDT,0.00800000,0.00811,1.375,1774044091752
binance,bybit,SXPUSDT,0.00800000,0.00811,1.375,1774044092053
binance,bybit,SXPUSDT,0.00800000,0.00811,1.375,1774044092353
binance,bybit,SXPUSDT,0.00800000,0.00811,1.375,1774044092653
binance,bybit,SXPUSDT,0.00800000,0.00811,1.375,1774044092953
binance,bybit,SXPUSDT,0.00800000,0.00811,1.375,1774044093253
binance,bybit,SXPUSDT,0.00800000,0.00811,1.375,1774044093553
binance,bybit,SXPUSDT,0.00800000,0.00811,1.375,1774044093853
binance,bybit,SXPUSDT,0.00800000,0.00811,1.375,1774044094154
binance,bybit,SXPUSDT,0.00800000,0.00811,1.375,1774044094454
binance,bybit,SXPUSDT,0.00800000,0.00811,1.375,1774044094755
binance,bybit,SXPUSDT,0.00800000,0.00811,1.375,1774044095055
binance,bybit,SXPUSDT,0.00800000,0.00811,1.375,1774044095355
binance,bybit,SXPUSDT,0.00800000,0.00811,1.375,1774044095664
binance,bybit,SXPUSDT,0.00800000,0.00811,1.375,1774044095964
binance,bybit,SXPUSDT,0.00800000,0.00811,1.375,1774044096264
binance,bybit,SXPUSDT,0.00800000,0.00811,1.375,1774044096565
binance,bybit,SXPUSDT,0.00800000,0.00811,1.375,1774044096865
binance,bybit,SXPUSDT,0.00800000,0.00811,1.375,1774044097166
binance,bybit,SXPUSDT,0.00800000,0.00811,1.375,1774044097466
binance,bybit,SXPUSDT,0.00800000,0.00811,1.375,1774044097766
binance,bybit,SXPUSDT,0.00800000,0.00811,1.375,1774044098066
binance,bybit,SXPUSDT,0.00800000,0.00811,1.375,1774044098366
binance,bybit,SXPUSDT,0.00800000,0.00811,1.375,1774044098667
binance,bybit,SXPUSDT,0.00800000,0.00811,1.375,1774044098967
binance,bybit,SXPUSDT,0.00800000,0.00811,1.375,1774044099268
binance,bybit,SXPUSDT,0.00800000,0.00811,1.375,1774044099568
binance,bybit,SXPUSDT,0.00800000,0.00811,1.375,1774044099868
binance,bybit,SXPUSDT,0.00800000,0.00811,1.375,1774044100168
binance,bybit,SXPUSDT,0.00800000,0.00811,1.375,1774044100468
binance,bybit,SXPUSDT,0.00800000,0.00811,1.375,1774044100768
binance,bybit,SXPUSDT,0.00800000,0.00811,1.375,1774044101069
binance,bybit,SXPUSDT,0.00800000,0.00811,1.375,1774044101369
binance,bybit,SXPUSDT,0.00800000,0.00811,1.375,1774044101671
binance,bybit,SXPUSDT,0.00800000,0.00811,1.375,1774044101971
binance,bybit,SXPUSDT,0.00800000,0.00811,1.375,1774044102271
binance,bybit,SXPUSDT,0.00800000,0.00811,1.375,1774044102572
binance,bybit,SXPUSDT,0.00800000,0.00811,1.375,1774044102872
binance,bybit,SXPUSDT,0.00800000,0.00811,1.375,1774044103172
binance,bybit,SXPUSDT,0.00800000,0.00811,1.375,1774044103472
binance,bybit,SXPUSDT,0.00800000,0.00811,1.375,1774044103772
binance,bybit,SXPUSDT,0.00800000,0.00811,1.375,1774044104072
binance,bybit,SXPUSDT,0.00800000,0.00811,1.375,1774044104373
binance,bybit,SXPUSDT,0.00800000,0.00811,1.375,1774044104673
binance,bybit,SXPUSDT,0.00800000,0.00811,1.375,1774044104974
binance,bybit,SXPUSDT,0.00800000,0.00811,1.375,1774044105274
binance,bybit,SXPUSDT,0.00800000,0.00811,1.375,1774044105574
binance,bybit,SXPUSDT,0.00800000,0.00811,1.375,1774044105874
binance,bybit,SXPUSDT,0.00800000,0.00811,1.375,1774044106175
binance,bybit,SXPUSDT,0.00800000,0.00811,1.375,1774044106475
binance,bybit,SXPUSDT,0.00800000,0.00811,1.375,1774044106775
binance,bybit,SXPUSDT,0.00800000,0.00811,1.375,1774044107075
binance,bybit,SXPUSDT,0.00800000,0.00811,1.375,1774044107376
binance,bybit,SXPUSDT,0.00800000,0.00811,1.375,1774044107676
binance,bybit,SXPUSDT,0.00800000,0.00811,1.375,1774044107976
binance,bybit,SXPUSDT,0.00800000,0.00811,1.375,1774044108276
binance,bybit,SXPUSDT,0.00800000,0.00811,1.375,1774044108576
binance,bybit,SXPUSDT,0.00800000,0.00811,1.375,1774044108876
binance,bybit,SXPUSDT,0.00800000,0.00811,1.375,1774044109176
binance,bybit,SXPUSDT,0.00800000,0.00811,1.375,1774044109476
binance,bybit,SXPUSDT,0.00800000,0.00811,1.375,1774044109776
binance,bybit,SXPUSDT,0.00800000,0.00811,1.375,1774044110077
binance,bybit,SXPUSDT,0.00800000,0.00811,1.375,1774044110377
binance,bybit,SXPUSDT,0.00800000,0.00811,1.375,1774044110677
binance,bybit,SXPUSDT,0.00800000,0.00811,1.375,1774044110977
binance,bybit,SXPUSDT,0.00800000,0.00811,1.375,1774044111278
binance,bybit,SXPUSDT,0.00800000,0.00811,1.375,1774044111578
binance,bybit,SXPUSDT,0.00800000,0.00811,1.375,1774044111878
binance,bybit,SXPUSDT,0.00800000,0.00811,1.375,1774044112179
binance,bybit,SXPUSDT,0.00800000,0.00811,1.375,1774044112479
binance,bybit,SXPUSDT,0.00800000,0.00811,1.375,1774044112779
binance,bybit,SXPUSDT,0.00800000,0.00811,1.375,1774044113080
binance,bybit,SXPUSDT,0.00800000,0.00811,1.375,1774044113380
binance,bybit,SXPUSDT,0.00800000,0.00811,1.375,1774044113681
binance,bybit,SXPUSDT,0.00800000,0.00811,1.375,1774044113982
binance,bybit,SXPUSDT,0.00800000,0.00811,1.375,1774044114282
binance,bybit,SXPUSDT,0.00800000,0.00811,1.375,1774044114582
binance,bybit,SXPUSDT,0.00800000,0.00811,1.375,1774044114883
binance,bybit,SXPUSDT,0.00800000,0.00811,1.375,1774044115183
binance,bybit,SXPUSDT,0.00800000,0.00811,1.375,1774044115484
binance,bybit,SXPUSDT,0.00800000,0.00811,1.375,1774044115784
binance,bybit,SXPUSDT,0.00800000,0.00811,1.375,1774044116084
binance,bybit,SXPUSDT,0.00800000,0.00811,1.375,1774044116388
binance,bybit,SXPUSDT,0.00800000,0.00811,1.375,1774044116688
binance,bybit,SXPUSDT,0.00800000,0.00811,1.375,1774044116988
binance,bybit,SXPUSDT,0.00800000,0.00811,1.375,1774044117288
binance,bybit,SXPUSDT,0.00800000,0.00811,1.375,1774044117588
binance,bybit,SXPUSDT,0.00800000,0.00811,1.375,1774044117888
binance,bybit,SXPUSDT,0.00800000,0.00811,1.375,1774044118188
binance,bybit,SXPUSDT,0.00800000,0.00811,1.375,1774044118488
binance,bybit,SXPUSDT,0.00800000,0.00811,1.375,1774044118791
binance,bybit,SXPUSDT,0.00800000,0.00811,1.375,1774044119091
binance,bybit,SXPUSDT,0.00800000,0.00811,1.375,1774044119391
binance,bybit,SXPUSDT,0.00800000,0.00811,1.375,1774044119691
binance,bybit,SXPUSDT,0.00800000,0.00811,1.375,1774044119991
binance,bybit,SXPUSDT,0.00800000,0.00811,1.375,1774044120291
binance,bybit,SXPUSDT,0.00800000,0.00811,1.375,1774044120591
binance,bybit,SXPUSDT,0.00800000,0.00812,1.5,1774044120891
binance,bybit,SXPUSDT,0.00800000,0.00812,1.5,1774044121191
binance,bybit,SXPUSDT,0.00800000,0.00812,1.5,1774044121492
binance,bybit,SXPUSDT,0.00800000,0.00813,1.625,1774044121792
binance,bybit,SXPUSDT,0.00800000,0.00812,1.5,1774044122103
binance,bybit,SXPUSDT,0.00800000,0.00812,1.5,1774044122410
binance,bybit,SXPUSDT,0.00800000,0.00812,1.5,1774044122717
binance,bybit,SXPUSDT,0.00800000,0.00812,1.5,1774044123020
binance,bybit,SXPUSDT,0.00800000,0.00812,1.5,1774044123325
binance,bybit,SXPUSDT,0.00800000,0.00812,1.5,1774044123626
binance,bybit,SXPUSDT,0.00800000,0.00812,1.5,1774044123927
binance,bybit,SXPUSDT,0.00800000,0.00812,1.5,1774044124227
binance,bybit,SXPUSDT,0.00800000,0.00812,1.5,1774044124528
binance,bybit,SXPUSDT,0.00800000,0.00812,1.5,1774044124828
binance,bybit,SXPUSDT,0.00800000,0.00812,1.5,1774044125129
binance,bybit,SXPUSDT,0.00800000,0.00813,1.625,1774044125429
binance,bybit,SXPUSDT,0.00800000,0.00813,1.625,1774044125729
binance,bybit,SXPUSDT,0.00800000,0.00813,1.625,1774044126029
binance,bybit,SXPUSDT,0.00800000,0.00813,1.625,1774044126330
binance,bybit,SXPUSDT,0.00800000,0.00813,1.625,1774044126630
binance,bybit,SXPUSDT,0.00800000,0.00813,1.625,1774044126930
binance,bybit,SXPUSDT,0.00800000,0.00813,1.625,1774044127230
binance,bybit,SXPUSDT,0.00800000,0.00813,1.625,1774044127531
binance,bybit,SXPUSDT,0.00800000,0.00813,1.625,1774044127831
binance,bybit,SXPUSDT,0.00800000,0.00813,1.625,1774044128131
binance,bybit,SXPUSDT,0.00800000,0.00813,1.625,1774044128431
binance,bybit,SXPUSDT,0.00800000,0.00813,1.625,1774044128732
binance,bybit,SXPUSDT,0.00800000,0.00813,1.625,1774044129032
binance,bybit,SXPUSDT,0.00800000,0.00813,1.625,1774044129332
binance,bybit,SXPUSDT,0.00800000,0.00813,1.625,1774044129632
binance,bybit,SXPUSDT,0.00800000,0.00813,1.625,1774044129932
binance,bybit,SXPUSDT,0.00800000,0.00813,1.625,1774044130232
binance,bybit,SXPUSDT,0.00800000,0.00813,1.625,1774044130532
binance,bybit,SXPUSDT,0.00800000,0.00813,1.625,1774044130833
binance,bybit,SXPUSDT,0.00800000,0.00813,1.625,1774044131133
binance,bybit,SXPUSDT,0.00800000,0.00813,1.625,1774044131433
binance,bybit,SXPUSDT,0.00800000,0.00813,1.625,1774044131733
binance,bybit,SXPUSDT,0.00800000,0.00813,1.625,1774044132034
binance,bybit,SXPUSDT,0.00800000,0.00813,1.625,1774044132334
binance,bybit,SXPUSDT,0.00800000,0.00813,1.625,1774044132634
binance,bybit,SXPUSDT,0.00800000,0.00813,1.625,1774044132935
binance,bybit,SXPUSDT,0.00800000,0.00813,1.625,1774044133235
binance,bybit,SXPUSDT,0.00800000,0.00813,1.625,1774044133535
binance,bybit,SXPUSDT,0.00800000,0.00813,1.625,1774044133835
binance,bybit,SXPUSDT,0.00800000,0.00813,1.625,1774044134135
binance,bybit,SXPUSDT,0.00800000,0.00813,1.625,1774044134436
binance,bybit,SXPUSDT,0.00800000,0.00813,1.625,1774044134736
binance,bybit,SXPUSDT,0.00800000,0.00813,1.625,1774044135036
binance,bybit,SXPUSDT,0.00800000,0.00813,1.625,1774044135336
binance,bybit,SXPUSDT,0.00800000,0.00813,1.625,1774044135636
binance,bybit,SXPUSDT,0.00800000,0.00813,1.625,1774044135936
binance,bybit,SXPUSDT,0.00800000,0.00813,1.625,1774044136239
binance,bybit,SXPUSDT,0.00800000,0.00813,1.625,1774044136539
binance,bybit,SXPUSDT,0.00800000,0.00813,1.625,1774044136839
binance,bybit,SXPUSDT,0.00800000,0.00813,1.625,1774044137139
binance,bybit,SXPUSDT,0.00800000,0.00813,1.625,1774044137440
binance,bybit,SXPUSDT,0.00800000,0.00813,1.625,1774044137740
binance,bybit,SXPUSDT,0.00800000,0.00813,1.625,1774044138040
binance,bybit,SXPUSDT,0.00800000,0.00813,1.625,1774044138340
binance,bybit,SXPUSDT,0.00800000,0.00813,1.625,1774044138640
binance,bybit,SXPUSDT,0.00800000,0.00813,1.625,1774044138941
binance,bybit,SXPUSDT,0.00800000,0.00813,1.625,1774044139241
binance,bybit,SXPUSDT,0.00800000,0.00813,1.625,1774044139541
binance,bybit,SXPUSDT,0.00800000,0.00813,1.625,1774044139841
binance,bybit,SXPUSDT,0.00800000,0.00813,1.625,1774044140142
binance,bybit,SXPUSDT,0.00800000,0.00813,1.625,1774044140442
binance,bybit,SXPUSDT,0.00800000,0.00813,1.625,1774044140742
binance,bybit,SXPUSDT,0.00800000,0.00813,1.625,1774044141042
binance,bybit,SXPUSDT,0.00800000,0.00813,1.625,1774044141342
binance,bybit,SXPUSDT,0.00800000,0.00813,1.625,1774044141643
binance,bybit,SXPUSDT,0.00800000,0.00813,1.625,1774044141943
binance,bybit,SXPUSDT,0.00800000,0.00813,1.625,1774044142243
binance,bybit,SXPUSDT,0.00800000,0.00813,1.625,1774044142543
binance,bybit,SXPUSDT,0.00800000,0.00813,1.625,1774044142843
binance,bybit,SXPUSDT,0.00800000,0.00813,1.625,1774044143144
binance,bybit,SXPUSDT,0.00800000,0.00813,1.625,1774044143444
binance,bybit,SXPUSDT,0.00800000,0.00813,1.625,1774044143745
binance,bybit,SXPUSDT,0.00800000,0.00813,1.625,1774044144045
binance,bybit,SXPUSDT,0.00800000,0.00813,1.625,1774044144345
binance,bybit,SXPUSDT,0.00800000,0.00813,1.625,1774044144645
binance,bybit,SXPUSDT,0.00800000,0.00813,1.625,1774044144945
binance,bybit,SXPUSDT,0.00800000,0.00813,1.625,1774044145245
binance,bybit,SXPUSDT,0.00800000,0.00813,1.625,1774044145545
binance,bybit,SXPUSDT,0.00800000,0.00813,1.625,1774044145846
binance,bybit,SXPUSDT,0.00800000,0.00813,1.625,1774044146146
binance,bybit,SXPUSDT,0.00800000,0.00813,1.625,1774044146447
binance,bybit,SXPUSDT,0.00800000,0.00813,1.625,1774044146747
binance,bybit,SXPUSDT,0.00800000,0.00813,1.625,1774044147047
binance,bybit,SXPUSDT,0.00800000,0.00813,1.625,1774044147348
binance,bybit,SXPUSDT,0.00800000,0.00813,1.625,1774044147654
binance,bybit,SXPUSDT,0.00800000,0.00813,1.625,1774044147955
binance,bybit,SXPUSDT,0.00800000,0.00813,1.625,1774044148255
binance,bybit,SXPUSDT,0.00800000,0.00813,1.625,1774044148555
binance,bybit,SXPUSDT,0.00800000,0.00813,1.625,1774044148855
binance,bybit,SXPUSDT,0.00800000,0.00813,1.625,1774044149155
binance,bybit,SXPUSDT,0.00800000,0.00813,1.625,1774044149455
binance,bybit,SXPUSDT,0.00800000,0.00813,1.625,1774044149755
binance,bybit,SXPUSDT,0.00800000,0.00813,1.625,1774044150056
binance,bybit,SXPUSDT,0.00800000,0.00813,1.625,1774044150356
binance,bybit,SXPUSDT,0.00800000,0.00813,1.625,1774044150656
binance,bybit,SXPUSDT,0.00800000,0.00813,1.625,1774044150957
binance,bybit,SXPUSDT,0.00800000,0.00813,1.625,1774044151257
binance,bybit,SXPUSDT,0.00800000,0.00813,1.625,1774044151557
binance,bybit,SXPUSDT,0.00800000,0.00813,1.625,1774044151857
binance,bybit,SXPUSDT,0.00800000,0.00813,1.625,1774044152158
binance,bybit,SXPUSDT,0.00800000,0.00813,1.625,1774044152458
binance,bybit,SXPUSDT,0.00800000,0.00813,1.625,1774044152758
binance,bybit,SXPUSDT,0.00800000,0.00813,1.625,1774044153058
binance,bybit,SXPUSDT,0.00800000,0.00813,1.625,1774044153359
binance,bybit,SXPUSDT,0.00800000,0.00813,1.625,1774044153659
binance,bybit,SXPUSDT,0.00800000,0.00813,1.625,1774044153959
binance,bybit,SXPUSDT,0.00800000,0.00813,1.625,1774044154259
binance,bybit,SXPUSDT,0.00800000,0.00813,1.625,1774044154559
binance,bybit,SXPUSDT,0.00800000,0.00813,1.625,1774044154860
binance,bybit,SXPUSDT,0.00800000,0.00813,1.625,1774044155161
binance,bybit,SXPUSDT,0.00800000,0.00813,1.625,1774044155461
binance,bybit,SXPUSDT,0.00800000,0.00813,1.625,1774044155761
binance,bybit,SXPUSDT,0.00800000,0.00813,1.625,1774044156061
binance,bybit,SXPUSDT,0.00800000,0.00813,1.625,1774044156361
binance,bybit,SXPUSDT,0.00800000,0.00813,1.625,1774044156661
binance,bybit,SXPUSDT,0.00800000,0.00813,1.625,1774044156961
binance,bybit,SXPUSDT,0.00800000,0.00813,1.625,1774044157262
binance,bybit,SXPUSDT,0.00800000,0.00813,1.625,1774044157562
binance,bybit,SXPUSDT,0.00800000,0.00813,1.625,1774044157862
binance,bybit,SXPUSDT,0.00800000,0.00813,1.625,1774044158163
binance,bybit,SXPUSDT,0.00800000,0.00813,1.625,1774044158463
binance,bybit,SXPUSDT,0.00800000,0.00813,1.625,1774044158763
binance,bybit,SXPUSDT,0.00800000,0.00813,1.625,1774044159063
binance,bybit,SXPUSDT,0.00800000,0.00813,1.625,1774044159364
binance,bybit,SXPUSDT,0.00800000,0.00813,1.625,1774044159664
binance,bybit,SXPUSDT,0.00800000,0.00813,1.625,1774044159964
binance,bybit,SXPUSDT,0.00800000,0.00813,1.625,1774044160264
binance,bybit,SXPUSDT,0.00800000,0.00813,1.625,1774044160564
binance,bybit,SXPUSDT,0.00800000,0.00813,1.625,1774044160864
binance,bybit,SXPUSDT,0.00800000,0.00813,1.625,1774044161164
binance,bybit,SXPUSDT,0.00800000,0.00813,1.625,1774044161465
binance,bybit,SXPUSDT,0.00800000,0.00811,1.375,1774044161765
binance,bybit,SXPUSDT,0.00800000,0.00811,1.375,1774044162065
binance,bybit,SXPUSDT,0.00800000,0.00811,1.375,1774044162365
binance,bybit,SXPUSDT,0.00800000,0.00811,1.375,1774044162666
binance,bybit,SXPUSDT,0.00800000,0.00811,1.375,1774044162966
binance,bybit,SXPUSDT,0.00800000,0.00811,1.375,1774044163266
binance,bybit,SXPUSDT,0.00800000,0.00811,1.375,1774044163567
binance,bybit,SXPUSDT,0.00800000,0.00811,1.375,1774044163867
binance,bybit,SXPUSDT,0.00800000,0.00811,1.375,1774044164167
binance,bybit,SXPUSDT,0.00800000,0.00811,1.375,1774044164468
binance,bybit,SXPUSDT,0.00800000,0.00811,1.375,1774044164768
binance,bybit,SXPUSDT,0.00800000,0.00811,1.375,1774044165068
binance,bybit,SXPUSDT,0.00800000,0.00811,1.375,1774044165368
binance,bybit,SXPUSDT,0.00800000,0.00811,1.375,1774044165668
binance,bybit,SXPUSDT,0.00800000,0.00811,1.375,1774044165969
binance,bybit,SXPUSDT,0.00800000,0.00811,1.375,1774044166269
binance,bybit,SXPUSDT,0.00800000,0.00811,1.375,1774044166569
binance,bybit,SXPUSDT,0.00800000,0.00811,1.375,1774044166869
binance,bybit,SXPUSDT,0.00800000,0.00811,1.375,1774044167169
binance,bybit,SXPUSDT,0.00800000,0.00811,1.375,1774044167469
binance,bybit,SXPUSDT,0.00800000,0.00811,1.375,1774044167770
binance,bybit,SXPUSDT,0.00800000,0.00811,1.375,1774044168070
binance,bybit,SXPUSDT,0.00800000,0.00811,1.375,1774044168370
binance,bybit,SXPUSDT,0.00800000,0.00811,1.375,1774044168670
binance,bybit,SXPUSDT,0.00800000,0.00811,1.375,1774044168971
binance,bybit,SXPUSDT,0.00800000,0.00811,1.375,1774044169271
binance,bybit,SXPUSDT,0.00800000,0.00811,1.375,1774044169571
binance,bybit,SXPUSDT,0.00800000,0.00811,1.375,1774044169871
binance,bybit,SXPUSDT,0.00800000,0.00811,1.375,1774044170172
binance,bybit,SXPUSDT,0.00800000,0.00811,1.375,1774044170472
binance,bybit,SXPUSDT,0.00800000,0.00811,1.375,1774044170772
binance,bybit,SXPUSDT,0.00800000,0.00811,1.375,1774044171072
binance,bybit,SXPUSDT,0.00800000,0.00811,1.375,1774044171372
binance,bybit,SXPUSDT,0.00800000,0.00811,1.375,1774044171673
binance,bybit,SXPUSDT,0.00800000,0.00811,1.375,1774044171973
binance,bybit,SXPUSDT,0.00800000,0.00811,1.375,1774044172280
binance,bybit,SXPUSDT,0.00800000,0.00811,1.375,1774044172590
binance,bybit,SXPUSDT,0.00800000,0.00811,1.375,1774044172899
binance,bybit,SXPUSDT,0.00800000,0.00811,1.375,1774044173205
binance,bybit,SXPUSDT,0.00800000,0.00811,1.375,1774044173521
binance,bybit,SXPUSDT,0.00800000,0.00811,1.375,1774044173830
binance,bybit,SXPUSDT,0.00800000,0.00811,1.375,1774044174130
binance,bybit,SXPUSDT,0.00800000,0.00811,1.375,1774044174430
binance,bybit,SXPUSDT,0.00800000,0.00811,1.375,1774044174730
binance,bybit,SXPUSDT,0.00800000,0.00811,1.375,1774044175035
binance,bybit,SXPUSDT,0.00800000,0.00811,1.375,1774044175335
binance,bybit,SXPUSDT,0.00800000,0.00811,1.375,1774044175635
binance,bybit,SXPUSDT,0.00800000,0.00811,1.375,1774044175940
binance,bybit,SXPUSDT,0.00800000,0.00811,1.375,1774044176247
binance,bybit,SXPUSDT,0.00800000,0.00811,1.375,1774044176547
binance,bybit,SXPUSDT,0.00800000,0.00811,1.375,1774044176847
binance,bybit,SXPUSDT,0.00800000,0.00811,1.375,1774044177147
binance,bybit,SXPUSDT,0.00800000,0.00811,1.375,1774044177448
binance,bybit,SXPUSDT,0.00800000,0.00811,1.375,1774044177748
binance,bybit,SXPUSDT,0.00800000,0.00811,1.375,1774044178048
binance,bybit,SXPUSDT,0.00800000,0.00811,1.375,1774044178358
binance,bybit,SXPUSDT,0.00800000,0.00811,1.375,1774044178658
binance,bybit,SXPUSDT,0.00800000,0.00811,1.375,1774044178958
binance,bybit,SXPUSDT,0.00800000,0.00811,1.375,1774044179258
binance,bybit,SXPUSDT,0.00800000,0.00811,1.375,1774044179559
binance,bybit,SXPUSDT,0.00800000,0.00811,1.375,1774044179859
binance,bybit,SXPUSDT,0.00800000,0.00811,1.375,1774044180159
binance,bybit,SXPUSDT,0.00800000,0.00811,1.375,1774044180460
binance,bybit,SXPUSDT,0.00800000,0.00811,1.375,1774044180760
binance,bybit,SXPUSDT,0.00800000,0.00811,1.375,1774044181074
binance,bybit,SXPUSDT,0.00800000,0.00811,1.375,1774044181374
binance,bybit,SXPUSDT,0.00800000,0.00811,1.375,1774044181674
binance,bybit,SXPUSDT,0.00800000,0.00813,1.625,1774044181975
binance,bybit,SXPUSDT,0.00800000,0.00813,1.625,1774044182275
binance,bybit,SXPUSDT,0.00800000,0.00813,1.625,1774044182575
binance,bybit,SXPUSDT,0.00800000,0.00813,1.625,1774044182875
binance,bybit,SXPUSDT,0.00800000,0.00813,1.625,1774044183175
binance,bybit,SXPUSDT,0.00800000,0.00813,1.625,1774044183475
binance,bybit,SXPUSDT,0.00800000,0.00813,1.625,1774044183776
binance,bybit,SXPUSDT,0.00800000,0.00813,1.625,1774044184076
binance,bybit,SXPUSDT,0.00800000,0.00813,1.625,1774044184376
binance,bybit,SXPUSDT,0.00800000,0.00813,1.625,1774044184676
binance,bybit,SXPUSDT,0.00800000,0.00813,1.625,1774044184976
binance,bybit,SXPUSDT,0.00800000,0.00813,1.625,1774044185277
binance,bybit,SXPUSDT,0.00800000,0.00812,1.5,1774044185577
binance,bybit,SXPUSDT,0.00800000,0.00812,1.5,1774044185877
binance,bybit,SXPUSDT,0.00800000,0.00812,1.5,1774044186178
binance,bybit,SXPUSDT,0.00800000,0.00812,1.5,1774044186478
binance,bybit,SXPUSDT,0.00800000,0.00812,1.5,1774044186778
binance,bybit,SXPUSDT,0.00800000,0.00812,1.5,1774044187079
binance,bybit,SXPUSDT,0.00800000,0.00812,1.5,1774044187379
binance,bybit,SXPUSDT,0.00800000,0.00812,1.5,1774044187679
binance,bybit,SXPUSDT,0.00800000,0.00812,1.5,1774044187979
binance,bybit,SXPUSDT,0.00800000,0.00812,1.5,1774044188279
binance,bybit,SXPUSDT,0.00800000,0.00812,1.5,1774044188579
binance,bybit,SXPUSDT,0.00800000,0.00812,1.5,1774044188880
binance,bybit,SXPUSDT,0.00800000,0.00812,1.5,1774044189182
binance,bybit,SXPUSDT,0.00800000,0.00812,1.5,1774044189482
binance,bybit,SXPUSDT,0.00800000,0.00812,1.5,1774044189782
binance,bybit,SXPUSDT,0.00800000,0.00812,1.5,1774044190082
binance,bybit,SXPUSDT,0.00800000,0.00812,1.5,1774044190383
binance,bybit,SXPUSDT,0.00800000,0.00812,1.5,1774044190683
binance,bybit,SXPUSDT,0.00800000,0.00812,1.5,1774044190983
binance,bybit,SXPUSDT,0.00800000,0.00812,1.5,1774044191283
binance,bybit,SXPUSDT,0.00800000,0.00812,1.5,1774044191583
binance,bybit,SXPUSDT,0.00800000,0.00812,1.5,1774044191883
binance,bybit,SXPUSDT,0.00800000,0.00812,1.5,1774044192183
binance,bybit,SXPUSDT,0.00800000,0.00812,1.5,1774044192484
binance,bybit,SXPUSDT,0.00800000,0.00812,1.5,1774044192784
binance,bybit,SXPUSDT,0.00800000,0.00812,1.5,1774044193091
binance,bybit,SXPUSDT,0.00800000,0.00812,1.5,1774044193393
binance,bybit,SXPUSDT,0.00800000,0.00812,1.5,1774044193693
binance,bybit,SXPUSDT,0.00800000,0.00812,1.5,1774044193993
binance,bybit,SXPUSDT,0.00800000,0.00812,1.5,1774044194293
binance,bybit,SXPUSDT,0.00800000,0.00812,1.5,1774044194594
binance,bybit,SXPUSDT,0.00800000,0.00812,1.5,1774044194894
binance,bybit,SXPUSDT,0.00800000,0.00812,1.5,1774044195194
binance,bybit,SXPUSDT,0.00800000,0.00812,1.5,1774044195494
binance,bybit,SXPUSDT,0.00800000,0.00812,1.5,1774044195795
binance,bybit,SXPUSDT,0.00800000,0.00812,1.5,1774044196096
binance,bybit,SXPUSDT,0.00800000,0.00812,1.5,1774044196405
binance,bybit,SXPUSDT,0.00800000,0.00812,1.5,1774044196715
binance,bybit,SXPUSDT,0.00800000,0.00812,1.5,1774044197019
binance,bybit,SXPUSDT,0.00800000,0.00812,1.5,1774044197326
binance,bybit,SXPUSDT,0.00800000,0.00812,1.5,1774044197641
binance,bybit,SXPUSDT,0.00800000,0.00812,1.5,1774044197943
binance,bybit,SXPUSDT,0.00800000,0.00812,1.5,1774044198253
binance,bybit,SXPUSDT,0.00800000,0.00812,1.5,1774044198564
binance,bybit,SXPUSDT,0.00800000,0.00812,1.5,1774044198866
binance,bybit,SXPUSDT,0.00800000,0.00812,1.5,1774044199171
binance,bybit,SXPUSDT,0.00800000,0.00812,1.5,1774044199474
binance,bybit,SXPUSDT,0.00800000,0.00812,1.5,1774044199783
binance,bybit,SXPUSDT,0.00800000,0.00812,1.5,1774044200100
binance,bybit,SXPUSDT,0.00800000,0.00812,1.5,1774044200410
binance,bybit,SXPUSDT,0.00800000,0.00812,1.5,1774044200723
binance,bybit,SXPUSDT,0.00800000,0.00812,1.5,1774044201030
binance,bybit,SXPUSDT,0.00800000,0.00812,1.5,1774044201343
binance,bybit,SXPUSDT,0.00800000,0.00812,1.5,1774044201659
binance,bybit,SXPUSDT,0.00800000,0.00812,1.5,1774044201966
binance,bybit,SXPUSDT,0.00800000,0.00812,1.5,1774044202279
binance,bybit,SXPUSDT,0.00800000,0.00812,1.5,1774044202592
binance,bybit,SXPUSDT,0.00800000,0.00812,1.5,1774044202894
binance,bybit,SXPUSDT,0.00800000,0.00812,1.5,1774044203200
binance,bybit,SXPUSDT,0.00800000,0.00812,1.5,1774044203515
binance,bybit,SXPUSDT,0.00800000,0.00812,1.5,1774044203827
binance,bybit,SXPUSDT,0.00800000,0.00812,1.5,1774044204134
binance,bybit,SXPUSDT,0.00800000,0.00812,1.5,1774044204443
binance,bybit,SXPUSDT,0.00800000,0.00812,1.5,1774044204748
binance,bybit,SXPUSDT,0.00800000,0.00812,1.5,1774044205049
binance,bybit,SXPUSDT,0.00800000,0.00812,1.5,1774044205361
binance,bybit,SXPUSDT,0.00800000,0.00812,1.5,1774044205678
binance,bybit,SXPUSDT,0.00800000,0.00812,1.5,1774044205978
binance,bybit,SXPUSDT,0.00800000,0.00812,1.5,1774044206279
binance,bybit,SXPUSDT,0.00800000,0.00812,1.5,1774044206582
binance,bybit,SXPUSDT,0.00800000,0.00812,1.5,1774044206882
binance,bybit,SXPUSDT,0.00800000,0.00812,1.5,1774044207182
binance,bybit,SXPUSDT,0.00800000,0.00812,1.5,1774044207483
binance,bybit,SXPUSDT,0.00800000,0.00812,1.5,1774044207783
binance,bybit,SXPUSDT,0.00800000,0.00812,1.5,1774044208098
binance,bybit,SXPUSDT,0.00800000,0.00812,1.5,1774044208408
binance,bybit,SXPUSDT,0.00800000,0.00812,1.5,1774044208718
binance,bybit,SXPUSDT,0.00800000,0.00812,1.5,1774044209028
binance,bybit,SXPUSDT,0.00800000,0.00812,1.5,1774044209335
binance,bybit,SXPUSDT,0.00800000,0.00812,1.5,1774044209644
binance,bybit,SXPUSDT,0.00800000,0.00812,1.5,1774044209962
binance,bybit,SXPUSDT,0.00800000,0.00812,1.5,1774044210277
binance,bybit,SXPUSDT,0.00800000,0.00812,1.5,1774044210586
binance,bybit,SXPUSDT,0.00800000,0.00812,1.5,1774044210889
binance,bybit,SXPUSDT,0.00800000,0.00812,1.5,1774044211191
binance,bybit,SXPUSDT,0.00800000,0.00812,1.5,1774044211511
binance,bybit,SXPUSDT,0.00800000,0.00812,1.5,1774044211823
binance,bybit,SXPUSDT,0.00800000,0.00812,1.5,1774044212132
binance,bybit,SXPUSDT,0.00800000,0.00812,1.5,1774044212449
binance,bybit,SXPUSDT,0.00800000,0.00812,1.5,1774044212766
binance,bybit,SXPUSDT,0.00800000,0.00812,1.5,1774044213085
binance,bybit,SXPUSDT,0.00800000,0.00812,1.5,1774044213395
binance,bybit,SXPUSDT,0.00800000,0.00812,1.5,1774044213719
binance,bybit,SXPUSDT,0.00800000,0.00812,1.5,1774044214027
binance,bybit,SXPUSDT,0.00800000,0.00812,1.5,1774044214339
binance,bybit,SXPUSDT,0.00800000,0.00812,1.5,1774044214657
binance,bybit,SXPUSDT,0.00800000,0.00812,1.5,1774044214958
binance,bybit,SXPUSDT,0.00800000,0.00812,1.5,1774044215259
binance,bybit,SXPUSDT,0.00800000,0.00812,1.5,1774044215564
binance,bybit,SXPUSDT,0.00800000,0.00812,1.5,1774044215865
binance,bybit,SXPUSDT,0.00800000,0.00812,1.5,1774044216165
binance,bybit,SXPUSDT,0.00800000,0.00812,1.5,1774044216471
binance,bybit,SXPUSDT,0.00800000,0.00812,1.5,1774044216771
binance,bybit,SXPUSDT,0.00800000,0.00812,1.5,1774044217072
binance,bybit,SXPUSDT,0.00800000,0.00812,1.5,1774044217372
binance,bybit,SXPUSDT,0.00800000,0.00812,1.5,1774044217672
binance,bybit,SXPUSDT,0.00800000,0.00812,1.5,1774044217972
binance,bybit,SXPUSDT,0.00800000,0.00812,1.5,1774044218272
binance,bybit,SXPUSDT,0.00800000,0.00812,1.5,1774044218572
binance,bybit,SXPUSDT,0.00800000,0.00812,1.5,1774044218872
binance,bybit,SXPUSDT,0.00800000,0.00812,1.5,1774044219172
binance,bybit,SXPUSDT,0.00800000,0.00812,1.5,1774044219472
binance,bybit,SXPUSDT,0.00800000,0.00812,1.5,1774044219772
binance,bybit,SXPUSDT,0.00800000,0.00812,1.5,1774044220073
binance,bybit,SXPUSDT,0.00800000,0.00812,1.5,1774044220375
binance,bybit,SXPUSDT,0.00800000,0.00812,1.5,1774044220675
binance,bybit,SXPUSDT,0.00800000,0.00812,1.5,1774044220975
binance,bybit,SXPUSDT,0.00800000,0.00812,1.5,1774044221277
binance,bybit,SXPUSDT,0.00800000,0.00812,1.5,1774044221577
binance,bybit,SXPUSDT,0.00800000,0.00812,1.5,1774044221877
binance,bybit,SXPUSDT,0.00800000,0.00812,1.5,1774044222177
binance,bybit,SXPUSDT,0.00800000,0.00812,1.5,1774044222478
binance,bybit,SXPUSDT,0.00800000,0.00812,1.5,1774044222778
binance,bybit,SXPUSDT,0.00800000,0.00812,1.5,1774044223078
binance,bybit,SXPUSDT,0.00800000,0.00812,1.5,1774044223381
binance,bybit,SXPUSDT,0.00800000,0.00812,1.5,1774044223681
binance,bybit,SXPUSDT,0.00800000,0.00812,1.5,1774044223981
binance,bybit,SXPUSDT,0.00800000,0.00812,1.5,1774044224288
binance,bybit,SXPUSDT,0.00800000,0.00812,1.5,1774044224588
binance,bybit,SXPUSDT,0.00800000,0.00812,1.5,1774044224888
binance,bybit,SXPUSDT,0.00800000,0.00812,1.5,1774044225188
binance,bybit,SXPUSDT,0.00800000,0.00812,1.5,1774044225488
binance,bybit,SXPUSDT,0.00800000,0.00812,1.5,1774044225788
binance,bybit,SXPUSDT,0.00800000,0.00812,1.5,1774044226089
binance,bybit,SXPUSDT,0.00800000,0.00812,1.5,1774044226389
binance,bybit,SXPUSDT,0.00800000,0.00812,1.5,1774044226689
binance,bybit,SXPUSDT,0.00800000,0.00812,1.5,1774044226989
binance,bybit,SXPUSDT,0.00800000,0.00812,1.5,1774044227290
binance,bybit,SXPUSDT,0.00800000,0.00812,1.5,1774044227591
binance,bybit,SXPUSDT,0.00800000,0.00812,1.5,1774044227891
binance,bybit,SXPUSDT,0.00800000,0.00812,1.5,1774044228191
binance,bybit,SXPUSDT,0.00800000,0.00812,1.5,1774044228491
binance,bybit,SXPUSDT,0.00800000,0.00812,1.5,1774044228791
binance,bybit,SXPUSDT,0.00800000,0.00812,1.5,1774044229092
binance,bybit,SXPUSDT,0.00800000,0.00812,1.5,1774044229392
binance,bybit,SXPUSDT,0.00800000,0.00812,1.5,1774044229692
binance,bybit,SXPUSDT,0.00800000,0.00812,1.5,1774044229992
binance,bybit,SXPUSDT,0.00800000,0.00812,1.5,1774044230293
binance,bybit,SXPUSDT,0.00800000,0.00812,1.5,1774044230593
binance,bybit,SXPUSDT,0.00800000,0.00812,1.5,1774044230893
binance,bybit,SXPUSDT,0.00800000,0.00812,1.5,1774044231196
binance,bybit,SXPUSDT,0.00800000,0.00812,1.5,1774044231501
binance,bybit,SXPUSDT,0.00800000,0.00812,1.5,1774044231817
binance,bybit,SXPUSDT,0.00800000,0.00812,1.5,1774044232121
binance,bybit,SXPUSDT,0.00800000,0.00812,1.5,1774044232430
binance,bybit,SXPUSDT,0.00800000,0.00812,1.5,1774044232732
binance,bybit,SXPUSDT,0.00800000,0.00812,1.5,1774044233032
binance,bybit,SXPUSDT,0.00800000,0.00812,1.5,1774044233332
binance,bybit,SXPUSDT,0.00800000,0.00812,1.5,1774044233632
binance,bybit,SXPUSDT,0.00800000,0.00812,1.5,1774044233933
binance,bybit,SXPUSDT,0.00800000,0.00812,1.5,1774044234243
binance,bybit,SXPUSDT,0.00800000,0.00812,1.5,1774044234543
binance,bybit,SXPUSDT,0.00800000,0.00812,1.5,1774044234844
binance,bybit,SXPUSDT,0.00800000,0.00812,1.5,1774044235144
binance,bybit,SXPUSDT,0.00800000,0.00812,1.5,1774044235444
binance,bybit,SXPUSDT,0.00800000,0.00812,1.5,1774044235745
binance,bybit,SXPUSDT,0.00800000,0.00812,1.5,1774044236045
binance,bybit,SXPUSDT,0.00800000,0.00812,1.5,1774044236345
binance,bybit,SXPUSDT,0.00800000,0.00812,1.5,1774044236645
binance,bybit,SXPUSDT,0.00800000,0.00812,1.5,1774044236945
binance,bybit,SXPUSDT,0.00800000,0.00812,1.5,1774044237246
binance,bybit,SXPUSDT,0.00800000,0.00812,1.5,1774044237546
binance,bybit,SXPUSDT,0.00800000,0.00812,1.5,1774044237846
binance,bybit,SXPUSDT,0.00800000,0.00812,1.5,1774044238146
binance,bybit,SXPUSDT,0.00800000,0.00812,1.5,1774044238447
binance,bybit,SXPUSDT,0.00800000,0.00812,1.5,1774044238747
binance,bybit,SXPUSDT,0.00800000,0.00812,1.5,1774044239047
binance,bybit,SXPUSDT,0.00800000,0.00812,1.5,1774044239347
binance,bybit,SXPUSDT,0.00800000,0.00812,1.5,1774044239647
binance,bybit,SXPUSDT,0.00800000,0.00813,1.625,1774044239948
binance,bybit,SXPUSDT,0.00800000,0.00813,1.625,1774044240248
binance,bybit,SXPUSDT,0.00800000,0.00813,1.625,1774044240560
binance,bybit,SXPUSDT,0.00800000,0.00813,1.625,1774044240861
binance,bybit,SXPUSDT,0.00800000,0.00813,1.625,1774044241161
binance,bybit,SXPUSDT,0.00800000,0.00813,1.625,1774044241462
binance,bybit,SXPUSDT,0.00800000,0.00813,1.625,1774044241762
binance,bybit,SXPUSDT,0.00800000,0.00813,1.625,1774044242062
binance,bybit,SXPUSDT,0.00800000,0.00813,1.625,1774044242362
binance,bybit,SXPUSDT,0.00800000,0.00813,1.625,1774044242663
binance,bybit,SXPUSDT,0.00800000,0.00813,1.625,1774044242963
binance,bybit,SXPUSDT,0.00800000,0.00813,1.625,1774044243263
binance,bybit,SXPUSDT,0.00800000,0.00813,1.625,1774044243563
binance,bybit,SXPUSDT,0.00800000,0.00813,1.625,1774044243868
binance,bybit,SXPUSDT,0.00800000,0.00813,1.625,1774044244168
binance,bybit,SXPUSDT,0.00800000,0.00813,1.625,1774044244468
binance,bybit,SXPUSDT,0.00800000,0.00813,1.625,1774044244768
binance,bybit,SXPUSDT,0.00800000,0.00813,1.625,1774044245068
binance,bybit,SXPUSDT,0.00800000,0.00813,1.625,1774044245369
binance,bybit,SXPUSDT,0.00800000,0.00813,1.625,1774044245669
binance,bybit,SXPUSDT,0.00800000,0.00813,1.625,1774044245969
binance,bybit,SXPUSDT,0.00800000,0.00813,1.625,1774044246269
binance,bybit,SXPUSDT,0.00800000,0.00813,1.625,1774044246569
binance,bybit,SXPUSDT,0.00800000,0.00813,1.625,1774044246869
binance,bybit,SXPUSDT,0.00800000,0.00813,1.625,1774044247170
binance,bybit,SXPUSDT,0.00800000,0.00813,1.625,1774044247470
binance,bybit,SXPUSDT,0.00800000,0.00813,1.625,1774044247770
binance,bybit,SXPUSDT,0.00800000,0.00813,1.625,1774044248070
binance,bybit,SXPUSDT,0.00800000,0.00813,1.625,1774044248371
binance,bybit,SXPUSDT,0.00800000,0.00813,1.625,1774044248671
binance,bybit,SXPUSDT,0.00800000,0.00813,1.625,1774044248971
binance,bybit,SXPUSDT,0.00800000,0.00813,1.625,1774044249272
binance,bybit,SXPUSDT,0.00800000,0.00813,1.625,1774044249573
binance,bybit,SXPUSDT,0.00800000,0.00813,1.625,1774044249873
binance,bybit,SXPUSDT,0.00800000,0.00813,1.625,1774044250173
binance,bybit,SXPUSDT,0.00800000,0.00813,1.625,1774044250473
binance,bybit,SXPUSDT,0.00800000,0.00813,1.625,1774044250774
binance,bybit,SXPUSDT,0.00800000,0.00813,1.625,1774044251074
binance,bybit,SXPUSDT,0.00800000,0.00813,1.625,1774044251374
binance,bybit,SXPUSDT,0.00800000,0.00813,1.625,1774044251674
binance,bybit,SXPUSDT,0.00800000,0.00813,1.625,1774044251974
binance,bybit,SXPUSDT,0.00800000,0.00813,1.625,1774044252275
binance,bybit,SXPUSDT,0.00800000,0.00813,1.625,1774044252575
binance,bybit,SXPUSDT,0.00800000,0.00813,1.625,1774044252875
binance,bybit,SXPUSDT,0.00800000,0.00813,1.625,1774044253175
binance,bybit,SXPUSDT,0.00800000,0.00813,1.625,1774044253476
binance,bybit,SXPUSDT,0.00800000,0.00813,1.625,1774044253776
binance,bybit,SXPUSDT,0.00800000,0.00813,1.625,1774044254076
binance,bybit,SXPUSDT,0.00800000,0.00813,1.625,1774044254376
binance,bybit,SXPUSDT,0.00800000,0.00813,1.625,1774044254676
binance,bybit,SXPUSDT,0.00800000,0.00813,1.625,1774044254977
binance,bybit,SXPUSDT,0.00800000,0.00813,1.625,1774044255277
binance,bybit,SXPUSDT,0.00800000,0.00813,1.625,1774044255578
binance,bybit,SXPUSDT,0.00800000,0.00813,1.625,1774044255878
binance,bybit,SXPUSDT,0.00800000,0.00813,1.625,1774044256178
binance,bybit,SXPUSDT,0.00800000,0.00813,1.625,1774044256479
binance,bybit,SXPUSDT,0.00800000,0.00813,1.625,1774044256779
binance,bybit,SXPUSDT,0.00800000,0.00813,1.625,1774044257079
binance,bybit,SXPUSDT,0.00800000,0.00813,1.625,1774044257379
binance,bybit,SXPUSDT,0.00800000,0.00813,1.625,1774044257680
binance,bybit,SXPUSDT,0.00800000,0.00813,1.625,1774044257980
binance,bybit,SXPUSDT,0.00800000,0.00813,1.625,1774044258280
binance,bybit,SXPUSDT,0.00800000,0.00813,1.625,1774044258580
binance,bybit,SXPUSDT,0.00800000,0.00813,1.625,1774044258881
binance,bybit,SXPUSDT,0.00800000,0.00813,1.625,1774044259181
binance,bybit,SXPUSDT,0.00800000,0.00813,1.625,1774044259481
binance,bybit,SXPUSDT,0.00800000,0.00813,1.625,1774044259782
binance,bybit,SXPUSDT,0.00800000,0.00813,1.625,1774044260082
binance,bybit,SXPUSDT,0.00800000,0.00813,1.625,1774044260382
binance,bybit,SXPUSDT,0.00800000,0.00813,1.625,1774044260682
binance,bybit,SXPUSDT,0.00800000,0.00813,1.625,1774044260983
binance,bybit,SXPUSDT,0.00800000,0.00813,1.625,1774044261289
binance,bybit,SXPUSDT,0.00800000,0.00813,1.625,1774044261589
binance,bybit,SXPUSDT,0.00800000,0.00813,1.625,1774044261891
binance,bybit,SXPUSDT,0.00800000,0.00814,1.75,1774044262191
binance,bybit,SXPUSDT,0.00800000,0.00814,1.75,1774044262491
binance,bybit,SXPUSDT,0.00800000,0.00814,1.75,1774044262792
binance,bybit,SXPUSDT,0.00800000,0.00814,1.75,1774044263092
binance,bybit,SXPUSDT,0.00800000,0.00814,1.75,1774044263394
binance,bybit,SXPUSDT,0.00800000,0.00814,1.75,1774044263694
binance,bybit,SXPUSDT,0.00800000,0.00814,1.75,1774044263994
binance,bybit,SXPUSDT,0.00800000,0.00814,1.75,1774044264296
binance,bybit,SXPUSDT,0.00800000,0.00814,1.75,1774044264597
binance,bybit,SXPUSDT,0.00800000,0.00814,1.75,1774044264901
binance,bybit,SXPUSDT,0.00800000,0.00814,1.75,1774044265215
binance,bybit,SXPUSDT,0.00800000,0.00814,1.75,1774044265517
binance,bybit,SXPUSDT,0.00800000,0.00814,1.75,1774044265820
binance,bybit,SXPUSDT,0.00800000,0.00814,1.75,1774044266124
binance,bybit,SXPUSDT,0.00800000,0.00814,1.75,1774044266434
binance,bybit,SXPUSDT,0.00800000,0.00814,1.75,1774044266734
binance,bybit,SXPUSDT,0.00800000,0.00814,1.75,1774044267034
binance,bybit,SXPUSDT,0.00800000,0.00814,1.75,1774044267334
binance,bybit,SXPUSDT,0.00800000,0.00814,1.75,1774044267634
binance,bybit,SXPUSDT,0.00800000,0.00814,1.75,1774044267934
binance,bybit,SXPUSDT,0.00800000,0.00814,1.75,1774044268234
binance,bybit,SXPUSDT,0.00800000,0.00814,1.75,1774044268535
binance,bybit,SXPUSDT,0.00800000,0.00814,1.75,1774044268835
binance,bybit,SXPUSDT,0.00800000,0.00814,1.75,1774044269135
binance,bybit,SXPUSDT,0.00800000,0.00814,1.75,1774044269435
binance,bybit,SXPUSDT,0.00800000,0.00814,1.75,1774044269736
binance,bybit,SXPUSDT,0.00800000,0.00814,1.75,1774044270036
binance,bybit,SXPUSDT,0.00800000,0.00814,1.75,1774044270336
binance,bybit,SXPUSDT,0.00800000,0.00814,1.75,1774044270636
binance,bybit,SXPUSDT,0.00800000,0.00814,1.75,1774044270937
binance,bybit,SXPUSDT,0.00800000,0.00814,1.75,1774044271237
binance,bybit,SXPUSDT,0.00800000,0.00814,1.75,1774044271537
binance,bybit,SXPUSDT,0.00800000,0.00814,1.75,1774044271838
binance,bybit,SXPUSDT,0.00800000,0.00814,1.75,1774044272138
binance,bybit,SXPUSDT,0.00800000,0.00814,1.75,1774044272438
binance,bybit,SXPUSDT,0.00800000,0.00814,1.75,1774044272738
binance,bybit,SXPUSDT,0.00800000,0.00814,1.75,1774044273039
binance,bybit,SXPUSDT,0.00800000,0.00814,1.75,1774044273339
binance,bybit,SXPUSDT,0.00800000,0.00814,1.75,1774044273639
binance,bybit,SXPUSDT,0.00800000,0.00814,1.75,1774044273940
binance,bybit,SXPUSDT,0.00800000,0.00814,1.75,1774044274240
binance,bybit,SXPUSDT,0.00800000,0.00814,1.75,1774044274541
binance,bybit,SXPUSDT,0.00800000,0.00814,1.75,1774044274841
binance,bybit,SXPUSDT,0.00800000,0.00814,1.75,1774044275142
binance,bybit,SXPUSDT,0.00800000,0.00814,1.75,1774044275442
binance,bybit,SXPUSDT,0.00800000,0.00814,1.75,1774044275742
binance,bybit,SXPUSDT,0.00800000,0.00814,1.75,1774044276043
binance,bybit,SXPUSDT,0.00800000,0.00814,1.75,1774044276343
binance,bybit,SXPUSDT,0.00800000,0.00814,1.75,1774044276643
binance,bybit,SXPUSDT,0.00800000,0.00814,1.75,1774044276951
binance,bybit,SXPUSDT,0.00800000,0.00814,1.75,1774044277251
binance,bybit,SXPUSDT,0.00800000,0.00814,1.75,1774044277551
binance,bybit,SXPUSDT,0.00800000,0.00814,1.75,1774044277851
binance,bybit,SXPUSDT,0.00800000,0.00814,1.75,1774044278151
binance,bybit,SXPUSDT,0.00800000,0.00814,1.75,1774044278451
binance,bybit,SXPUSDT,0.00800000,0.00814,1.75,1774044278751
binance,bybit,SXPUSDT,0.00800000,0.00814,1.75,1774044279051
binance,bybit,SXPUSDT,0.00800000,0.00814,1.75,1774044279351
binance,bybit,SXPUSDT,0.00800000,0.00814,1.75,1774044279652
binance,bybit,SXPUSDT,0.00800000,0.00814,1.75,1774044279952
binance,bybit,SXPUSDT,0.00800000,0.00814,1.75,1774044280252
binance,bybit,SXPUSDT,0.00800000,0.00814,1.75,1774044280552
binance,bybit,SXPUSDT,0.00800000,0.00814,1.75,1774044280852
binance,bybit,SXPUSDT,0.00800000,0.00814,1.75,1774044281152
binance,bybit,SXPUSDT,0.00800000,0.00814,1.75,1774044281452
binance,bybit,SXPUSDT,0.00800000,0.00814,1.75,1774044281753
binance,bybit,SXPUSDT,0.00800000,0.00814,1.75,1774044282053
binance,bybit,SXPUSDT,0.00800000,0.00814,1.75,1774044282353
binance,bybit,SXPUSDT,0.00800000,0.00814,1.75,1774044282653
binance,bybit,SXPUSDT,0.00800000,0.00814,1.75,1774044282954
binance,bybit,SXPUSDT,0.00800000,0.00814,1.75,1774044283255
binance,bybit,SXPUSDT,0.00800000,0.00814,1.75,1774044283555
binance,bybit,SXPUSDT,0.00800000,0.00814,1.75,1774044283856
binance,bybit,SXPUSDT,0.00800000,0.00814,1.75,1774044284156
binance,bybit,SXPUSDT,0.00800000,0.00814,1.75,1774044284456
binance,bybit,SXPUSDT,0.00800000,0.00814,1.75,1774044284756
binance,bybit,SXPUSDT,0.00800000,0.00814,1.75,1774044285056
binance,bybit,SXPUSDT,0.00800000,0.00814,1.75,1774044285363
binance,bybit,SXPUSDT,0.00800000,0.00814,1.75,1774044285674
binance,bybit,SXPUSDT,0.00800000,0.00814,1.75,1774044285974
binance,bybit,SXPUSDT,0.00800000,0.00814,1.75,1774044286287
binance,bybit,SXPUSDT,0.00800000,0.00814,1.75,1774044286603
binance,bybit,SXPUSDT,0.00800000,0.00814,1.75,1774044286914
binance,bybit,SXPUSDT,0.00800000,0.00814,1.75,1774044287227
binance,bybit,SXPUSDT,0.00800000,0.00814,1.75,1774044287541
binance,bybit,SXPUSDT,0.00800000,0.00814,1.75,1774044287850
binance,bybit,SXPUSDT,0.00800000,0.00814,1.75,1774044288162
binance,bybit,SXPUSDT,0.00800000,0.00814,1.75,1774044288488
binance,bybit,SXPUSDT,0.00800000,0.00814,1.75,1774044288806
binance,bybit,SXPUSDT,0.00800000,0.00814,1.75,1774044289119
binance,bybit,SXPUSDT,0.00800000,0.00814,1.75,1774044289425
binance,bybit,SXPUSDT,0.00800000,0.00814,1.75,1774044289739
binance,bybit,SXPUSDT,0.00800000,0.00814,1.75,1774044290052
binance,bybit,SXPUSDT,0.00800000,0.00814,1.75,1774044290358
binance,bybit,SXPUSDT,0.00800000,0.00814,1.75,1774044290675
binance,bybit,SXPUSDT,0.00800000,0.00814,1.75,1774044290980
binance,bybit,SXPUSDT,0.00800000,0.00814,1.75,1774044291290
binance,bybit,SXPUSDT,0.00800000,0.00814,1.75,1774044291600
binance,bybit,SXPUSDT,0.00800000,0.00814,1.75,1774044291906
binance,bybit,SXPUSDT,0.00800000,0.00814,1.75,1774044292216
binance,bybit,SXPUSDT,0.00800000,0.00814,1.75,1774044292527
binance,bybit,SXPUSDT,0.00800000,0.00814,1.75,1774044292838
binance,bybit,SXPUSDT,0.00800000,0.00814,1.75,1774044293151
binance,bybit,SXPUSDT,0.00800000,0.00814,1.75,1774044293457
binance,bybit,SXPUSDT,0.00800000,0.00814,1.75,1774044293768
binance,bybit,SXPUSDT,0.00800000,0.00814,1.75,1774044294071
binance,bybit,SXPUSDT,0.00800000,0.00814,1.75,1774044294387
binance,bybit,SXPUSDT,0.00800000,0.00814,1.75,1774044294707
binance,bybit,SXPUSDT,0.00800000,0.00814,1.75,1774044295018
binance,bybit,SXPUSDT,0.00800000,0.00814,1.75,1774044295324
binance,bybit,SXPUSDT,0.00800000,0.00814,1.75,1774044295631
binance,bybit,SXPUSDT,0.00800000,0.00814,1.75,1774044295933
binance,bybit,SXPUSDT,0.00800000,0.00814,1.75,1774044296236
binance,bybit,SXPUSDT,0.00800000,0.00814,1.75,1774044296546
binance,bybit,SXPUSDT,0.00800000,0.00814,1.75,1774044296858
binance,bybit,SXPUSDT,0.00800000,0.00814,1.75,1774044297158
binance,bybit,SXPUSDT,0.00800000,0.00814,1.75,1774044297459
binance,bybit,SXPUSDT,0.00800000,0.00814,1.75,1774044297764
binance,bybit,SXPUSDT,0.00800000,0.00814,1.75,1774044298065
binance,bybit,SXPUSDT,0.00800000,0.00814,1.75,1774044298394
binance,bybit,SXPUSDT,0.00800000,0.00814,1.75,1774044298695
binance,bybit,SXPUSDT,0.00800000,0.00814,1.75,1774044298998
binance,bybit,SXPUSDT,0.00800000,0.00814,1.75,1774044299304
binance,bybit,SXPUSDT,0.00800000,0.00814,1.75,1774044299611
binance,bybit,SXPUSDT,0.00800000,0.00814,1.75,1774044299917
binance,bybit,SXPUSDT,0.00800000,0.00814,1.75,1774044300231
binance,bybit,SXPUSDT,0.00800000,0.00814,1.75,1774044300542
binance,bybit,SXPUSDT,0.00800000,0.00814,1.75,1774044300857
binance,bybit,SXPUSDT,0.00800000,0.00814,1.75,1774044301171
binance,bybit,SXPUSDT,0.00800000,0.00814,1.75,1774044301475
binance,bybit,SXPUSDT,0.00800000,0.00814,1.75,1774044301776
binance,bybit,SXPUSDT,0.00800000,0.00814,1.75,1774044302076
binance,bybit,SXPUSDT,0.00800000,0.00814,1.75,1774044302376
binance,bybit,SXPUSDT,0.00800000,0.00814,1.75,1774044302692
binance,bybit,SXPUSDT,0.00800000,0.00814,1.75,1774044302993
binance,bybit,SXPUSDT,0.00800000,0.00814,1.75,1774044303293
binance,bybit,SXPUSDT,0.00800000,0.00814,1.75,1774044303593
binance,bybit,SXPUSDT,0.00800000,0.00814,1.75,1774044303893
binance,bybit,SXPUSDT,0.00800000,0.00814,1.75,1774044304194
binance,bybit,SXPUSDT,0.00800000,0.00814,1.75,1774044304495
binance,bybit,SXPUSDT,0.00800000,0.00814,1.75,1774044304798
binance,bybit,SXPUSDT,0.00800000,0.00814,1.75,1774044305108
binance,bybit,SXPUSDT,0.00800000,0.00814,1.75,1774044305417
binance,bybit,SXPUSDT,0.00800000,0.00814,1.75,1774044305724
binance,bybit,SXPUSDT,0.00800000,0.00814,1.75,1774044306040
binance,bybit,SXPUSDT,0.00800000,0.00814,1.75,1774044306345
binance,bybit,SXPUSDT,0.00800000,0.00814,1.75,1774044306645
binance,bybit,SXPUSDT,0.00800000,0.00814,1.75,1774044306956
binance,bybit,SXPUSDT,0.00800000,0.00814,1.75,1774044307265
binance,bybit,SXPUSDT,0.00800000,0.00814,1.75,1774044307567
binance,bybit,SXPUSDT,0.00800000,0.00814,1.75,1774044307868
binance,bybit,SXPUSDT,0.00800000,0.00814,1.75,1774044308177
binance,bybit,SXPUSDT,0.00800000,0.00814,1.75,1774044308477
binance,bybit,SXPUSDT,0.00800000,0.00814,1.75,1774044308777
binance,bybit,SXPUSDT,0.00800000,0.00814,1.75,1774044309077
binance,bybit,SXPUSDT,0.00800000,0.00814,1.75,1774044309377
binance,bybit,SXPUSDT,0.00800000,0.00814,1.75,1774044309678
binance,bybit,SXPUSDT,0.00800000,0.00814,1.75,1774044309978
binance,bybit,SXPUSDT,0.00800000,0.00814,1.75,1774044310278
binance,bybit,SXPUSDT,0.00800000,0.00814,1.75,1774044310578
binance,bybit,SXPUSDT,0.00800000,0.00814,1.75,1774044310879
binance,bybit,SXPUSDT,0.00800000,0.00814,1.75,1774044311179
binance,bybit,SXPUSDT,0.00800000,0.00814,1.75,1774044311480
binance,bybit,SXPUSDT,0.00800000,0.00814,1.75,1774044311780
binance,bybit,SXPUSDT,0.00800000,0.00814,1.75,1774044312080
binance,bybit,SXPUSDT,0.00800000,0.00814,1.75,1774044312380
binance,bybit,SXPUSDT,0.00800000,0.00814,1.75,1774044312680
binance,bybit,SXPUSDT,0.00800000,0.00814,1.75,1774044312981
binance,bybit,SXPUSDT,0.00800000,0.00814,1.75,1774044313281
binance,bybit,SXPUSDT,0.00800000,0.00814,1.75,1774044313581
binance,bybit,SXPUSDT,0.00800000,0.00814,1.75,1774044313881
binance,bybit,SXPUSDT,0.00800000,0.00814,1.75,1774044314182
binance,bybit,SXPUSDT,0.00800000,0.00814,1.75,1774044314482
binance,bybit,SXPUSDT,0.00800000,0.00814,1.75,1774044314782
binance,bybit,SXPUSDT,0.00800000,0.00814,1.75,1774044315084
binance,bybit,SXPUSDT,0.00800000,0.00814,1.75,1774044315384
binance,bybit,SXPUSDT,0.00800000,0.00814,1.75,1774044315684
binance,bybit,SXPUSDT,0.00800000,0.00814,1.75,1774044315984
binance,bybit,SXPUSDT,0.00800000,0.00814,1.75,1774044316285
binance,bybit,SXPUSDT,0.00800000,0.00814,1.75,1774044316585
binance,bybit,SXPUSDT,0.00800000,0.00814,1.75,1774044316885
binance,bybit,SXPUSDT,0.00800000,0.00814,1.75,1774044317185
binance,bybit,SXPUSDT,0.00800000,0.00814,1.75,1774044317485
binance,bybit,SXPUSDT,0.00800000,0.00814,1.75,1774044317785
binance,bybit,SXPUSDT,0.00800000,0.00814,1.75,1774044318086
binance,bybit,SXPUSDT,0.00800000,0.00814,1.75,1774044318389
binance,bybit,SXPUSDT,0.00800000,0.00814,1.75,1774044318689
binance,bybit,SXPUSDT,0.00800000,0.00814,1.75,1774044318989
binance,bybit,SXPUSDT,0.00800000,0.00814,1.75,1774044319289
binance,bybit,SXPUSDT,0.00800000,0.00814,1.75,1774044319589
binance,bybit,SXPUSDT,0.00800000,0.00814,1.75,1774044319889
binance,bybit,SXPUSDT,0.00800000,0.00814,1.75,1774044320190
binance,bybit,SXPUSDT,0.00800000,0.00814,1.75,1774044320490
binance,bybit,SXPUSDT,0.00800000,0.00814,1.75,1774044320790
binance,bybit,SXPUSDT,0.00800000,0.00814,1.75,1774044321090
binance,bybit,SXPUSDT,0.00800000,0.00814,1.75,1774044321391
binance,bybit,SXPUSDT,0.00800000,0.00814,1.75,1774044321691
binance,bybit,SXPUSDT,0.00800000,0.00814,1.75,1774044321991
binance,bybit,SXPUSDT,0.00800000,0.00814,1.75,1774044322292
binance,bybit,SXPUSDT,0.00800000,0.00814,1.75,1774044322592
binance,bybit,SXPUSDT,0.00800000,0.00814,1.75,1774044322893
binance,bybit,SXPUSDT,0.00800000,0.00814,1.75,1774044323193
binance,bybit,SXPUSDT,0.00800000,0.00814,1.75,1774044323494
binance,bybit,SXPUSDT,0.00800000,0.00814,1.75,1774044323794
binance,bybit,SXPUSDT,0.00800000,0.00814,1.75,1774044324095
binance,bybit,SXPUSDT,0.00800000,0.00814,1.75,1774044324398
binance,bybit,SXPUSDT,0.00800000,0.00814,1.75,1774044324711
binance,bybit,SXPUSDT,0.00800000,0.00814,1.75,1774044325015
binance,bybit,SXPUSDT,0.00800000,0.00814,1.75,1774044325317
binance,bybit,SXPUSDT,0.00800000,0.00814,1.75,1774044325624
binance,bybit,SXPUSDT,0.00800000,0.00814,1.75,1774044325934
binance,bybit,SXPUSDT,0.00800000,0.00814,1.75,1774044326234
binance,bybit,SXPUSDT,0.00800000,0.00814,1.75,1774044326534
binance,bybit,SXPUSDT,0.00800000,0.00814,1.75,1774044326834
binance,bybit,SXPUSDT,0.00800000,0.00814,1.75,1774044327134
binance,bybit,SXPUSDT,0.00800000,0.00814,1.75,1774044327434
binance,bybit,SXPUSDT,0.00800000,0.00814,1.75,1774044327735
binance,bybit,SXPUSDT,0.00800000,0.00814,1.75,1774044328035
binance,bybit,SXPUSDT,0.00800000,0.00814,1.75,1774044328335
binance,bybit,SXPUSDT,0.00800000,0.00814,1.75,1774044328635
binance,bybit,SXPUSDT,0.00800000,0.00814,1.75,1774044328957
binance,bybit,SXPUSDT,0.00800000,0.00814,1.75,1774044329272
binance,bybit,SXPUSDT,0.00800000,0.00814,1.75,1774044329574
binance,bybit,SXPUSDT,0.00800000,0.00814,1.75,1774044329874
binance,bybit,SXPUSDT,0.00800000,0.00814,1.75,1774044330175
binance,bybit,SXPUSDT,0.00800000,0.00814,1.75,1774044330475
binance,bybit,SXPUSDT,0.00800000,0.00814,1.75,1774044330777
binance,bybit,SXPUSDT,0.00800000,0.00814,1.75,1774044331080
binance,bybit,SXPUSDT,0.00800000,0.00814,1.75,1774044331394
binance,bybit,SXPUSDT,0.00800000,0.00814,1.75,1774044331722
binance,bybit,SXPUSDT,0.00800000,0.00814,1.75,1774044332031
binance,bybit,SXPUSDT,0.00800000,0.00814,1.75,1774044332333
binance,bybit,SXPUSDT,0.00800000,0.00814,1.75,1774044332641
binance,bybit,SXPUSDT,0.00800000,0.00814,1.75,1774044332945
binance,bybit,SXPUSDT,0.00800000,0.00814,1.75,1774044333251
binance,bybit,SXPUSDT,0.00800000,0.00814,1.75,1774044333551
binance,bybit,SXPUSDT,0.00800000,0.00814,1.75,1774044333851
binance,bybit,SXPUSDT,0.00800000,0.00814,1.75,1774044334151
binance,bybit,SXPUSDT,0.00800000,0.00814,1.75,1774044334451
binance,bybit,SXPUSDT,0.00800000,0.00814,1.75,1774044334751
binance,bybit,SXPUSDT,0.00800000,0.00814,1.75,1774044335051
binance,bybit,SXPUSDT,0.00800000,0.00814,1.75,1774044335352
binance,bybit,SXPUSDT,0.00800000,0.00814,1.75,1774044335652
binance,bybit,SXPUSDT,0.00800000,0.00814,1.75,1774044335952
binance,bybit,SXPUSDT,0.00800000,0.00814,1.75,1774044336252
binance,bybit,SXPUSDT,0.00800000,0.00814,1.75,1774044336552
binance,bybit,SXPUSDT,0.00800000,0.00814,1.75,1774044336852
binance,bybit,SXPUSDT,0.00800000,0.00814,1.75,1774044337152
binance,bybit,SXPUSDT,0.00800000,0.00814,1.75,1774044337453
binance,bybit,SXPUSDT,0.00800000,0.00814,1.75,1774044337753
binance,bybit,SXPUSDT,0.00800000,0.00814,1.75,1774044338053
binance,bybit,SXPUSDT,0.00800000,0.00814,1.75,1774044338353
binance,bybit,SXPUSDT,0.00800000,0.00814,1.75,1774044338653
binance,bybit,SXPUSDT,0.00800000,0.00814,1.75,1774044338953
binance,bybit,SXPUSDT,0.00800000,0.00814,1.75,1774044339253
binance,bybit,SXPUSDT,0.00800000,0.00814,1.75,1774044339554
binance,bybit,SXPUSDT,0.00800000,0.00814,1.75,1774044339854
binance,bybit,SXPUSDT,0.00800000,0.00814,1.75,1774044340154
binance,bybit,SXPUSDT,0.00800000,0.00814,1.75,1774044340454
binance,bybit,SXPUSDT,0.00800000,0.00814,1.75,1774044340757
binance,bybit,SXPUSDT,0.00800000,0.00814,1.75,1774044341058
binance,bybit,SXPUSDT,0.00800000,0.00814,1.75,1774044341358
binance,bybit,SXPUSDT,0.00800000,0.00814,1.75,1774044341658
binance,bybit,SXPUSDT,0.00800000,0.00814,1.75,1774044341959
binance,bybit,SXPUSDT,0.00800000,0.00814,1.75,1774044342259
binance,bybit,SXPUSDT,0.00800000,0.00814,1.75,1774044342559
binance,bybit,SXPUSDT,0.00800000,0.00814,1.75,1774044342860
binance,bybit,SXPUSDT,0.00800000,0.00814,1.75,1774044343160
binance,bybit,SXPUSDT,0.00800000,0.00814,1.75,1774044343460
binance,bybit,SXPUSDT,0.00800000,0.00814,1.75,1774044343760
binance,bybit,SXPUSDT,0.00800000,0.00814,1.75,1774044344060
binance,bybit,SXPUSDT,0.00800000,0.00814,1.75,1774044344361
binance,bybit,SXPUSDT,0.00800000,0.00814,1.75,1774044344661
binance,bybit,SXPUSDT,0.00800000,0.00814,1.75,1774044344961
binance,bybit,SXPUSDT,0.00800000,0.00814,1.75,1774044345261
binance,bybit,SXPUSDT,0.00800000,0.00814,1.75,1774044345561
binance,bybit,SXPUSDT,0.00800000,0.00814,1.75,1774044345861
binance,bybit,SXPUSDT,0.00800000,0.00814,1.75,1774044346161
binance,bybit,SXPUSDT,0.00800000,0.00814,1.75,1774044346461
binance,bybit,SXPUSDT,0.00800000,0.00814,1.75,1774044346762
binance,bybit,SXPUSDT,0.00800000,0.00814,1.75,1774044347062
binance,bybit,SXPUSDT,0.00800000,0.00814,1.75,1774044347362
binance,bybit,SXPUSDT,0.00800000,0.00814,1.75,1774044347662
binance,bybit,SXPUSDT,0.00800000,0.00814,1.75,1774044347962
binance,bybit,SXPUSDT,0.00800000,0.00814,1.75,1774044348262
binance,bybit,SXPUSDT,0.00800000,0.00814,1.75,1774044348563
binance,bybit,SXPUSDT,0.00800000,0.00814,1.75,1774044348863
binance,bybit,SXPUSDT,0.00800000,0.00814,1.75,1774044349163
binance,bybit,SXPUSDT,0.00800000,0.00814,1.75,1774044349463
binance,bybit,SXPUSDT,0.00800000,0.00814,1.75,1774044349763
binance,bybit,SXPUSDT,0.00800000,0.00814,1.75,1774044350063
binance,bybit,SXPUSDT,0.00800000,0.00814,1.75,1774044350367
binance,bybit,SXPUSDT,0.00800000,0.00814,1.75,1774044350675
binance,bybit,SXPUSDT,0.00800000,0.00814,1.75,1774044350985
binance,bybit,SXPUSDT,0.00800000,0.00814,1.75,1774044351287
binance,bybit,SXPUSDT,0.00800000,0.00814,1.75,1774044351603
binance,bybit,SXPUSDT,0.00800000,0.00814,1.75,1774044351915
binance,bybit,SXPUSDT,0.00800000,0.00814,1.75,1774044352219
binance,bybit,SXPUSDT,0.00800000,0.00814,1.75,1774044352525
binance,bybit,SXPUSDT,0.00800000,0.00814,1.75,1774044352828
binance,bybit,SXPUSDT,0.00800000,0.00814,1.75,1774044353137
binance,bybit,SXPUSDT,0.00800000,0.00814,1.75,1774044353437
binance,bybit,SXPUSDT,0.00800000,0.00814,1.75,1774044353738
binance,bybit,SXPUSDT,0.00800000,0.00814,1.75,1774044354038
binance,bybit,SXPUSDT,0.00800000,0.00814,1.75,1774044354338
binance,bybit,SXPUSDT,0.00800000,0.00814,1.75,1774044354638
binance,bybit,SXPUSDT,0.00800000,0.00814,1.75,1774044354939
binance,bybit,SXPUSDT,0.00800000,0.00814,1.75,1774044355239
binance,bybit,SXPUSDT,0.00800000,0.00814,1.75,1774044355540
binance,bybit,SXPUSDT,0.00800000,0.00814,1.75,1774044355840
binance,bybit,SXPUSDT,0.00800000,0.00814,1.75,1774044356140
binance,bybit,SXPUSDT,0.00800000,0.00814,1.75,1774044356440
binance,bybit,SXPUSDT,0.00800000,0.00814,1.75,1774044356741
binance,bybit,SXPUSDT,0.00800000,0.00814,1.75,1774044357041
binance,bybit,SXPUSDT,0.00800000,0.00814,1.75,1774044357341
binance,bybit,SXPUSDT,0.00800000,0.00814,1.75,1774044357641
binance,bybit,SXPUSDT,0.00800000,0.00814,1.75,1774044357941
binance,bybit,SXPUSDT,0.00800000,0.00814,1.75,1774044358241
binance,bybit,SXPUSDT,0.00800000,0.00814,1.75,1774044358542
binance,bybit,SXPUSDT,0.00800000,0.00814,1.75,1774044358842
binance,bybit,SXPUSDT,0.00800000,0.00814,1.75,1774044359144
binance,bybit,SXPUSDT,0.00800000,0.00814,1.75,1774044359444
binance,bybit,SXPUSDT,0.00800000,0.00814,1.75,1774044359744
binance,bybit,SXPUSDT,0.00800000,0.00814,1.75,1774044360044
binance,bybit,SXPUSDT,0.00800000,0.00814,1.75,1774044360345
binance,bybit,SXPUSDT,0.00800000,0.00814,1.75,1774044360645
binance,bybit,SXPUSDT,0.00800000,0.00814,1.75,1774044360945
binance,bybit,SXPUSDT,0.00800000,0.00814,1.75,1774044361248
binance,bybit,SXPUSDT,0.00800000,0.00814,1.75,1774044361562
binance,bybit,SXPUSDT,0.00800000,0.00814,1.75,1774044361862
binance,bybit,SXPUSDT,0.00800000,0.00814,1.75,1774044362162
binance,bybit,SXPUSDT,0.00800000,0.00814,1.75,1774044362462
binance,bybit,SXPUSDT,0.00800000,0.00814,1.75,1774044362762
binance,bybit,SXPUSDT,0.00800000,0.00814,1.75,1774044363063
binance,bybit,SXPUSDT,0.00800000,0.00814,1.75,1774044363363
binance,bybit,SXPUSDT,0.00800000,0.00814,1.75,1774044363665
binance,bybit,SXPUSDT,0.00800000,0.00814,1.75,1774044363965
binance,bybit,SXPUSDT,0.00800000,0.00814,1.75,1774044364265
binance,bybit,SXPUSDT,0.00800000,0.00814,1.75,1774044364566
binance,bybit,SXPUSDT,0.00800000,0.00814,1.75,1774044364877
binance,bybit,SXPUSDT,0.00800000,0.00814,1.75,1774044365188
binance,bybit,SXPUSDT,0.00800000,0.00814,1.75,1774044365489
binance,bybit,SXPUSDT,0.00800000,0.00814,1.75,1774044365789
binance,bybit,SXPUSDT,0.00800000,0.00814,1.75,1774044366089
binance,bybit,SXPUSDT,0.00800000,0.00814,1.75,1774044366389
binance,bybit,SXPUSDT,0.00800000,0.00814,1.75,1774044366689
binance,bybit,SXPUSDT,0.00800000,0.00814,1.75,1774044366989
binance,bybit,SXPUSDT,0.00800000,0.00814,1.75,1774044367290
binance,bybit,SXPUSDT,0.00800000,0.00814,1.75,1774044367590
binance,bybit,SXPUSDT,0.00800000,0.00814,1.75,1774044367893
binance,bybit,SXPUSDT,0.00800000,0.00814,1.75,1774044368194
binance,bybit,SXPUSDT,0.00800000,0.00814,1.75,1774044368494
binance,bybit,SXPUSDT,0.00800000,0.00814,1.75,1774044368795
binance,bybit,SXPUSDT,0.00800000,0.00814,1.75,1774044369095
binance,bybit,SXPUSDT,0.00800000,0.00814,1.75,1774044369395
binance,bybit,SXPUSDT,0.00800000,0.00814,1.75,1774044369695
binance,bybit,SXPUSDT,0.00800000,0.00814,1.75,1774044369995
binance,bybit,SXPUSDT,0.00800000,0.00814,1.75,1774044370295
binance,bybit,SXPUSDT,0.00800000,0.00814,1.75,1774044370596
binance,bybit,SXPUSDT,0.00800000,0.00814,1.75,1774044370900
binance,bybit,SXPUSDT,0.00800000,0.00814,1.75,1774044371208
binance,bybit,SXPUSDT,0.00800000,0.00814,1.75,1774044371515
binance,bybit,SXPUSDT,0.00800000,0.00814,1.75,1774044371818
binance,bybit,SXPUSDT,0.00800000,0.00814,1.75,1774044372119
binance,bybit,SXPUSDT,0.00800000,0.00814,1.75,1774044372425
binance,bybit,SXPUSDT,0.00800000,0.00814,1.75,1774044372725
binance,bybit,SXPUSDT,0.00800000,0.00814,1.75,1774044373025
binance,bybit,SXPUSDT,0.00800000,0.00814,1.75,1774044373334
binance,bybit,SXPUSDT,0.00800000,0.00814,1.75,1774044373634
binance,bybit,SXPUSDT,0.00800000,0.00814,1.75,1774044373934
binance,bybit,SXPUSDT,0.00800000,0.00814,1.75,1774044374234
binance,bybit,SXPUSDT,0.00800000,0.00814,1.75,1774044374534
binance,bybit,SXPUSDT,0.00800000,0.00814,1.75,1774044374835
binance,bybit,SXPUSDT,0.00800000,0.00814,1.75,1774044375135
binance,bybit,SXPUSDT,0.00800000,0.00814,1.75,1774044375435
binance,bybit,SXPUSDT,0.00800000,0.00814,1.75,1774044375735
binance,bybit,SXPUSDT,0.00800000,0.00814,1.75,1774044376035
binance,bybit,SXPUSDT,0.00800000,0.00814,1.75,1774044376336
binance,bybit,SXPUSDT,0.00800000,0.00814,1.75,1774044376636
binance,bybit,SXPUSDT,0.00800000,0.00814,1.75,1774044376936
binance,bybit,SXPUSDT,0.00800000,0.00814,1.75,1774044377236
binance,bybit,SXPUSDT,0.00800000,0.00814,1.75,1774044377536
binance,bybit,SXPUSDT,0.00800000,0.00814,1.75,1774044377836
binance,bybit,SXPUSDT,0.00800000,0.00814,1.75,1774044378136
binance,bybit,SXPUSDT,0.00800000,0.00814,1.75,1774044378437
binance,bybit,SXPUSDT,0.00800000,0.00814,1.75,1774044378737
binance,bybit,SXPUSDT,0.00800000,0.00814,1.75,1774044379038
binance,bybit,SXPUSDT,0.00800000,0.00814,1.75,1774044379338
binance,bybit,SXPUSDT,0.00800000,0.00814,1.75,1774044379638
binance,bybit,SXPUSDT,0.00800000,0.00814,1.75,1774044379938
binance,bybit,SXPUSDT,0.00800000,0.00814,1.75,1774044380238
binance,bybit,SXPUSDT,0.00800000,0.00814,1.75,1774044380538
binance,bybit,SXPUSDT,0.00800000,0.00814,1.75,1774044380839
binance,bybit,SXPUSDT,0.00800000,0.00814,1.75,1774044381139
binance,bybit,SXPUSDT,0.00800000,0.00814,1.75,1774044381439
binance,bybit,SXPUSDT,0.00800000,0.00814,1.75,1774044381739
binance,bybit,SXPUSDT,0.00800000,0.00814,1.75,1774044382039
binance,bybit,SXPUSDT,0.00800000,0.00814,1.75,1774044382339
binance,bybit,SXPUSDT,0.00800000,0.00814,1.75,1774044382640
binance,bybit,SXPUSDT,0.00800000,0.00814,1.75,1774044382940
binance,bybit,SXPUSDT,0.00800000,0.00814,1.75,1774044383240
binance,bybit,SXPUSDT,0.00800000,0.00814,1.75,1774044383540
binance,bybit,SXPUSDT,0.00800000,0.00814,1.75,1774044383840
binance,bybit,SXPUSDT,0.00800000,0.00814,1.75,1774044384140
binance,bybit,SXPUSDT,0.00800000,0.00814,1.75,1774044384441
binance,bybit,SXPUSDT,0.00800000,0.00814,1.75,1774044384741
binance,bybit,SXPUSDT,0.00800000,0.00814,1.75,1774044385041
binance,bybit,SXPUSDT,0.00800000,0.00814,1.75,1774044385342
binance,bybit,SXPUSDT,0.00800000,0.00814,1.75,1774044385642
binance,bybit,SXPUSDT,0.00800000,0.00814,1.75,1774044385942
binance,bybit,SXPUSDT,0.00800000,0.00814,1.75,1774044386242
binance,bybit,SXPUSDT,0.00800000,0.00814,1.75,1774044386542
binance,bybit,SXPUSDT,0.00800000,0.00814,1.75,1774044386843
binance,bybit,SXPUSDT,0.00800000,0.00814,1.75,1774044387143
binance,bybit,SXPUSDT,0.00800000,0.00814,1.75,1774044387443
binance,bybit,SXPUSDT,0.00800000,0.00814,1.75,1774044387743
binance,bybit,SXPUSDT,0.00800000,0.00814,1.75,1774044388043
binance,bybit,SXPUSDT,0.00800000,0.00814,1.75,1774044388343
binance,bybit,SXPUSDT,0.00800000,0.00814,1.75,1774044388644
binance,bybit,SXPUSDT,0.00800000,0.00814,1.75,1774044388944
binance,bybit,SXPUSDT,0.00800000,0.00814,1.75,1774044389244
binance,bybit,SXPUSDT,0.00800000,0.00814,1.75,1774044389545
binance,bybit,SXPUSDT,0.00800000,0.00814,1.75,1774044389845
binance,bybit,SXPUSDT,0.00800000,0.00814,1.75,1774044390145
binance,bybit,SXPUSDT,0.00800000,0.00814,1.75,1774044390445
binance,bybit,SXPUSDT,0.00800000,0.00814,1.75,1774044390745
binance,bybit,SXPUSDT,0.00800000,0.00814,1.75,1774044391045
binance,bybit,SXPUSDT,0.00800000,0.00814,1.75,1774044391345
binance,bybit,SXPUSDT,0.00800000,0.00814,1.75,1774044391646
binance,bybit,SXPUSDT,0.00800000,0.00814,1.75,1774044391946
binance,bybit,SXPUSDT,0.00800000,0.00814,1.75,1774044392247
binance,bybit,SXPUSDT,0.00800000,0.00814,1.75,1774044392547
binance,bybit,SXPUSDT,0.00800000,0.00814,1.75,1774044392847
binance,bybit,SXPUSDT,0.00800000,0.00814,1.75,1774044393147
binance,bybit,SXPUSDT,0.00800000,0.00814,1.75,1774044393448
binance,bybit,SXPUSDT,0.00800000,0.00814,1.75,1774044393748
binance,bybit,SXPUSDT,0.00800000,0.00814,1.75,1774044394048
binance,bybit,SXPUSDT,0.00800000,0.00814,1.75,1774044394348
binance,bybit,SXPUSDT,0.00800000,0.00814,1.75,1774044394648
binance,bybit,SXPUSDT,0.00800000,0.00814,1.75,1774044394948
binance,bybit,SXPUSDT,0.00800000,0.00814,1.75,1774044395249
binance,bybit,SXPUSDT,0.00800000,0.00814,1.75,1774044395549
binance,bybit,SXPUSDT,0.00800000,0.00814,1.75,1774044395849
binance,bybit,SXPUSDT,0.00800000,0.00814,1.75,1774044396149
binance,bybit,SXPUSDT,0.00800000,0.00814,1.75,1774044396450
binance,bybit,SXPUSDT,0.00800000,0.00814,1.75,1774044396750
binance,bybit,SXPUSDT,0.00800000,0.00814,1.75,1774044397050
binance,bybit,SXPUSDT,0.00800000,0.00814,1.75,1774044397350
binance,bybit,SXPUSDT,0.00800000,0.00814,1.75,1774044397650
binance,bybit,SXPUSDT,0.00800000,0.00814,1.75,1774044397950
binance,bybit,SXPUSDT,0.00800000,0.00814,1.75,1774044398250
binance,bybit,SXPUSDT,0.00800000,0.00814,1.75,1774044398551
binance,bybit,SXPUSDT,0.00800000,0.00814,1.75,1774044398851
binance,bybit,SXPUSDT,0.00800000,0.00814,1.75,1774044399153
binance,bybit,SXPUSDT,0.00800000,0.00814,1.75,1774044399453
binance,bybit,SXPUSDT,0.00800000,0.00814,1.75,1774044399754
binance,bybit,SXPUSDT,0.00800000,0.00814,1.75,1774044400054
binance,bybit,SXPUSDT,0.00800000,0.00814,1.75,1774044400354
binance,bybit,SXPUSDT,0.00800000,0.00814,1.75,1774044400654
binance,bybit,SXPUSDT,0.00800000,0.00814,1.75,1774044400954
binance,bybit,SXPUSDT,0.00800000,0.00814,1.75,1774044401254
binance,bybit,SXPUSDT,0.00800000,0.00814,1.75,1774044401554
binance,bybit,SXPUSDT,0.00800000,0.00814,1.75,1774044401855
binance,bybit,SXPUSDT,0.00800000,0.00814,1.75,1774044402155
binance,bybit,SXPUSDT,0.00800000,0.00814,1.75,1774044402455
binance,bybit,SXPUSDT,0.00800000,0.00814,1.75,1774044402756
binance,bybit,SXPUSDT,0.00800000,0.00814,1.75,1774044403056
binance,bybit,SXPUSDT,0.00800000,0.00814,1.75,1774044403356
binance,bybit,SXPUSDT,0.00800000,0.00814,1.75,1774044403656
binance,bybit,SXPUSDT,0.00800000,0.00814,1.75,1774044403956
binance,bybit,SXPUSDT,0.00800000,0.00814,1.75,1774044404256
binance,bybit,SXPUSDT,0.00800000,0.00814,1.75,1774044404556
binance,bybit,SXPUSDT,0.00800000,0.00814,1.75,1774044404857
binance,bybit,SXPUSDT,0.00800000,0.00814,1.75,1774044405157
binance,bybit,SXPUSDT,0.00800000,0.00814,1.75,1774044405458
binance,bybit,SXPUSDT,0.00800000,0.00814,1.75,1774044405758
binance,bybit,SXPUSDT,0.00800000,0.00813,1.625,1774044406058
binance,bybit,SXPUSDT,0.00800000,0.00814,1.75,1774044406358
binance,bybit,SXPUSDT,0.00800000,0.00814,1.75,1774044406658
binance,bybit,SXPUSDT,0.00800000,0.00814,1.75,1774044406958
binance,bybit,SXPUSDT,0.00800000,0.00814,1.75,1774044407259
binance,bybit,SXPUSDT,0.00800000,0.00814,1.75,1774044407559
binance,bybit,SXPUSDT,0.00800000,0.00814,1.75,1774044407859
binance,bybit,SXPUSDT,0.00800000,0.00814,1.75,1774044408159
binance,bybit,SXPUSDT,0.00800000,0.00814,1.75,1774044408460
binance,bybit,SXPUSDT,0.00800000,0.00814,1.75,1774044408760
binance,bybit,SXPUSDT,0.00800000,0.00814,1.75,1774044409060
binance,bybit,SXPUSDT,0.00800000,0.00814,1.75,1774044409360
binance,bybit,SXPUSDT,0.00800000,0.00814,1.75,1774044409660
binance,bybit,SXPUSDT,0.00800000,0.00812,1.5,1774044409960
binance,bybit,SXPUSDT,0.00800000,0.00812,1.5,1774044410263
binance,bybit,SXPUSDT,0.00800000,0.00812,1.5,1774044410563
binance,bybit,SXPUSDT,0.00800000,0.00812,1.5,1774044410863
binance,bybit,SXPUSDT,0.00800000,0.00812,1.5,1774044411164
binance,bybit,SXPUSDT,0.00800000,0.00812,1.5,1774044411464
binance,bybit,SXPUSDT,0.00800000,0.00813,1.625,1774044411764
binance,bybit,SXPUSDT,0.00800000,0.00813,1.625,1774044412064
binance,bybit,SXPUSDT,0.00800000,0.00813,1.625,1774044412364
binance,bybit,SXPUSDT,0.00800000,0.00813,1.625,1774044412664
binance,bybit,SXPUSDT,0.00800000,0.00813,1.625,1774044412965
binance,bybit,SXPUSDT,0.00800000,0.00813,1.625,1774044413265
binance,bybit,SXPUSDT,0.00800000,0.00813,1.625,1774044413565
binance,bybit,SXPUSDT,0.00800000,0.00813,1.625,1774044413865
binance,bybit,SXPUSDT,0.00800000,0.00813,1.625,1774044414166
binance,bybit,SXPUSDT,0.00800000,0.00813,1.625,1774044414466
binance,bybit,SXPUSDT,0.00800000,0.00813,1.625,1774044414778
binance,bybit,SXPUSDT,0.00800000,0.00813,1.625,1774044415078
binance,bybit,SXPUSDT,0.00800000,0.00813,1.625,1774044415378
binance,bybit,SXPUSDT,0.00800000,0.00813,1.625,1774044415678
binance,bybit,SXPUSDT,0.00800000,0.00813,1.625,1774044415978
binance,bybit,SXPUSDT,0.00800000,0.00813,1.625,1774044416279
binance,bybit,SXPUSDT,0.00800000,0.00813,1.625,1774044416579
binance,bybit,SXPUSDT,0.00800000,0.00813,1.625,1774044416879
binance,bybit,SXPUSDT,0.00800000,0.00813,1.625,1774044417193
binance,bybit,SXPUSDT,0.00800000,0.00813,1.625,1774044417508
binance,bybit,SXPUSDT,0.00800000,0.00813,1.625,1774044417818
binance,bybit,SXPUSDT,0.00800000,0.00813,1.625,1774044418122
binance,bybit,SXPUSDT,0.00800000,0.00813,1.625,1774044418426
binance,bybit,SXPUSDT,0.00800000,0.00813,1.625,1774044418726
binance,bybit,SXPUSDT,0.00800000,0.00813,1.625,1774044419026
binance,bybit,SXPUSDT,0.00800000,0.00813,1.625,1774044419326
binance,bybit,SXPUSDT,0.00800000,0.00814,1.75,1774044419627
binance,bybit,SXPUSDT,0.00800000,0.00811,1.375,1774044419927
binance,bybit,SXPUSDT,0.00800000,0.00811,1.375,1774044420239
binance,bybit,SXPUSDT,0.00800000,0.00812,1.5,1774044420541
binance,bybit,SXPUSDT,0.00800000,0.00813,1.625,1774044420851
binance,bybit,SXPUSDT,0.00800000,0.00813,1.625,1774044421151
binance,bybit,SXPUSDT,0.00800000,0.00813,1.625,1774044421452
binance,bybit,SXPUSDT,0.00800000,0.00813,1.625,1774044421752
binance,bybit,SXPUSDT,0.00800000,0.00811,1.375,1774044422052
binance,bybit,SXPUSDT,0.00800000,0.00811,1.375,1774044422352
binance,bybit,SXPUSDT,0.00800000,0.00811,1.375,1774044422652
binance,bybit,SXPUSDT,0.00800000,0.00811,1.375,1774044422952
binance,bybit,SXPUSDT,0.00800000,0.00811,1.375,1774044423255
binance,bybit,SXPUSDT,0.00800000,0.00811,1.375,1774044423555
binance,bybit,SXPUSDT,0.00800000,0.00811,1.375,1774044423855
binance,bybit,SXPUSDT,0.00800000,0.00811,1.375,1774044424156
binance,bybit,SXPUSDT,0.00800000,0.00811,1.375,1774044424456
binance,bybit,SXPUSDT,0.00800000,0.00811,1.375,1774044424758
binance,bybit,SXPUSDT,0.00800000,0.00811,1.375,1774044425059
binance,bybit,SXPUSDT,0.00800000,0.00811,1.375,1774044425359
binance,bybit,SXPUSDT,0.00800000,0.00811,1.375,1774044425659
binance,bybit,SXPUSDT,0.00800000,0.00811,1.375,1774044425959
binance,bybit,SXPUSDT,0.00800000,0.00811,1.375,1774044426259
binance,bybit,SXPUSDT,0.00800000,0.00811,1.375,1774044426559
binance,bybit,SXPUSDT,0.00800000,0.00811,1.375,1774044426860
binance,bybit,SXPUSDT,0.00800000,0.00811,1.375,1774044427160
binance,bybit,SXPUSDT,0.00800000,0.00811,1.375,1774044427461
binance,bybit,SXPUSDT,0.00800000,0.00811,1.375,1774044427761
binance,bybit,SXPUSDT,0.00800000,0.00811,1.375,1774044428061
binance,bybit,SXPUSDT,0.00800000,0.00811,1.375,1774044428361
binance,bybit,SXPUSDT,0.00800000,0.00811,1.375,1774044428661
binance,bybit,SXPUSDT,0.00800000,0.00811,1.375,1774044428962
binance,bybit,SXPUSDT,0.00800000,0.00811,1.375,1774044429262
binance,bybit,SXPUSDT,0.00800000,0.00811,1.375,1774044429563
binance,bybit,SXPUSDT,0.00800000,0.00811,1.375,1774044429863
binance,bybit,SXPUSDT,0.00800000,0.00811,1.375,1774044430163
binance,bybit,SXPUSDT,0.00800000,0.00812,1.5,1774044430463
binance,bybit,SXPUSDT,0.00800000,0.00812,1.5,1774044430764
binance,bybit,SXPUSDT,0.00800000,0.00812,1.5,1774044431064
binance,bybit,SXPUSDT,0.00800000,0.00812,1.5,1774044431364
binance,bybit,SXPUSDT,0.00800000,0.00812,1.5,1774044431664
binance,bybit,SXPUSDT,0.00800000,0.00812,1.5,1774044431964
binance,bybit,SXPUSDT,0.00800000,0.00812,1.5,1774044432264
binance,bybit,SXPUSDT,0.00800000,0.00812,1.5,1774044432566
binance,bybit,SXPUSDT,0.00800000,0.00812,1.5,1774044432866
binance,bybit,SXPUSDT,0.00800000,0.00812,1.5,1774044433167
binance,bybit,SXPUSDT,0.00800000,0.00812,1.5,1774044433467
binance,bybit,SXPUSDT,0.00800000,0.00812,1.5,1774044433767
binance,bybit,SXPUSDT,0.00800000,0.00812,1.5,1774044434067
binance,bybit,SXPUSDT,0.00800000,0.00812,1.5,1774044434368
binance,bybit,SXPUSDT,0.00800000,0.00812,1.5,1774044434668
binance,bybit,SXPUSDT,0.00800000,0.00812,1.5,1774044434969
binance,bybit,SXPUSDT,0.00800000,0.00812,1.5,1774044435269
binance,bybit,SXPUSDT,0.00800000,0.00812,1.5,1774044435569
binance,bybit,SXPUSDT,0.00800000,0.00813,1.625,1774044435869
binance,bybit,SXPUSDT,0.00800000,0.00813,1.625,1774044436169
binance,bybit,SXPUSDT,0.00800000,0.00813,1.625,1774044436470
binance,bybit,SXPUSDT,0.00800000,0.00813,1.625,1774044436770
binance,bybit,SXPUSDT,0.00800000,0.00813,1.625,1774044437071
binance,bybit,SXPUSDT,0.00800000,0.00813,1.625,1774044437371
binance,bybit,SXPUSDT,0.00800000,0.00813,1.625,1774044437672
binance,bybit,SXPUSDT,0.00800000,0.00813,1.625,1774044437972
binance,bybit,SXPUSDT,0.00800000,0.00813,1.625,1774044438281
binance,bybit,SXPUSDT,0.00800000,0.00813,1.625,1774044438584
binance,bybit,SXPUSDT,0.00800000,0.00813,1.625,1774044438884
binance,bybit,SXPUSDT,0.00800000,0.00813,1.625,1774044439185
binance,bybit,SXPUSDT,0.00800000,0.00814,1.75,1774044439485
binance,bybit,SXPUSDT,0.00800000,0.00813,1.625,1774044439785
binance,bybit,SXPUSDT,0.00800000,0.00813,1.625,1774044440085
binance,bybit,SXPUSDT,0.00800000,0.00813,1.625,1774044440385
binance,bybit,SXPUSDT,0.00800000,0.00813,1.625,1774044440686
binance,bybit,SXPUSDT,0.00800000,0.00813,1.625,1774044440990
binance,bybit,SXPUSDT,0.00800000,0.00813,1.625,1774044441291
binance,bybit,SXPUSDT,0.00800000,0.00813,1.625,1774044441591
binance,bybit,SXPUSDT,0.00800000,0.00814,1.75,1774044441891
binance,bybit,SXPUSDT,0.00800000,0.00814,1.75,1774044442191
binance,bybit,SXPUSDT,0.00800000,0.00814,1.75,1774044442492
binance,bybit,SXPUSDT,0.00800000,0.00814,1.75,1774044442792
binance,bybit,SXPUSDT,0.00800000,0.00814,1.75,1774044443092
binance,bybit,SXPUSDT,0.00800000,0.00814,1.75,1774044443392
binance,bybit,SXPUSDT,0.00800000,0.00814,1.75,1774044443693
binance,bybit,SXPUSDT,0.00800000,0.00814,1.75,1774044443993
binance,bybit,SXPUSDT,0.00800000,0.00814,1.75,1774044444293
binance,bybit,SXPUSDT,0.00800000,0.00814,1.75,1774044444594
binance,bybit,SXPUSDT,0.00800000,0.00814,1.75,1774044444896
binance,bybit,SXPUSDT,0.00800000,0.00814,1.75,1774044445199
binance,bybit,SXPUSDT,0.00800000,0.00814,1.75,1774044445514
binance,bybit,SXPUSDT,0.00800000,0.00814,1.75,1774044445817
binance,bybit,SXPUSDT,0.00800000,0.00814,1.75,1774044446122
binance,bybit,SXPUSDT,0.00800000,0.00814,1.75,1774044446432
binance,bybit,SXPUSDT,0.00800000,0.00814,1.75,1774044446732
binance,bybit,SXPUSDT,0.00800000,0.00814,1.75,1774044447041
binance,bybit,SXPUSDT,0.00800000,0.00814,1.75,1774044447341
binance,bybit,SXPUSDT,0.00800000,0.00813,1.625,1774044447642
binance,bybit,SXPUSDT,0.00800000,0.00813,1.625,1774044447942
binance,bybit,SXPUSDT,0.00800000,0.00813,1.625,1774044448243
binance,bybit,SXPUSDT,0.00800000,0.00813,1.625,1774044448543
binance,bybit,SXPUSDT,0.00800000,0.00813,1.625,1774044448843
binance,bybit,SXPUSDT,0.00800000,0.00813,1.625,1774044449143
binance,bybit,SXPUSDT,0.00800000,0.00813,1.625,1774044449443
binance,bybit,SXPUSDT,0.00800000,0.00813,1.625,1774044449748
binance,bybit,SXPUSDT,0.00800000,0.00813,1.625,1774044450048
binance,bybit,SXPUSDT,0.00800000,0.00813,1.625,1774044450348
binance,bybit,SXPUSDT,0.00800000,0.00813,1.625,1774044450649
binance,bybit,SXPUSDT,0.00800000,0.00813,1.625,1774044450949
binance,bybit,SXPUSDT,0.00800000,0.00813,1.625,1774044451249
binance,bybit,SXPUSDT,0.00800000,0.00813,1.625,1774044451549
binance,bybit,SXPUSDT,0.00800000,0.00813,1.625,1774044451851
binance,bybit,SXPUSDT,0.00800000,0.00813,1.625,1774044452163
binance,bybit,SXPUSDT,0.00800000,0.00813,1.625,1774044452463
binance,bybit,SXPUSDT,0.00800000,0.00813,1.625,1774044452763
binance,bybit,SXPUSDT,0.00800000,0.00813,1.625,1774044453064
binance,bybit,SXPUSDT,0.00800000,0.00813,1.625,1774044453364
binance,bybit,SXPUSDT,0.00800000,0.00813,1.625,1774044453664
binance,bybit,SXPUSDT,0.00800000,0.00813,1.625,1774044453964
binance,bybit,SXPUSDT,0.00800000,0.00813,1.625,1774044454264
binance,bybit,SXPUSDT,0.00800000,0.00813,1.625,1774044454565
binance,bybit,SXPUSDT,0.00800000,0.00813,1.625,1774044454865
binance,bybit,SXPUSDT,0.00800000,0.00813,1.625,1774044455165
binance,bybit,SXPUSDT,0.00800000,0.00813,1.625,1774044455465
binance,bybit,SXPUSDT,0.00800000,0.00813,1.625,1774044455766
binance,bybit,SXPUSDT,0.00800000,0.00813,1.625,1774044456066
binance,bybit,SXPUSDT,0.00800000,0.00813,1.625,1774044456366
binance,bybit,SXPUSDT,0.00800000,0.00813,1.625,1774044456667
binance,bybit,SXPUSDT,0.00800000,0.00813,1.625,1774044456967
binance,bybit,SXPUSDT,0.00800000,0.00813,1.625,1774044457268
binance,bybit,SXPUSDT,0.00800000,0.00813,1.625,1774044457568
binance,bybit,SXPUSDT,0.00800000,0.00813,1.625,1774044457869
binance,bybit,SXPUSDT,0.00800000,0.00813,1.625,1774044458169
binance,bybit,SXPUSDT,0.00800000,0.00813,1.625,1774044458469
binance,bybit,SXPUSDT,0.00800000,0.00813,1.625,1774044458769
binance,bybit,SXPUSDT,0.00800000,0.00813,1.625,1774044459069
binance,bybit,SXPUSDT,0.00800000,0.00813,1.625,1774044459369
binance,bybit,SXPUSDT,0.00800000,0.00813,1.625,1774044459669
binance,bybit,SXPUSDT,0.00800000,0.00813,1.625,1774044459970
binance,bybit,SXPUSDT,0.00800000,0.00813,1.625,1774044460270
binance,bybit,SXPUSDT,0.00800000,0.00813,1.625,1774044460570
binance,bybit,SXPUSDT,0.00800000,0.00813,1.625,1774044460870
binance,bybit,SXPUSDT,0.00800000,0.00813,1.625,1774044461170
binance,bybit,SXPUSDT,0.00800000,0.00813,1.625,1774044461470
binance,bybit,SXPUSDT,0.00800000,0.00813,1.625,1774044461771
binance,bybit,SXPUSDT,0.00800000,0.00813,1.625,1774044462071
binance,bybit,SXPUSDT,0.00800000,0.00813,1.625,1774044462372
binance,bybit,SXPUSDT,0.00800000,0.00813,1.625,1774044462672
binance,bybit,SXPUSDT,0.00800000,0.00813,1.625,1774044462972
binance,bybit,SXPUSDT,0.00800000,0.00813,1.625,1774044463272
binance,bybit,SXPUSDT,0.00800000,0.00813,1.625,1774044463572
binance,bybit,SXPUSDT,0.00800000,0.00813,1.625,1774044463873
binance,bybit,SXPUSDT,0.00800000,0.00813,1.625,1774044464173
binance,bybit,SXPUSDT,0.00800000,0.00813,1.625,1774044464473
binance,bybit,SXPUSDT,0.00800000,0.00813,1.625,1774044464774
binance,bybit,SXPUSDT,0.00800000,0.00813,1.625,1774044465074
binance,bybit,SXPUSDT,0.00800000,0.00813,1.625,1774044465374
