spot_exch,fut_exch,symbol,ask_spot,bid_futures,spread_pct,ts
gate,bybit,VANRYUSDT,0.005684,0.006102,7.354,1774043222000
gate,bybit,VANRYUSDT,0.005683,0.006102,7.3729,1774043222946
gate,bybit,VANRYUSDT,0.005683,0.006102,7.3729,1774043223246
gate,bybit,VANRYUSDT,0.005683,0.006102,7.3729,1774043223546
gate,bybit,VANRYUSDT,0.005683,0.006102,7.3729,1774043223847
gate,bybit,VANRYUSDT,0.005683,0.006102,7.3729,1774043224147
gate,bybit,VANRYUSDT,0.005683,0.006102,7.3729,1774043224447
gate,bybit,VANRYUSDT,0.005683,0.006102,7.3729,1774043224747
gate,bybit,VANRYUSDT,0.005683,0.006102,7.3729,1774043225048
gate,bybit,VANRYUSDT,0.005683,0.006102,7.3729,1774043225348
gate,bybit,VANRYUSDT,0.005683,0.006102,7.3729,1774043225648
gate,bybit,VANRYUSDT,0.005683,0.006102,7.3729,1774043225948
gate,bybit,VANRYUSDT,0.005683,0.006102,7.3729,1774043226248
gate,bybit,VANRYUSDT,0.005683,0.006102,7.3729,1774043226548
gate,bybit,VANRYUSDT,0.005683,0.006102,7.3729,1774043226848
gate,bybit,VANRYUSDT,0.005683,0.006102,7.3729,1774043227148
gate,bybit,VANRYUSDT,0.005683,0.006102,7.3729,1774043227449
gate,bybit,VANRYUSDT,0.005683,0.006102,7.3729,1774043227749
gate,bybit,VANRYUSDT,0.005683,0.006102,7.3729,1774043228049
gate,bybit,VANRYUSDT,0.005683,0.006102,7.3729,1774043228350
gate,bybit,VANRYUSDT,0.005683,0.006102,7.3729,1774043228650
gate,bybit,VANRYUSDT,0.005683,0.006102,7.3729,1774043228950
gate,bybit,VANRYUSDT,0.005683,0.006102,7.3729,1774043229251
gate,bybit,VANRYUSDT,0.005683,0.006102,7.3729,1774043229551
gate,bybit,VANRYUSDT,0.005683,0.006102,7.3729,1774043229852
gate,bybit,VANRYUSDT,0.005683,0.006102,7.3729,1774043230152
gate,bybit,VANRYUSDT,0.005683,0.006102,7.3729,1774043230453
gate,bybit,VANRYUSDT,0.005683,0.006102,7.3729,1774043230753
gate,bybit,VANRYUSDT,0.005683,0.006102,7.3729,1774043231053
gate,bybit,VANRYUSDT,0.005683,0.006102,7.3729,1774043231353
gate,bybit,VANRYUSDT,0.005683,0.006102,7.3729,1774043231654
gate,bybit,VANRYUSDT,0.005683,0.006102,7.3729,1774043231954
gate,bybit,VANRYUSDT,0.005683,0.006102,7.3729,1774043232254
gate,bybit,VANRYUSDT,0.005683,0.006102,7.3729,1774043232555
gate,bybit,VANRYUSDT,0.005683,0.006102,7.3729,1774043232855
gate,bybit,VANRYUSDT,0.005683,0.006102,7.3729,1774043233155
gate,bybit,VANRYUSDT,0.005683,0.006102,7.3729,1774043233455
gate,bybit,VANRYUSDT,0.005683,0.006102,7.3729,1774043233756
gate,bybit,VANRYUSDT,0.005683,0.006102,7.3729,1774043234057
gate,bybit,VANRYUSDT,0.005683,0.006102,7.3729,1774043234357
gate,bybit,VANRYUSDT,0.005683,0.006102,7.3729,1774043234658
gate,bybit,VANRYUSDT,0.005683,0.006102,7.3729,1774043234958
gate,bybit,VANRYUSDT,0.005683,0.006102,7.3729,1774043235259
gate,bybit,VANRYUSDT,0.005683,0.006102,7.3729,1774043235559
gate,bybit,VANRYUSDT,0.005683,0.006102,7.3729,1774043235859
gate,bybit,VANRYUSDT,0.005683,0.006102,7.3729,1774043236159
gate,bybit,VANRYUSDT,0.005683,0.006102,7.3729,1774043236459
gate,bybit,VANRYUSDT,0.005683,0.006102,7.3729,1774043236759
gate,bybit,VANRYUSDT,0.005683,0.006102,7.3729,1774043237059
gate,bybit,VANRYUSDT,0.005683,0.006102,7.3729,1774043237359
gate,bybit,VANRYUSDT,0.005683,0.006102,7.3729,1774043237660
gate,bybit,VANRYUSDT,0.005683,0.006102,7.3729,1774043237960
gate,bybit,VANRYUSDT,0.005683,0.006102,7.3729,1774043238260
gate,bybit,VANRYUSDT,0.005683,0.006102,7.3729,1774043238560
gate,bybit,VANRYUSDT,0.005683,0.006102,7.3729,1774043238860
gate,bybit,VANRYUSDT,0.005683,0.006102,7.3729,1774043239160
gate,bybit,VANRYUSDT,0.005683,0.006102,7.3729,1774043239460
gate,bybit,VANRYUSDT,0.005683,0.006102,7.3729,1774043239761
gate,bybit,VANRYUSDT,0.005683,0.006102,7.3729,1774043240061
gate,bybit,VANRYUSDT,0.005683,0.006102,7.3729,1774043240361
gate,bybit,VANRYUSDT,0.005683,0.006102,7.3729,1774043240661
gate,bybit,VANRYUSDT,0.005683,0.006102,7.3729,1774043240961
gate,bybit,VANRYUSDT,0.005683,0.006102,7.3729,1774043241262
gate,bybit,VANRYUSDT,0.005683,0.006102,7.3729,1774043241562
gate,bybit,VANRYUSDT,0.005683,0.006102,7.3729,1774043241862
gate,bybit,VANRYUSDT,0.005683,0.006102,7.3729,1774043242162
gate,bybit,VANRYUSDT,0.005683,0.006102,7.3729,1774043242462
gate,bybit,VANRYUSDT,0.005683,0.006102,7.3729,1774043242762
gate,bybit,VANRYUSDT,0.005683,0.006102,7.3729,1774043243062
gate,bybit,VANRYUSDT,0.005683,0.006102,7.3729,1774043243365
gate,bybit,VANRYUSDT,0.005683,0.006102,7.3729,1774043243665
gate,bybit,VANRYUSDT,0.005683,0.006102,7.3729,1774043243965
gate,bybit,VANRYUSDT,0.005683,0.006102,7.3729,1774043244265
gate,bybit,VANRYUSDT,0.005683,0.006102,7.3729,1774043244565
gate,bybit,VANRYUSDT,0.005683,0.006102,7.3729,1774043244865
gate,bybit,VANRYUSDT,0.005683,0.006102,7.3729,1774043245166
gate,bybit,VANRYUSDT,0.005683,0.006102,7.3729,1774043245466
gate,bybit,VANRYUSDT,0.005683,0.006102,7.3729,1774043245766
gate,bybit,VANRYUSDT,0.005683,0.006102,7.3729,1774043246066
gate,bybit,VANRYUSDT,0.005683,0.006102,7.3729,1774043246366
gate,bybit,VANRYUSDT,0.005683,0.006102,7.3729,1774043246667
gate,bybit,VANRYUSDT,0.005682,0.006102,7.3918,1774043246967
gate,bybit,VANRYUSDT,0.005683,0.006102,7.3729,1774043247267
gate,bybit,VANRYUSDT,0.005683,0.006102,7.3729,1774043247567
gate,bybit,VANRYUSDT,0.005683,0.006102,7.3729,1774043247867
gate,bybit,VANRYUSDT,0.005683,0.006102,7.3729,1774043248168
gate,bybit,VANRYUSDT,0.005683,0.006102,7.3729,1774043248468
gate,bybit,VANRYUSDT,0.005683,0.006102,7.3729,1774043248768
gate,bybit,VANRYUSDT,0.005683,0.006102,7.3729,1774043249068
gate,bybit,VANRYUSDT,0.005683,0.006102,7.3729,1774043249368
gate,bybit,VANRYUSDT,0.005683,0.006102,7.3729,1774043249668
gate,bybit,VANRYUSDT,0.005683,0.006102,7.3729,1774043249969
gate,bybit,VANRYUSDT,0.005683,0.006102,7.3729,1774043250269
gate,bybit,VANRYUSDT,0.005683,0.006102,7.3729,1774043250569
gate,bybit,VANRYUSDT,0.005683,0.006102,7.3729,1774043250870
gate,bybit,VANRYUSDT,0.005683,0.006102,7.3729,1774043251170
gate,bybit,VANRYUSDT,0.005683,0.006102,7.3729,1774043251470
gate,bybit,VANRYUSDT,0.005683,0.006102,7.3729,1774043251770
gate,bybit,VANRYUSDT,0.005683,0.006102,7.3729,1774043252070
gate,bybit,VANRYUSDT,0.005683,0.006102,7.3729,1774043252371
gate,bybit,VANRYUSDT,0.005683,0.006102,7.3729,1774043252671
gate,bybit,VANRYUSDT,0.005682,0.006102,7.3918,1774043252971
gate,bybit,VANRYUSDT,0.005682,0.006102,7.3918,1774043253272
gate,bybit,VANRYUSDT,0.005682,0.006102,7.3918,1774043253572
gate,bybit,VANRYUSDT,0.005682,0.006102,7.3918,1774043253872
gate,bybit,VANRYUSDT,0.005683,0.006102,7.3729,1774043254172
gate,bybit,VANRYUSDT,0.005683,0.006102,7.3729,1774043254473
gate,bybit,VANRYUSDT,0.005683,0.006102,7.3729,1774043254773
gate,bybit,VANRYUSDT,0.005683,0.006102,7.3729,1774043255073
gate,bybit,VANRYUSDT,0.005683,0.006102,7.3729,1774043255373
gate,bybit,VANRYUSDT,0.005683,0.006102,7.3729,1774043255673
gate,bybit,VANRYUSDT,0.005683,0.006102,7.3729,1774043255974
gate,bybit,VANRYUSDT,0.005683,0.006102,7.3729,1774043256274
gate,bybit,VANRYUSDT,0.005683,0.006102,7.3729,1774043256574
gate,bybit,VANRYUSDT,0.005683,0.006102,7.3729,1774043256874
gate,bybit,VANRYUSDT,0.005683,0.006102,7.3729,1774043257174
gate,bybit,VANRYUSDT,0.005683,0.006102,7.3729,1774043257478
gate,bybit,VANRYUSDT,0.005683,0.006102,7.3729,1774043257779
gate,bybit,VANRYUSDT,0.005683,0.006102,7.3729,1774043258079
gate,bybit,VANRYUSDT,0.005683,0.006102,7.3729,1774043258379
gate,bybit,VANRYUSDT,0.005683,0.006102,7.3729,1774043258679
gate,bybit,VANRYUSDT,0.005683,0.006102,7.3729,1774043258980
gate,bybit,VANRYUSDT,0.005683,0.006102,7.3729,1774043259280
gate,bybit,VANRYUSDT,0.005683,0.006102,7.3729,1774043259580
gate,bybit,VANRYUSDT,0.005683,0.006102,7.3729,1774043259881
gate,bybit,VANRYUSDT,0.005683,0.006102,7.3729,1774043260181
gate,bybit,VANRYUSDT,0.005683,0.006102,7.3729,1774043260482
gate,bybit,VANRYUSDT,0.005683,0.006102,7.3729,1774043260782
gate,bybit,VANRYUSDT,0.005683,0.006102,7.3729,1774043261083
gate,bybit,VANRYUSDT,0.005683,0.006102,7.3729,1774043261383
gate,bybit,VANRYUSDT,0.005683,0.006102,7.3729,1774043261683
gate,bybit,VANRYUSDT,0.005683,0.006102,7.3729,1774043261983
gate,bybit,VANRYUSDT,0.005683,0.006102,7.3729,1774043262283
gate,bybit,VANRYUSDT,0.005683,0.006102,7.3729,1774043262583
gate,bybit,VANRYUSDT,0.005683,0.006102,7.3729,1774043262883
gate,bybit,VANRYUSDT,0.005683,0.006102,7.3729,1774043263183
gate,bybit,VANRYUSDT,0.005683,0.006102,7.3729,1774043263483
gate,bybit,VANRYUSDT,0.005683,0.006102,7.3729,1774043263783
gate,bybit,VANRYUSDT,0.005683,0.006102,7.3729,1774043264084
gate,bybit,VANRYUSDT,0.005683,0.006102,7.3729,1774043264384
gate,bybit,VANRYUSDT,0.005683,0.006102,7.3729,1774043264684
gate,bybit,VANRYUSDT,0.005683,0.006102,7.3729,1774043264984
gate,bybit,VANRYUSDT,0.005683,0.006102,7.3729,1774043265284
gate,bybit,VANRYUSDT,0.005683,0.006102,7.3729,1774043265584
gate,bybit,VANRYUSDT,0.005683,0.006102,7.3729,1774043265884
gate,bybit,VANRYUSDT,0.005683,0.006102,7.3729,1774043266185
gate,bybit,VANRYUSDT,0.005683,0.006102,7.3729,1774043266485
gate,bybit,VANRYUSDT,0.005683,0.006102,7.3729,1774043266785
gate,bybit,VANRYUSDT,0.005683,0.006102,7.3729,1774043267086
gate,bybit,VANRYUSDT,0.005683,0.006102,7.3729,1774043267386
gate,bybit,VANRYUSDT,0.005683,0.006102,7.3729,1774043267686
gate,bybit,VANRYUSDT,0.005683,0.006102,7.3729,1774043267987
gate,bybit,VANRYUSDT,0.005683,0.006102,7.3729,1774043268287
gate,bybit,VANRYUSDT,0.005683,0.006102,7.3729,1774043268588
gate,bybit,VANRYUSDT,0.005683,0.006102,7.3729,1774043268888
gate,bybit,VANRYUSDT,0.005683,0.006102,7.3729,1774043269188
gate,bybit,VANRYUSDT,0.005683,0.006102,7.3729,1774043269488
gate,bybit,VANRYUSDT,0.005683,0.006102,7.3729,1774043269788
gate,bybit,VANRYUSDT,0.005683,0.006102,7.3729,1774043270088
gate,bybit,VANRYUSDT,0.005683,0.006102,7.3729,1774043270388
gate,bybit,VANRYUSDT,0.005683,0.006102,7.3729,1774043270689
gate,bybit,VANRYUSDT,0.005683,0.006102,7.3729,1774043270989
gate,bybit,VANRYUSDT,0.005683,0.006102,7.3729,1774043271289
gate,bybit,VANRYUSDT,0.005683,0.006102,7.3729,1774043271589
gate,bybit,VANRYUSDT,0.005683,0.006102,7.3729,1774043271889
gate,bybit,VANRYUSDT,0.005683,0.006102,7.3729,1774043272189
gate,bybit,VANRYUSDT,0.005683,0.006102,7.3729,1774043272490
gate,bybit,VANRYUSDT,0.005683,0.006102,7.3729,1774043272791
gate,bybit,VANRYUSDT,0.005683,0.006102,7.3729,1774043273091
gate,bybit,VANRYUSDT,0.005683,0.006102,7.3729,1774043273391
gate,bybit,VANRYUSDT,0.005683,0.006102,7.3729,1774043273692
gate,bybit,VANRYUSDT,0.005683,0.006102,7.3729,1774043273992
gate,bybit,VANRYUSDT,0.005683,0.006102,7.3729,1774043274292
gate,bybit,VANRYUSDT,0.005683,0.006102,7.3729,1774043274592
gate,bybit,VANRYUSDT,0.005683,0.006102,7.3729,1774043274893
gate,bybit,VANRYUSDT,0.005683,0.006102,7.3729,1774043275193
gate,bybit,VANRYUSDT,0.005683,0.006102,7.3729,1774043275493
gate,bybit,VANRYUSDT,0.005683,0.006102,7.3729,1774043275793
gate,bybit,VANRYUSDT,0.005683,0.006102,7.3729,1774043276094
gate,bybit,VANRYUSDT,0.005683,0.006102,7.3729,1774043276394
gate,bybit,VANRYUSDT,0.005683,0.006102,7.3729,1774043276694
gate,bybit,VANRYUSDT,0.005683,0.006102,7.3729,1774043276994
gate,bybit,VANRYUSDT,0.005683,0.006102,7.3729,1774043277294
gate,bybit,VANRYUSDT,0.005683,0.006102,7.3729,1774043277595
gate,bybit,VANRYUSDT,0.005683,0.006102,7.3729,1774043277895
gate,bybit,VANRYUSDT,0.005683,0.006102,7.3729,1774043278196
gate,bybit,VANRYUSDT,0.005682,0.006102,7.3918,1774043278500
gate,bybit,VANRYUSDT,0.005682,0.006102,7.3918,1774043278803
gate,bybit,VANRYUSDT,0.005682,0.006102,7.3918,1774043279109
gate,bybit,VANRYUSDT,0.005682,0.006102,7.3918,1774043279412
gate,bybit,VANRYUSDT,0.005682,0.006102,7.3918,1774043279712
gate,bybit,VANRYUSDT,0.005682,0.006102,7.3918,1774043280013
gate,bybit,VANRYUSDT,0.005682,0.006102,7.3918,1774043280314
gate,bybit,VANRYUSDT,0.005682,0.006102,7.3918,1774043280618
gate,bybit,VANRYUSDT,0.005682,0.006102,7.3918,1774043280924
gate,bybit,VANRYUSDT,0.005682,0.006102,7.3918,1774043281226
gate,bybit,VANRYUSDT,0.005682,0.006102,7.3918,1774043281527
gate,bybit,VANRYUSDT,0.005682,0.006102,7.3918,1774043281827
gate,bybit,VANRYUSDT,0.005682,0.006102,7.3918,1774043282127
gate,bybit,VANRYUSDT,0.005682,0.006102,7.3918,1774043282427
gate,bybit,VANRYUSDT,0.005682,0.006102,7.3918,1774043282727
gate,bybit,VANRYUSDT,0.005682,0.006102,7.3918,1774043283027
gate,bybit,VANRYUSDT,0.005682,0.006102,7.3918,1774043283328
gate,bybit,VANRYUSDT,0.005682,0.006102,7.3918,1774043283628
gate,bybit,VANRYUSDT,0.005682,0.006102,7.3918,1774043283928
gate,bybit,VANRYUSDT,0.005682,0.006102,7.3918,1774043284228
gate,bybit,VANRYUSDT,0.005682,0.006102,7.3918,1774043284528
gate,bybit,VANRYUSDT,0.005682,0.006102,7.3918,1774043284828
gate,bybit,VANRYUSDT,0.005682,0.006102,7.3918,1774043285129
gate,bybit,VANRYUSDT,0.005682,0.006102,7.3918,1774043285429
gate,bybit,VANRYUSDT,0.005682,0.006102,7.3918,1774043285729
gate,bybit,VANRYUSDT,0.005682,0.006102,7.3918,1774043286030
gate,bybit,VANRYUSDT,0.005682,0.006102,7.3918,1774043286330
gate,bybit,VANRYUSDT,0.005682,0.006102,7.3918,1774043286630
gate,bybit,VANRYUSDT,0.005682,0.006102,7.3918,1774043286930
gate,bybit,VANRYUSDT,0.005682,0.006102,7.3918,1774043287230
gate,bybit,VANRYUSDT,0.005682,0.006102,7.3918,1774043287530
gate,bybit,VANRYUSDT,0.005682,0.006102,7.3918,1774043287831
gate,bybit,VANRYUSDT,0.005682,0.006102,7.3918,1774043288131
gate,bybit,VANRYUSDT,0.005682,0.006102,7.3918,1774043288431
gate,bybit,VANRYUSDT,0.005682,0.006102,7.3918,1774043288731
gate,bybit,VANRYUSDT,0.005682,0.006102,7.3918,1774043289032
gate,bybit,VANRYUSDT,0.005682,0.006102,7.3918,1774043289332
gate,bybit,VANRYUSDT,0.005682,0.006102,7.3918,1774043289633
gate,bybit,VANRYUSDT,0.005682,0.006102,7.3918,1774043289933
gate,bybit,VANRYUSDT,0.005682,0.006102,7.3918,1774043290233
gate,bybit,VANRYUSDT,0.005682,0.006102,7.3918,1774043290533
gate,bybit,VANRYUSDT,0.005682,0.006102,7.3918,1774043290834
gate,bybit,VANRYUSDT,0.005682,0.006102,7.3918,1774043291134
gate,bybit,VANRYUSDT,0.005682,0.006102,7.3918,1774043291434
gate,bybit,VANRYUSDT,0.005682,0.006102,7.3918,1774043291734
gate,bybit,VANRYUSDT,0.005682,0.006102,7.3918,1774043292034
gate,bybit,VANRYUSDT,0.005682,0.006102,7.3918,1774043292335
gate,bybit,VANRYUSDT,0.005682,0.006102,7.3918,1774043292635
gate,bybit,VANRYUSDT,0.005682,0.006102,7.3918,1774043292935
gate,bybit,VANRYUSDT,0.005682,0.006102,7.3918,1774043293235
gate,bybit,VANRYUSDT,0.005682,0.006102,7.3918,1774043293535
gate,bybit,VANRYUSDT,0.005682,0.006102,7.3918,1774043293835
gate,bybit,VANRYUSDT,0.005682,0.006102,7.3918,1774043294136
gate,bybit,VANRYUSDT,0.005682,0.006102,7.3918,1774043294436
gate,bybit,VANRYUSDT,0.005682,0.006102,7.3918,1774043294736
gate,bybit,VANRYUSDT,0.005682,0.006102,7.3918,1774043295037
gate,bybit,VANRYUSDT,0.005682,0.006102,7.3918,1774043295337
gate,bybit,VANRYUSDT,0.005682,0.006102,7.3918,1774043295637
gate,bybit,VANRYUSDT,0.005682,0.006102,7.3918,1774043295937
gate,bybit,VANRYUSDT,0.005682,0.006102,7.3918,1774043296238
gate,bybit,VANRYUSDT,0.005682,0.006102,7.3918,1774043296538
gate,bybit,VANRYUSDT,0.005682,0.006102,7.3918,1774043296839
gate,bybit,VANRYUSDT,0.005682,0.006102,7.3918,1774043297139
gate,bybit,VANRYUSDT,0.005682,0.006102,7.3918,1774043297439
gate,bybit,VANRYUSDT,0.005682,0.006102,7.3918,1774043297739
gate,bybit,VANRYUSDT,0.005682,0.006102,7.3918,1774043298039
gate,bybit,VANRYUSDT,0.005682,0.006102,7.3918,1774043298339
gate,bybit,VANRYUSDT,0.005682,0.006102,7.3918,1774043298640
gate,bybit,VANRYUSDT,0.005682,0.006102,7.3918,1774043298940
gate,bybit,VANRYUSDT,0.005682,0.006102,7.3918,1774043299240
gate,bybit,VANRYUSDT,0.005682,0.006102,7.3918,1774043299540
gate,bybit,VANRYUSDT,0.005682,0.006102,7.3918,1774043299840
gate,bybit,VANRYUSDT,0.005682,0.006102,7.3918,1774043300141
gate,bybit,VANRYUSDT,0.005682,0.006102,7.3918,1774043300441
gate,bybit,VANRYUSDT,0.005682,0.006102,7.3918,1774043300742
gate,bybit,VANRYUSDT,0.005682,0.006102,7.3918,1774043301042
gate,bybit,VANRYUSDT,0.005682,0.006102,7.3918,1774043301342
gate,bybit,VANRYUSDT,0.005682,0.006102,7.3918,1774043301642
gate,bybit,VANRYUSDT,0.005682,0.006102,7.3918,1774043301942
gate,bybit,VANRYUSDT,0.005682,0.006102,7.3918,1774043302242
gate,bybit,VANRYUSDT,0.005682,0.006102,7.3918,1774043302542
gate,bybit,VANRYUSDT,0.005682,0.006102,7.3918,1774043302843
gate,bybit,VANRYUSDT,0.005682,0.006102,7.3918,1774043303143
gate,bybit,VANRYUSDT,0.005682,0.006102,7.3918,1774043303443
gate,bybit,VANRYUSDT,0.005682,0.006102,7.3918,1774043303743
gate,bybit,VANRYUSDT,0.005682,0.006102,7.3918,1774043304043
gate,bybit,VANRYUSDT,0.005682,0.006102,7.3918,1774043304344
gate,bybit,VANRYUSDT,0.005682,0.006102,7.3918,1774043304644
gate,bybit,VANRYUSDT,0.005682,0.006102,7.3918,1774043304944
gate,bybit,VANRYUSDT,0.005682,0.006102,7.3918,1774043305244
gate,bybit,VANRYUSDT,0.005682,0.006102,7.3918,1774043305545
gate,bybit,VANRYUSDT,0.005682,0.006102,7.3918,1774043305845
gate,bybit,VANRYUSDT,0.005682,0.006102,7.3918,1774043306146
gate,bybit,VANRYUSDT,0.005682,0.006102,7.3918,1774043306446
gate,bybit,VANRYUSDT,0.005682,0.006102,7.3918,1774043306746
gate,bybit,VANRYUSDT,0.005682,0.006102,7.3918,1774043307046
gate,bybit,VANRYUSDT,0.005682,0.006102,7.3918,1774043307347
gate,bybit,VANRYUSDT,0.005682,0.006102,7.3918,1774043307647
gate,bybit,VANRYUSDT,0.005682,0.006102,7.3918,1774043307947
gate,bybit,VANRYUSDT,0.005682,0.006102,7.3918,1774043308247
gate,bybit,VANRYUSDT,0.005682,0.006102,7.3918,1774043308547
gate,bybit,VANRYUSDT,0.005682,0.006102,7.3918,1774043308848
gate,bybit,VANRYUSDT,0.005682,0.006102,7.3918,1774043309148
gate,bybit,VANRYUSDT,0.005682,0.006102,7.3918,1774043309448
gate,bybit,VANRYUSDT,0.005682,0.006102,7.3918,1774043309748
gate,bybit,VANRYUSDT,0.005682,0.006102,7.3918,1774043310048
gate,bybit,VANRYUSDT,0.005682,0.006102,7.3918,1774043310349
gate,bybit,VANRYUSDT,0.005682,0.006102,7.3918,1774043310649
gate,bybit,VANRYUSDT,0.005682,0.006102,7.3918,1774043310949
gate,bybit,VANRYUSDT,0.005682,0.006102,7.3918,1774043311249
gate,bybit,VANRYUSDT,0.005682,0.006102,7.3918,1774043311551
gate,bybit,VANRYUSDT,0.005682,0.006102,7.3918,1774043311852
gate,bybit,VANRYUSDT,0.005682,0.006102,7.3918,1774043312152
gate,bybit,VANRYUSDT,0.005682,0.006102,7.3918,1774043312452
gate,bybit,VANRYUSDT,0.005682,0.006102,7.3918,1774043312752
gate,bybit,VANRYUSDT,0.005682,0.006102,7.3918,1774043313053
gate,bybit,VANRYUSDT,0.005682,0.006102,7.3918,1774043313353
gate,bybit,VANRYUSDT,0.005682,0.006102,7.3918,1774043313654
gate,bybit,VANRYUSDT,0.005682,0.006102,7.3918,1774043313954
gate,bybit,VANRYUSDT,0.005682,0.006102,7.3918,1774043314254
gate,bybit,VANRYUSDT,0.005682,0.006102,7.3918,1774043314554
gate,bybit,VANRYUSDT,0.005682,0.006102,7.3918,1774043314855
gate,bybit,VANRYUSDT,0.005682,0.006102,7.3918,1774043315155
gate,bybit,VANRYUSDT,0.005682,0.006102,7.3918,1774043315455
gate,bybit,VANRYUSDT,0.005682,0.006102,7.3918,1774043315756
gate,bybit,VANRYUSDT,0.005682,0.006102,7.3918,1774043316056
gate,bybit,VANRYUSDT,0.005682,0.006102,7.3918,1774043316356
gate,bybit,VANRYUSDT,0.005682,0.006102,7.3918,1774043316656
gate,bybit,VANRYUSDT,0.005682,0.006102,7.3918,1774043316956
gate,bybit,VANRYUSDT,0.005682,0.006102,7.3918,1774043317256
gate,bybit,VANRYUSDT,0.005682,0.006102,7.3918,1774043317557
gate,bybit,VANRYUSDT,0.005682,0.006102,7.3918,1774043317857
gate,bybit,VANRYUSDT,0.005682,0.006102,7.3918,1774043318157
gate,bybit,VANRYUSDT,0.005681,0.006102,7.4107,1774043318457
gate,bybit,VANRYUSDT,0.005681,0.006102,7.4107,1774043318758
gate,bybit,VANRYUSDT,0.005681,0.006102,7.4107,1774043319058
gate,bybit,VANRYUSDT,0.005681,0.006102,7.4107,1774043319358
gate,bybit,VANRYUSDT,0.005681,0.006102,7.4107,1774043319658
gate,bybit,VANRYUSDT,0.005681,0.006102,7.4107,1774043319958
gate,bybit,VANRYUSDT,0.005681,0.006102,7.4107,1774043320258
gate,bybit,VANRYUSDT,0.005681,0.006102,7.4107,1774043320558
gate,bybit,VANRYUSDT,0.005681,0.006102,7.4107,1774043320859
gate,bybit,VANRYUSDT,0.005681,0.006102,7.4107,1774043321159
gate,bybit,VANRYUSDT,0.005681,0.006102,7.4107,1774043321460
gate,bybit,VANRYUSDT,0.005681,0.006102,7.4107,1774043321760
gate,bybit,VANRYUSDT,0.005681,0.006102,7.4107,1774043322060
gate,bybit,VANRYUSDT,0.005681,0.006102,7.4107,1774043322360
gate,bybit,VANRYUSDT,0.005681,0.006102,7.4107,1774043322660
gate,bybit,VANRYUSDT,0.005681,0.006102,7.4107,1774043322960
gate,bybit,VANRYUSDT,0.005681,0.006102,7.4107,1774043323261
gate,bybit,VANRYUSDT,0.005681,0.006102,7.4107,1774043323561
gate,bybit,VANRYUSDT,0.005681,0.006102,7.4107,1774043323862
gate,bybit,VANRYUSDT,0.005681,0.006102,7.4107,1774043324162
gate,bybit,VANRYUSDT,0.005681,0.006102,7.4107,1774043324462
gate,bybit,VANRYUSDT,0.005681,0.006102,7.4107,1774043324762
gate,bybit,VANRYUSDT,0.005681,0.006102,7.4107,1774043325063
gate,bybit,VANRYUSDT,0.005681,0.006102,7.4107,1774043325363
gate,bybit,VANRYUSDT,0.005681,0.006102,7.4107,1774043325663
gate,bybit,VANRYUSDT,0.005681,0.006102,7.4107,1774043325963
gate,bybit,VANRYUSDT,0.005681,0.006102,7.4107,1774043326263
gate,bybit,VANRYUSDT,0.005681,0.006102,7.4107,1774043326564
gate,bybit,VANRYUSDT,0.005681,0.006102,7.4107,1774043326864
gate,bybit,VANRYUSDT,0.005681,0.006102,7.4107,1774043327164
gate,bybit,VANRYUSDT,0.005681,0.006102,7.4107,1774043327465
gate,bybit,VANRYUSDT,0.005681,0.006102,7.4107,1774043327765
gate,bybit,VANRYUSDT,0.005681,0.006102,7.4107,1774043328065
gate,bybit,VANRYUSDT,0.005681,0.006102,7.4107,1774043328365
gate,bybit,VANRYUSDT,0.005681,0.006102,7.4107,1774043328665
gate,bybit,VANRYUSDT,0.005681,0.006102,7.4107,1774043328965
gate,bybit,VANRYUSDT,0.005681,0.006102,7.4107,1774043329266
gate,bybit,VANRYUSDT,0.005681,0.006102,7.4107,1774043329566
gate,bybit,VANRYUSDT,0.005681,0.006102,7.4107,1774043329866
gate,bybit,VANRYUSDT,0.005681,0.006102,7.4107,1774043330167
gate,bybit,VANRYUSDT,0.005681,0.006102,7.4107,1774043330467
gate,bybit,VANRYUSDT,0.005681,0.006102,7.4107,1774043330767
gate,bybit,VANRYUSDT,0.005681,0.006102,7.4107,1774043331067
gate,bybit,VANRYUSDT,0.005681,0.006102,7.4107,1774043331368
gate,bybit,VANRYUSDT,0.005681,0.006102,7.4107,1774043331668
gate,bybit,VANRYUSDT,0.005681,0.006102,7.4107,1774043331968
gate,bybit,VANRYUSDT,0.005681,0.006102,7.4107,1774043332268
gate,bybit,VANRYUSDT,0.005681,0.006102,7.4107,1774043332569
gate,bybit,VANRYUSDT,0.005681,0.006102,7.4107,1774043332869
gate,bybit,VANRYUSDT,0.005681,0.006102,7.4107,1774043333170
gate,bybit,VANRYUSDT,0.005681,0.006102,7.4107,1774043333470
gate,bybit,VANRYUSDT,0.005681,0.006102,7.4107,1774043333770
gate,bybit,VANRYUSDT,0.005681,0.006102,7.4107,1774043334070
gate,bybit,VANRYUSDT,0.005681,0.006102,7.4107,1774043334371
gate,bybit,VANRYUSDT,0.005681,0.006102,7.4107,1774043334671
gate,bybit,VANRYUSDT,0.005681,0.006102,7.4107,1774043334971
gate,bybit,VANRYUSDT,0.005681,0.006102,7.4107,1774043335271
gate,bybit,VANRYUSDT,0.005681,0.006102,7.4107,1774043335572
gate,bybit,VANRYUSDT,0.005681,0.006102,7.4107,1774043335872
gate,bybit,VANRYUSDT,0.005681,0.006102,7.4107,1774043336172
gate,bybit,VANRYUSDT,0.005681,0.006102,7.4107,1774043336472
gate,bybit,VANRYUSDT,0.005681,0.006102,7.4107,1774043336773
gate,bybit,VANRYUSDT,0.005681,0.006102,7.4107,1774043337073
gate,bybit,VANRYUSDT,0.005681,0.006102,7.4107,1774043337373
gate,bybit,VANRYUSDT,0.005681,0.006102,7.4107,1774043337673
gate,bybit,VANRYUSDT,0.005681,0.006102,7.4107,1774043337974
gate,bybit,VANRYUSDT,0.005681,0.006102,7.4107,1774043338274
gate,bybit,VANRYUSDT,0.005681,0.006102,7.4107,1774043338574
gate,bybit,VANRYUSDT,0.005681,0.006102,7.4107,1774043338874
gate,bybit,VANRYUSDT,0.005681,0.006102,7.4107,1774043339174
gate,bybit,VANRYUSDT,0.005681,0.006102,7.4107,1774043339475
gate,bybit,VANRYUSDT,0.005681,0.006102,7.4107,1774043339775
gate,bybit,VANRYUSDT,0.005681,0.006102,7.4107,1774043340076
gate,bybit,VANRYUSDT,0.005681,0.006102,7.4107,1774043340376
gate,bybit,VANRYUSDT,0.005681,0.006102,7.4107,1774043340677
gate,bybit,VANRYUSDT,0.005681,0.006102,7.4107,1774043340977
gate,bybit,VANRYUSDT,0.005681,0.006102,7.4107,1774043341277
gate,bybit,VANRYUSDT,0.005681,0.006102,7.4107,1774043341577
gate,bybit,VANRYUSDT,0.005681,0.006102,7.4107,1774043341878
gate,bybit,VANRYUSDT,0.005681,0.006102,7.4107,1774043342178
gate,bybit,VANRYUSDT,0.005681,0.006102,7.4107,1774043342478
gate,bybit,VANRYUSDT,0.005681,0.006102,7.4107,1774043342778
gate,bybit,VANRYUSDT,0.005681,0.006102,7.4107,1774043343080
gate,bybit,VANRYUSDT,0.005681,0.006102,7.4107,1774043343380
gate,bybit,VANRYUSDT,0.005681,0.006102,7.4107,1774043343680
gate,bybit,VANRYUSDT,0.005681,0.006102,7.4107,1774043343980
gate,bybit,VANRYUSDT,0.005681,0.006102,7.4107,1774043344280
gate,bybit,VANRYUSDT,0.005681,0.006102,7.4107,1774043344581
gate,bybit,VANRYUSDT,0.005681,0.006108,7.5163,1774043344882
gate,bybit,VANRYUSDT,0.005687,0.006108,7.4028,1774043345182
gate,bybit,VANRYUSDT,0.005687,0.006108,7.4028,1774043345482
gate,bybit,VANRYUSDT,0.00569,0.006108,7.3462,1774043345782
gate,bybit,VANRYUSDT,0.005689,0.006108,7.3651,1774043346083
gate,bybit,VANRYUSDT,0.005689,0.006108,7.3651,1774043346383
gate,bybit,VANRYUSDT,0.005688,0.006108,7.384,1774043346683
gate,bybit,VANRYUSDT,0.005688,0.006108,7.384,1774043346983
gate,bybit,VANRYUSDT,0.005689,0.006108,7.3651,1774043347283
gate,bybit,VANRYUSDT,0.005689,0.006108,7.3651,1774043347584
gate,bybit,VANRYUSDT,0.005689,0.006108,7.3651,1774043347884
gate,bybit,VANRYUSDT,0.005689,0.006108,7.3651,1774043348184
gate,bybit,VANRYUSDT,0.005689,0.006108,7.3651,1774043348484
gate,bybit,VANRYUSDT,0.005689,0.006108,7.3651,1774043348785
gate,bybit,VANRYUSDT,0.005689,0.006108,7.3651,1774043349086
gate,bybit,VANRYUSDT,0.005689,0.006108,7.3651,1774043349386
gate,bybit,VANRYUSDT,0.005689,0.006108,7.3651,1774043349687
gate,bybit,VANRYUSDT,0.005689,0.006108,7.3651,1774043349987
gate,bybit,VANRYUSDT,0.005689,0.006108,7.3651,1774043350287
gate,bybit,VANRYUSDT,0.005689,0.006108,7.3651,1774043350587
gate,bybit,VANRYUSDT,0.005688,0.006108,7.384,1774043350887
gate,bybit,VANRYUSDT,0.005689,0.006108,7.3651,1774043351188
gate,bybit,VANRYUSDT,0.005689,0.006108,7.3651,1774043351488
gate,bybit,VANRYUSDT,0.005689,0.006108,7.3651,1774043351788
gate,bybit,VANRYUSDT,0.005689,0.006108,7.3651,1774043352089
gate,bybit,VANRYUSDT,0.005689,0.006108,7.3651,1774043352389
gate,bybit,VANRYUSDT,0.005689,0.006108,7.3651,1774043352689
gate,bybit,VANRYUSDT,0.005689,0.006108,7.3651,1774043352989
gate,bybit,VANRYUSDT,0.005692,0.006108,7.3085,1774043353289
gate,bybit,VANRYUSDT,0.005691,0.006108,7.3274,1774043353590
gate,bybit,VANRYUSDT,0.005691,0.006108,7.3274,1774043353890
gate,bybit,VANRYUSDT,0.005691,0.006108,7.3274,1774043354191
gate,bybit,VANRYUSDT,0.005691,0.006108,7.3274,1774043354491
gate,bybit,VANRYUSDT,0.005691,0.006108,7.3274,1774043354791
gate,bybit,VANRYUSDT,0.005691,0.006108,7.3274,1774043355091
gate,bybit,VANRYUSDT,0.005692,0.006108,7.3085,1774043355391
gate,bybit,VANRYUSDT,0.005692,0.006108,7.3085,1774043355692
gate,bybit,VANRYUSDT,0.005692,0.006108,7.3085,1774043355992
gate,bybit,VANRYUSDT,0.005693,0.006108,7.2897,1774043356293
gate,bybit,VANRYUSDT,0.005692,0.006109,7.3261,1774043356593
gate,bybit,VANRYUSDT,0.005692,0.006109,7.3261,1774043356893
gate,bybit,VANRYUSDT,0.005692,0.006109,7.3261,1774043357194
gate,bybit,VANRYUSDT,0.005692,0.006109,7.3261,1774043357494
gate,bybit,VANRYUSDT,0.005692,0.006109,7.3261,1774043357795
gate,bybit,VANRYUSDT,0.005692,0.006109,7.3261,1774043358095
gate,bybit,VANRYUSDT,0.005692,0.006109,7.3261,1774043358395
gate,bybit,VANRYUSDT,0.005692,0.006109,7.3261,1774043358695
gate,bybit,VANRYUSDT,0.005692,0.006109,7.3261,1774043359001
gate,bybit,VANRYUSDT,0.005692,0.006109,7.3261,1774043359308
gate,bybit,VANRYUSDT,0.005693,0.006109,7.3072,1774043359611
gate,bybit,VANRYUSDT,0.005693,0.006109,7.3072,1774043359911
gate,bybit,VANRYUSDT,0.005693,0.006109,7.3072,1774043360212
gate,bybit,VANRYUSDT,0.005693,0.006109,7.3072,1774043360512
gate,bybit,VANRYUSDT,0.005693,0.006109,7.3072,1774043360815
gate,bybit,VANRYUSDT,0.005693,0.006109,7.3072,1774043361116
gate,bybit,VANRYUSDT,0.005692,0.006109,7.3261,1774043361419
gate,bybit,VANRYUSDT,0.005692,0.006109,7.3261,1774043361719
gate,bybit,VANRYUSDT,0.005692,0.006109,7.3261,1774043362020
gate,bybit,VANRYUSDT,0.005692,0.006109,7.3261,1774043362320
gate,bybit,VANRYUSDT,0.005694,0.006109,7.2884,1774043362620
gate,bybit,VANRYUSDT,0.005694,0.006109,7.2884,1774043362920
gate,bybit,VANRYUSDT,0.005694,0.006109,7.2884,1774043363221
gate,bybit,VANRYUSDT,0.005695,0.006109,7.2695,1774043363521
gate,bybit,VANRYUSDT,0.005695,0.006109,7.2695,1774043363821
gate,bybit,VANRYUSDT,0.005695,0.006109,7.2695,1774043364122
gate,bybit,VANRYUSDT,0.005694,0.006109,7.2884,1774043364422
gate,bybit,VANRYUSDT,0.005694,0.006109,7.2884,1774043364722
gate,bybit,VANRYUSDT,0.005694,0.006109,7.2884,1774043365026
gate,bybit,VANRYUSDT,0.005694,0.006109,7.2884,1774043365326
gate,bybit,VANRYUSDT,0.005694,0.006109,7.2884,1774043365626
gate,bybit,VANRYUSDT,0.005694,0.006109,7.2884,1774043365928
gate,bybit,VANRYUSDT,0.005694,0.006109,7.2884,1774043366229
gate,bybit,VANRYUSDT,0.005695,0.006109,7.2695,1774043366529
gate,bybit,VANRYUSDT,0.005693,0.006108,7.2897,1774043366829
gate,bybit,VANRYUSDT,0.005693,0.006108,7.2897,1774043367129
gate,bybit,VANRYUSDT,0.005693,0.006108,7.2897,1774043367429
gate,bybit,VANRYUSDT,0.005694,0.006108,7.2708,1774043367729
gate,bybit,VANRYUSDT,0.005694,0.006108,7.2708,1774043368029
gate,bybit,VANRYUSDT,0.005694,0.006109,7.2884,1774043368330
gate,bybit,VANRYUSDT,0.005695,0.006109,7.2695,1774043368630
gate,bybit,VANRYUSDT,0.005695,0.006109,7.2695,1774043368930
gate,bybit,VANRYUSDT,0.005695,0.006109,7.2695,1774043369230
gate,bybit,VANRYUSDT,0.005695,0.006109,7.2695,1774043369530
gate,bybit,VANRYUSDT,0.005694,0.006109,7.2884,1774043369830
gate,bybit,VANRYUSDT,0.005694,0.006109,7.2884,1774043370131
gate,bybit,VANRYUSDT,0.005694,0.006109,7.2884,1774043370431
gate,bybit,VANRYUSDT,0.005695,0.006109,7.2695,1774043370731
gate,bybit,VANRYUSDT,0.005695,0.006109,7.2695,1774043371032
gate,bybit,VANRYUSDT,0.005695,0.006109,7.2695,1774043371332
gate,bybit,VANRYUSDT,0.005695,0.006109,7.2695,1774043371632
gate,bybit,VANRYUSDT,0.005696,0.006109,7.2507,1774043371933
gate,bybit,VANRYUSDT,0.005696,0.006109,7.2507,1774043372233
gate,bybit,VANRYUSDT,0.005696,0.006109,7.2507,1774043372533
gate,bybit,VANRYUSDT,0.005696,0.006109,7.2507,1774043372833
gate,bybit,VANRYUSDT,0.005696,0.006109,7.2507,1774043373133
gate,bybit,VANRYUSDT,0.005694,0.006109,7.2884,1774043373434
gate,bybit,VANRYUSDT,0.005696,0.006109,7.2507,1774043373734
gate,bybit,VANRYUSDT,0.005696,0.006109,7.2507,1774043374034
gate,bybit,VANRYUSDT,0.005695,0.006109,7.2695,1774043374335
gate,bybit,VANRYUSDT,0.005696,0.006109,7.2507,1774043374635
gate,bybit,VANRYUSDT,0.005696,0.006109,7.2507,1774043374935
gate,bybit,VANRYUSDT,0.005696,0.006109,7.2507,1774043375235
gate,bybit,VANRYUSDT,0.005696,0.006109,7.2507,1774043375535
gate,bybit,VANRYUSDT,0.005696,0.006109,7.2507,1774043375835
gate,bybit,VANRYUSDT,0.005695,0.006109,7.2695,1774043376136
gate,bybit,VANRYUSDT,0.005695,0.006109,7.2695,1774043376436
gate,bybit,VANRYUSDT,0.005696,0.006109,7.2507,1774043376736
gate,bybit,VANRYUSDT,0.005696,0.006109,7.2507,1774043377036
gate,bybit,VANRYUSDT,0.005696,0.006109,7.2507,1774043377336
gate,bybit,VANRYUSDT,0.005696,0.006109,7.2507,1774043377636
gate,bybit,VANRYUSDT,0.005696,0.006109,7.2507,1774043377936
gate,bybit,VANRYUSDT,0.005697,0.006109,7.2319,1774043378237
gate,bybit,VANRYUSDT,0.005696,0.006109,7.2507,1774043378537
gate,bybit,VANRYUSDT,0.005695,0.006109,7.2695,1774043378837
gate,bybit,VANRYUSDT,0.005695,0.006109,7.2695,1774043379138
gate,bybit,VANRYUSDT,0.005697,0.006109,7.2319,1774043379438
gate,bybit,VANRYUSDT,0.005697,0.006109,7.2319,1774043379738
gate,bybit,VANRYUSDT,0.005696,0.006109,7.2507,1774043380041
gate,bybit,VANRYUSDT,0.005695,0.006109,7.2695,1774043380341
gate,bybit,VANRYUSDT,0.005695,0.006109,7.2695,1774043380641
gate,bybit,VANRYUSDT,0.005695,0.006109,7.2695,1774043380942
gate,bybit,VANRYUSDT,0.005695,0.006109,7.2695,1774043381242
gate,bybit,VANRYUSDT,0.005695,0.006109,7.2695,1774043381542
gate,bybit,VANRYUSDT,0.005695,0.006109,7.2695,1774043381842
gate,bybit,VANRYUSDT,0.005695,0.006109,7.2695,1774043382142
gate,bybit,VANRYUSDT,0.005695,0.006109,7.2695,1774043382442
gate,bybit,VANRYUSDT,0.005695,0.006109,7.2695,1774043382742
gate,bybit,VANRYUSDT,0.005695,0.006109,7.2695,1774043383042
gate,bybit,VANRYUSDT,0.005695,0.006109,7.2695,1774043383343
gate,bybit,VANRYUSDT,0.005695,0.006109,7.2695,1774043383643
gate,bybit,VANRYUSDT,0.005695,0.006109,7.2695,1774043383943
gate,bybit,VANRYUSDT,0.005695,0.006109,7.2695,1774043384244
gate,bybit,VANRYUSDT,0.005695,0.006109,7.2695,1774043384544
gate,bybit,VANRYUSDT,0.005695,0.006109,7.2695,1774043384844
gate,bybit,VANRYUSDT,0.005695,0.006109,7.2695,1774043385144
gate,bybit,VANRYUSDT,0.005695,0.006109,7.2695,1774043385444
gate,bybit,VANRYUSDT,0.005695,0.006109,7.2695,1774043385745
gate,bybit,VANRYUSDT,0.005695,0.006109,7.2695,1774043386058
gate,bybit,VANRYUSDT,0.005695,0.006109,7.2695,1774043386358
gate,bybit,VANRYUSDT,0.005695,0.006109,7.2695,1774043386659
gate,bybit,VANRYUSDT,0.005695,0.006109,7.2695,1774043386959
gate,bybit,VANRYUSDT,0.005695,0.00611,7.2871,1774043387259
gate,bybit,VANRYUSDT,0.005697,0.00611,7.2494,1774043387559
gate,bybit,VANRYUSDT,0.005697,0.00611,7.2494,1774043387860
gate,bybit,VANRYUSDT,0.005697,0.00611,7.2494,1774043388160
gate,bybit,VANRYUSDT,0.005697,0.00611,7.2494,1774043388460
gate,bybit,VANRYUSDT,0.005697,0.00611,7.2494,1774043388760
gate,bybit,VANRYUSDT,0.005697,0.00611,7.2494,1774043389060
gate,bybit,VANRYUSDT,0.005697,0.00611,7.2494,1774043389360
gate,bybit,VANRYUSDT,0.005697,0.00611,7.2494,1774043389660
gate,bybit,VANRYUSDT,0.005697,0.00611,7.2494,1774043389960
gate,bybit,VANRYUSDT,0.005697,0.00611,7.2494,1774043390261
gate,bybit,VANRYUSDT,0.005697,0.00611,7.2494,1774043390561
gate,bybit,VANRYUSDT,0.005697,0.00611,7.2494,1774043390861
gate,bybit,VANRYUSDT,0.005697,0.00611,7.2494,1774043391161
gate,bybit,VANRYUSDT,0.005697,0.00611,7.2494,1774043391461
gate,bybit,VANRYUSDT,0.005697,0.00611,7.2494,1774043391762
gate,bybit,VANRYUSDT,0.005697,0.00611,7.2494,1774043392062
gate,bybit,VANRYUSDT,0.005697,0.00611,7.2494,1774043392362
gate,bybit,VANRYUSDT,0.005697,0.00611,7.2494,1774043392662
gate,bybit,VANRYUSDT,0.005696,0.00611,7.2683,1774043392963
gate,bybit,VANRYUSDT,0.005696,0.00611,7.2683,1774043393263
gate,bybit,VANRYUSDT,0.005696,0.00611,7.2683,1774043393563
gate,bybit,VANRYUSDT,0.005696,0.00611,7.2683,1774043393863
gate,bybit,VANRYUSDT,0.005696,0.00611,7.2683,1774043394163
gate,bybit,VANRYUSDT,0.005696,0.00611,7.2683,1774043394464
gate,bybit,VANRYUSDT,0.005696,0.00611,7.2683,1774043394764
gate,bybit,VANRYUSDT,0.005696,0.00611,7.2683,1774043395064
gate,bybit,VANRYUSDT,0.005696,0.00611,7.2683,1774043395364
gate,bybit,VANRYUSDT,0.005696,0.00611,7.2683,1774043395664
gate,bybit,VANRYUSDT,0.005696,0.00611,7.2683,1774043395964
gate,bybit,VANRYUSDT,0.005696,0.00611,7.2683,1774043396265
gate,bybit,VANRYUSDT,0.005696,0.00611,7.2683,1774043396565
gate,bybit,VANRYUSDT,0.005696,0.00611,7.2683,1774043396865
gate,bybit,VANRYUSDT,0.005696,0.00611,7.2683,1774043397165
gate,bybit,VANRYUSDT,0.005696,0.00611,7.2683,1774043397466
gate,bybit,VANRYUSDT,0.005696,0.00611,7.2683,1774043397766
gate,bybit,VANRYUSDT,0.005695,0.00611,7.2871,1774043398066
gate,bybit,VANRYUSDT,0.005695,0.00611,7.2871,1774043398367
gate,bybit,VANRYUSDT,0.005696,0.00611,7.2683,1774043398667
gate,bybit,VANRYUSDT,0.005695,0.00611,7.2871,1774043398967
gate,bybit,VANRYUSDT,0.005695,0.00611,7.2871,1774043399268
gate,bybit,VANRYUSDT,0.005695,0.00611,7.2871,1774043399569
gate,bybit,VANRYUSDT,0.005695,0.00611,7.2871,1774043399869
gate,bybit,VANRYUSDT,0.005695,0.00611,7.2871,1774043400169
gate,bybit,VANRYUSDT,0.005695,0.00611,7.2871,1774043400469
gate,bybit,VANRYUSDT,0.005695,0.00611,7.2871,1774043400769
gate,bybit,VANRYUSDT,0.005696,0.00611,7.2683,1774043401069
gate,bybit,VANRYUSDT,0.005696,0.00611,7.2683,1774043401369
gate,bybit,VANRYUSDT,0.005696,0.00611,7.2683,1774043401670
gate,bybit,VANRYUSDT,0.005696,0.00611,7.2683,1774043401970
gate,bybit,VANRYUSDT,0.005696,0.00611,7.2683,1774043402270
gate,bybit,VANRYUSDT,0.005696,0.00611,7.2683,1774043402570
gate,bybit,VANRYUSDT,0.005696,0.00611,7.2683,1774043402870
gate,bybit,VANRYUSDT,0.005696,0.00611,7.2683,1774043403170
gate,bybit,VANRYUSDT,0.005696,0.00611,7.2683,1774043403470
gate,bybit,VANRYUSDT,0.005696,0.00611,7.2683,1774043403771
gate,bybit,VANRYUSDT,0.005696,0.00611,7.2683,1774043404071
gate,bybit,VANRYUSDT,0.005696,0.00611,7.2683,1774043404371
gate,bybit,VANRYUSDT,0.005696,0.00611,7.2683,1774043404671
gate,bybit,VANRYUSDT,0.005696,0.00611,7.2683,1774043404972
gate,bybit,VANRYUSDT,0.005696,0.00611,7.2683,1774043405272
gate,bybit,VANRYUSDT,0.005696,0.00611,7.2683,1774043405572
gate,bybit,VANRYUSDT,0.005696,0.00611,7.2683,1774043405872
gate,bybit,VANRYUSDT,0.005696,0.00611,7.2683,1774043406172
gate,bybit,VANRYUSDT,0.005696,0.00611,7.2683,1774043406472
gate,bybit,VANRYUSDT,0.005696,0.00611,7.2683,1774043406773
gate,bybit,VANRYUSDT,0.005696,0.00611,7.2683,1774043407073
gate,bybit,VANRYUSDT,0.005696,0.00611,7.2683,1774043407374
gate,bybit,VANRYUSDT,0.005697,0.00611,7.2494,1774043407674
gate,bybit,VANRYUSDT,0.005697,0.00611,7.2494,1774043407975
gate,bybit,VANRYUSDT,0.005697,0.00611,7.2494,1774043408275
gate,bybit,VANRYUSDT,0.005696,0.00611,7.2683,1774043408575
gate,bybit,VANRYUSDT,0.005696,0.00611,7.2683,1774043408878
gate,bybit,VANRYUSDT,0.005696,0.00611,7.2683,1774043409178
gate,bybit,VANRYUSDT,0.005696,0.00611,7.2683,1774043409479
gate,bybit,VANRYUSDT,0.005696,0.00611,7.2683,1774043409779
gate,bybit,VANRYUSDT,0.005696,0.00611,7.2683,1774043410079
gate,bybit,VANRYUSDT,0.005696,0.00611,7.2683,1774043410379
gate,bybit,VANRYUSDT,0.005696,0.00611,7.2683,1774043410679
gate,bybit,VANRYUSDT,0.005696,0.00611,7.2683,1774043410979
gate,bybit,VANRYUSDT,0.005696,0.00611,7.2683,1774043411279
gate,bybit,VANRYUSDT,0.005696,0.00611,7.2683,1774043411579
gate,bybit,VANRYUSDT,0.005696,0.00611,7.2683,1774043411880
gate,bybit,VANRYUSDT,0.005696,0.00611,7.2683,1774043412180
gate,bybit,VANRYUSDT,0.005696,0.00611,7.2683,1774043412480
gate,bybit,VANRYUSDT,0.005696,0.00611,7.2683,1774043412780
gate,bybit,VANRYUSDT,0.005696,0.00611,7.2683,1774043413081
gate,bybit,VANRYUSDT,0.005696,0.00611,7.2683,1774043413381
gate,bybit,VANRYUSDT,0.005696,0.00611,7.2683,1774043413682
gate,bybit,VANRYUSDT,0.005696,0.00611,7.2683,1774043413982
gate,bybit,VANRYUSDT,0.005696,0.00611,7.2683,1774043414283
gate,bybit,VANRYUSDT,0.005696,0.00611,7.2683,1774043414584
gate,bybit,VANRYUSDT,0.005696,0.00611,7.2683,1774043414884
gate,bybit,VANRYUSDT,0.005696,0.00611,7.2683,1774043415184
gate,bybit,VANRYUSDT,0.005696,0.00611,7.2683,1774043415485
gate,bybit,VANRYUSDT,0.005696,0.00611,7.2683,1774043415785
gate,bybit,VANRYUSDT,0.005696,0.00611,7.2683,1774043416086
gate,bybit,VANRYUSDT,0.005696,0.00611,7.2683,1774043416386
gate,bybit,VANRYUSDT,0.005696,0.00611,7.2683,1774043416687
gate,bybit,VANRYUSDT,0.005696,0.00611,7.2683,1774043416987
gate,bybit,VANRYUSDT,0.005696,0.00611,7.2683,1774043417287
gate,bybit,VANRYUSDT,0.005696,0.00611,7.2683,1774043417587
gate,bybit,VANRYUSDT,0.005696,0.00611,7.2683,1774043417887
gate,bybit,VANRYUSDT,0.005696,0.00611,7.2683,1774043418188
gate,bybit,VANRYUSDT,0.005696,0.00611,7.2683,1774043418488
gate,bybit,VANRYUSDT,0.005696,0.00611,7.2683,1774043418788
gate,bybit,VANRYUSDT,0.005696,0.00611,7.2683,1774043419089
gate,bybit,VANRYUSDT,0.005696,0.00611,7.2683,1774043419389
gate,bybit,VANRYUSDT,0.005696,0.00611,7.2683,1774043419690
gate,bybit,VANRYUSDT,0.005696,0.00611,7.2683,1774043419990
gate,bybit,VANRYUSDT,0.005696,0.00611,7.2683,1774043420290
gate,bybit,VANRYUSDT,0.005696,0.00611,7.2683,1774043420590
gate,bybit,VANRYUSDT,0.005696,0.00611,7.2683,1774043420891
gate,bybit,VANRYUSDT,0.005696,0.00611,7.2683,1774043421191
gate,bybit,VANRYUSDT,0.005696,0.00611,7.2683,1774043421491
gate,bybit,VANRYUSDT,0.005696,0.00611,7.2683,1774043421791
gate,bybit,VANRYUSDT,0.005696,0.00611,7.2683,1774043422092
gate,bybit,VANRYUSDT,0.005696,0.00611,7.2683,1774043422392
gate,bybit,VANRYUSDT,0.005696,0.00611,7.2683,1774043422692
gate,bybit,VANRYUSDT,0.005696,0.00611,7.2683,1774043422992
gate,bybit,VANRYUSDT,0.005696,0.00611,7.2683,1774043423292
gate,bybit,VANRYUSDT,0.005696,0.00611,7.2683,1774043423592
gate,bybit,VANRYUSDT,0.005697,0.00611,7.2494,1774043423893
gate,bybit,VANRYUSDT,0.005697,0.00611,7.2494,1774043424193
gate,bybit,VANRYUSDT,0.005697,0.00611,7.2494,1774043424493
gate,bybit,VANRYUSDT,0.005697,0.00611,7.2494,1774043424793
gate,bybit,VANRYUSDT,0.005697,0.00611,7.2494,1774043425093
gate,bybit,VANRYUSDT,0.005697,0.00611,7.2494,1774043425394
gate,bybit,VANRYUSDT,0.005697,0.00611,7.2494,1774043425694
gate,bybit,VANRYUSDT,0.005696,0.00611,7.2683,1774043425994
gate,bybit,VANRYUSDT,0.005697,0.00611,7.2494,1774043426295
gate,bybit,VANRYUSDT,0.005697,0.00611,7.2494,1774043426595
gate,bybit,VANRYUSDT,0.005697,0.00611,7.2494,1774043426896
gate,bybit,VANRYUSDT,0.005696,0.00611,7.2683,1774043427200
gate,bybit,VANRYUSDT,0.005696,0.00611,7.2683,1774043427509
gate,bybit,VANRYUSDT,0.005696,0.00611,7.2683,1774043427809
gate,bybit,VANRYUSDT,0.005696,0.00611,7.2683,1774043428110
gate,bybit,VANRYUSDT,0.005696,0.00611,7.2683,1774043428415
gate,bybit,VANRYUSDT,0.005696,0.00611,7.2683,1774043428718
gate,bybit,VANRYUSDT,0.005696,0.00611,7.2683,1774043429018
gate,bybit,VANRYUSDT,0.005696,0.00611,7.2683,1774043429318
gate,bybit,VANRYUSDT,0.005696,0.00611,7.2683,1774043429619
gate,bybit,VANRYUSDT,0.005696,0.00611,7.2683,1774043429919
gate,bybit,VANRYUSDT,0.005696,0.00611,7.2683,1774043430222
gate,bybit,VANRYUSDT,0.005696,0.00611,7.2683,1774043430522
gate,bybit,VANRYUSDT,0.005696,0.00611,7.2683,1774043430822
gate,bybit,VANRYUSDT,0.005696,0.00611,7.2683,1774043431122
gate,bybit,VANRYUSDT,0.005696,0.00611,7.2683,1774043431422
gate,bybit,VANRYUSDT,0.005696,0.00611,7.2683,1774043431723
gate,bybit,VANRYUSDT,0.005696,0.00611,7.2683,1774043432023
gate,bybit,VANRYUSDT,0.005696,0.00611,7.2683,1774043432323
gate,bybit,VANRYUSDT,0.005696,0.00611,7.2683,1774043432623
gate,bybit,VANRYUSDT,0.005696,0.00611,7.2683,1774043432923
gate,bybit,VANRYUSDT,0.005696,0.00611,7.2683,1774043433224
gate,bybit,VANRYUSDT,0.005696,0.00611,7.2683,1774043433524
gate,bybit,VANRYUSDT,0.005696,0.00611,7.2683,1774043433824
gate,bybit,VANRYUSDT,0.005696,0.00611,7.2683,1774043434124
gate,bybit,VANRYUSDT,0.005696,0.00611,7.2683,1774043434424
gate,bybit,VANRYUSDT,0.005696,0.00611,7.2683,1774043434724
gate,bybit,VANRYUSDT,0.005696,0.00611,7.2683,1774043435024
gate,bybit,VANRYUSDT,0.005696,0.00611,7.2683,1774043435324
gate,bybit,VANRYUSDT,0.005696,0.00611,7.2683,1774043435625
gate,bybit,VANRYUSDT,0.005696,0.00611,7.2683,1774043435925
gate,bybit,VANRYUSDT,0.005696,0.00611,7.2683,1774043436225
gate,bybit,VANRYUSDT,0.005696,0.00611,7.2683,1774043436525
gate,bybit,VANRYUSDT,0.005696,0.00611,7.2683,1774043436825
gate,bybit,VANRYUSDT,0.005696,0.00611,7.2683,1774043437126
gate,bybit,VANRYUSDT,0.005696,0.00611,7.2683,1774043437426
gate,bybit,VANRYUSDT,0.005696,0.00611,7.2683,1774043437726
gate,bybit,VANRYUSDT,0.005696,0.00611,7.2683,1774043438026
gate,bybit,VANRYUSDT,0.005696,0.00611,7.2683,1774043438326
gate,bybit,VANRYUSDT,0.005696,0.00611,7.2683,1774043438636
gate,bybit,VANRYUSDT,0.005696,0.00611,7.2683,1774043438936
gate,bybit,VANRYUSDT,0.005696,0.00611,7.2683,1774043439236
gate,bybit,VANRYUSDT,0.005696,0.00611,7.2683,1774043439537
gate,bybit,VANRYUSDT,0.005696,0.00611,7.2683,1774043439837
gate,bybit,VANRYUSDT,0.005696,0.00611,7.2683,1774043440137
gate,bybit,VANRYUSDT,0.005696,0.00611,7.2683,1774043440437
gate,bybit,VANRYUSDT,0.005696,0.00611,7.2683,1774043440737
gate,bybit,VANRYUSDT,0.005696,0.00611,7.2683,1774043441037
gate,bybit,VANRYUSDT,0.005696,0.00611,7.2683,1774043441338
gate,bybit,VANRYUSDT,0.005696,0.00611,7.2683,1774043441638
gate,bybit,VANRYUSDT,0.005696,0.00611,7.2683,1774043441938
gate,bybit,VANRYUSDT,0.005696,0.00611,7.2683,1774043442239
gate,bybit,VANRYUSDT,0.005696,0.00611,7.2683,1774043442539
gate,bybit,VANRYUSDT,0.005697,0.00611,7.2494,1774043442839
gate,bybit,VANRYUSDT,0.005697,0.00611,7.2494,1774043443139
gate,bybit,VANRYUSDT,0.005697,0.00611,7.2494,1774043443439
gate,bybit,VANRYUSDT,0.005696,0.00611,7.2683,1774043443739
gate,bybit,VANRYUSDT,0.005696,0.00611,7.2683,1774043444039
gate,bybit,VANRYUSDT,0.005696,0.00611,7.2683,1774043444339
gate,bybit,VANRYUSDT,0.005696,0.00611,7.2683,1774043444640
gate,bybit,VANRYUSDT,0.005696,0.00611,7.2683,1774043444940
gate,bybit,VANRYUSDT,0.005696,0.00611,7.2683,1774043445240
gate,bybit,VANRYUSDT,0.005696,0.00611,7.2683,1774043445540
gate,bybit,VANRYUSDT,0.005696,0.00611,7.2683,1774043445840
gate,bybit,VANRYUSDT,0.005696,0.00611,7.2683,1774043446140
gate,bybit,VANRYUSDT,0.005696,0.00611,7.2683,1774043446441
gate,bybit,VANRYUSDT,0.005696,0.00611,7.2683,1774043446741
gate,bybit,VANRYUSDT,0.005696,0.00611,7.2683,1774043447041
gate,bybit,VANRYUSDT,0.005696,0.00611,7.2683,1774043447341
gate,bybit,VANRYUSDT,0.005696,0.00611,7.2683,1774043447641
gate,bybit,VANRYUSDT,0.005696,0.00611,7.2683,1774043447942
gate,bybit,VANRYUSDT,0.005696,0.00611,7.2683,1774043448242
gate,bybit,VANRYUSDT,0.005696,0.00611,7.2683,1774043448543
gate,bybit,VANRYUSDT,0.005696,0.00611,7.2683,1774043448843
gate,bybit,VANRYUSDT,0.005696,0.00611,7.2683,1774043449143
gate,bybit,VANRYUSDT,0.005696,0.00611,7.2683,1774043449444
gate,bybit,VANRYUSDT,0.005696,0.00611,7.2683,1774043449744
gate,bybit,VANRYUSDT,0.005696,0.00611,7.2683,1774043450044
gate,bybit,VANRYUSDT,0.005696,0.00611,7.2683,1774043450344
gate,bybit,VANRYUSDT,0.005696,0.00611,7.2683,1774043450645
gate,bybit,VANRYUSDT,0.005696,0.00611,7.2683,1774043450945
gate,bybit,VANRYUSDT,0.005696,0.00611,7.2683,1774043451246
gate,bybit,VANRYUSDT,0.005696,0.00611,7.2683,1774043451546
gate,bybit,VANRYUSDT,0.005696,0.00611,7.2683,1774043451846
gate,bybit,VANRYUSDT,0.005696,0.00611,7.2683,1774043452147
gate,bybit,VANRYUSDT,0.005696,0.00611,7.2683,1774043452447
gate,bybit,VANRYUSDT,0.005696,0.00611,7.2683,1774043452748
gate,bybit,VANRYUSDT,0.005696,0.00611,7.2683,1774043453048
gate,bybit,VANRYUSDT,0.005696,0.00611,7.2683,1774043453348
gate,bybit,VANRYUSDT,0.005696,0.00611,7.2683,1774043453649
gate,bybit,VANRYUSDT,0.005696,0.00611,7.2683,1774043453949
gate,bybit,VANRYUSDT,0.005696,0.00611,7.2683,1774043454250
gate,bybit,VANRYUSDT,0.005696,0.00611,7.2683,1774043454550
gate,bybit,VANRYUSDT,0.005696,0.00611,7.2683,1774043454850
gate,bybit,VANRYUSDT,0.005696,0.00611,7.2683,1774043455151
gate,bybit,VANRYUSDT,0.005696,0.00611,7.2683,1774043455451
gate,bybit,VANRYUSDT,0.005696,0.00611,7.2683,1774043455751
gate,bybit,VANRYUSDT,0.005696,0.00611,7.2683,1774043456051
gate,bybit,VANRYUSDT,0.005696,0.00611,7.2683,1774043456352
gate,bybit,VANRYUSDT,0.005696,0.00611,7.2683,1774043456652
gate,bybit,VANRYUSDT,0.005696,0.00611,7.2683,1774043456952
gate,bybit,VANRYUSDT,0.005696,0.00611,7.2683,1774043457252
gate,bybit,VANRYUSDT,0.005696,0.00611,7.2683,1774043457552
gate,bybit,VANRYUSDT,0.005696,0.00611,7.2683,1774043457852
gate,bybit,VANRYUSDT,0.005696,0.00611,7.2683,1774043458153
gate,bybit,VANRYUSDT,0.005696,0.00611,7.2683,1774043458453
gate,bybit,VANRYUSDT,0.005696,0.00611,7.2683,1774043458754
gate,bybit,VANRYUSDT,0.005696,0.00611,7.2683,1774043459054
gate,bybit,VANRYUSDT,0.005696,0.00611,7.2683,1774043459354
gate,bybit,VANRYUSDT,0.005696,0.00611,7.2683,1774043459654
gate,bybit,VANRYUSDT,0.005696,0.00611,7.2683,1774043459954
gate,bybit,VANRYUSDT,0.005696,0.00611,7.2683,1774043460254
gate,bybit,VANRYUSDT,0.005696,0.00611,7.2683,1774043460554
gate,bybit,VANRYUSDT,0.005696,0.00611,7.2683,1774043460855
gate,bybit,VANRYUSDT,0.005696,0.00611,7.2683,1774043461155
gate,bybit,VANRYUSDT,0.005696,0.00611,7.2683,1774043461455
gate,bybit,VANRYUSDT,0.005696,0.00611,7.2683,1774043461755
gate,bybit,VANRYUSDT,0.005696,0.00611,7.2683,1774043462055
gate,bybit,VANRYUSDT,0.005696,0.00611,7.2683,1774043462356
gate,bybit,VANRYUSDT,0.005696,0.00611,7.2683,1774043462656
gate,bybit,VANRYUSDT,0.005696,0.00611,7.2683,1774043462956
gate,bybit,VANRYUSDT,0.005696,0.00611,7.2683,1774043463256
gate,bybit,VANRYUSDT,0.005696,0.00611,7.2683,1774043463557
gate,bybit,VANRYUSDT,0.005696,0.00611,7.2683,1774043463857
gate,bybit,VANRYUSDT,0.005696,0.00611,7.2683,1774043464158
gate,bybit,VANRYUSDT,0.005696,0.00611,7.2683,1774043464458
gate,bybit,VANRYUSDT,0.005696,0.00611,7.2683,1774043464758
gate,bybit,VANRYUSDT,0.005696,0.00611,7.2683,1774043465058
gate,bybit,VANRYUSDT,0.005696,0.00611,7.2683,1774043465359
gate,bybit,VANRYUSDT,0.005696,0.00611,7.2683,1774043465659
gate,bybit,VANRYUSDT,0.005696,0.00611,7.2683,1774043465959
gate,bybit,VANRYUSDT,0.005696,0.00611,7.2683,1774043466260
gate,bybit,VANRYUSDT,0.005696,0.00611,7.2683,1774043466560
gate,bybit,VANRYUSDT,0.005696,0.00611,7.2683,1774043466860
gate,bybit,VANRYUSDT,0.005696,0.00611,7.2683,1774043467161
gate,bybit,VANRYUSDT,0.005696,0.00611,7.2683,1774043467461
gate,bybit,VANRYUSDT,0.005696,0.00611,7.2683,1774043467761
gate,bybit,VANRYUSDT,0.005696,0.00611,7.2683,1774043468062
gate,bybit,VANRYUSDT,0.005696,0.00611,7.2683,1774043468362
gate,bybit,VANRYUSDT,0.005696,0.00611,7.2683,1774043468662
gate,bybit,VANRYUSDT,0.005696,0.00611,7.2683,1774043468962
gate,bybit,VANRYUSDT,0.005695,0.00611,7.2871,1774043469262
gate,bybit,VANRYUSDT,0.005695,0.00611,7.2871,1774043469562
gate,bybit,VANRYUSDT,0.005695,0.00611,7.2871,1774043469863
gate,bybit,VANRYUSDT,0.005695,0.00611,7.2871,1774043470163
gate,bybit,VANRYUSDT,0.005695,0.00611,7.2871,1774043470464
gate,bybit,VANRYUSDT,0.005695,0.00611,7.2871,1774043470764
gate,bybit,VANRYUSDT,0.005695,0.00611,7.2871,1774043471064
gate,bybit,VANRYUSDT,0.005695,0.00611,7.2871,1774043471364
gate,bybit,VANRYUSDT,0.005695,0.00611,7.2871,1774043471664
gate,bybit,VANRYUSDT,0.005695,0.00611,7.2871,1774043471964
gate,bybit,VANRYUSDT,0.005695,0.00611,7.2871,1774043472264
gate,bybit,VANRYUSDT,0.005695,0.00611,7.2871,1774043472564
gate,bybit,VANRYUSDT,0.005695,0.00611,7.2871,1774043472864
gate,bybit,VANRYUSDT,0.005695,0.00611,7.2871,1774043473165
gate,bybit,VANRYUSDT,0.005695,0.00611,7.2871,1774043473465
gate,bybit,VANRYUSDT,0.005695,0.00611,7.2871,1774043473765
gate,bybit,VANRYUSDT,0.005695,0.00611,7.2871,1774043474066
gate,bybit,VANRYUSDT,0.005695,0.00611,7.2871,1774043474366
gate,bybit,VANRYUSDT,0.005695,0.00611,7.2871,1774043474666
gate,bybit,VANRYUSDT,0.005695,0.00611,7.2871,1774043474966
gate,bybit,VANRYUSDT,0.005695,0.00611,7.2871,1774043475266
gate,bybit,VANRYUSDT,0.005695,0.00611,7.2871,1774043475567
gate,bybit,VANRYUSDT,0.005695,0.00611,7.2871,1774043475867
gate,bybit,VANRYUSDT,0.005695,0.00611,7.2871,1774043476168
gate,bybit,VANRYUSDT,0.005695,0.00611,7.2871,1774043476468
gate,bybit,VANRYUSDT,0.005695,0.00611,7.2871,1774043476768
gate,bybit,VANRYUSDT,0.005695,0.00611,7.2871,1774043477068
gate,bybit,VANRYUSDT,0.005695,0.00611,7.2871,1774043477369
gate,bybit,VANRYUSDT,0.005695,0.00611,7.2871,1774043477669
gate,bybit,VANRYUSDT,0.005695,0.00611,7.2871,1774043477969
gate,bybit,VANRYUSDT,0.005695,0.00611,7.2871,1774043478269
gate,bybit,VANRYUSDT,0.005695,0.00611,7.2871,1774043478569
gate,bybit,VANRYUSDT,0.005695,0.00611,7.2871,1774043478869
gate,bybit,VANRYUSDT,0.005695,0.00611,7.2871,1774043479169
gate,bybit,VANRYUSDT,0.005695,0.00611,7.2871,1774043479470
gate,bybit,VANRYUSDT,0.005695,0.00611,7.2871,1774043479770
gate,bybit,VANRYUSDT,0.005695,0.00611,7.2871,1774043480071
gate,bybit,VANRYUSDT,0.005695,0.00611,7.2871,1774043480371
gate,bybit,VANRYUSDT,0.005695,0.00611,7.2871,1774043480671
gate,bybit,VANRYUSDT,0.005695,0.00611,7.2871,1774043480971
gate,bybit,VANRYUSDT,0.005695,0.00611,7.2871,1774043481271
gate,bybit,VANRYUSDT,0.005695,0.00611,7.2871,1774043481572
gate,bybit,VANRYUSDT,0.005695,0.00611,7.2871,1774043481872
gate,bybit,VANRYUSDT,0.005695,0.00611,7.2871,1774043482173
gate,bybit,VANRYUSDT,0.005695,0.00611,7.2871,1774043482473
gate,bybit,VANRYUSDT,0.005695,0.00611,7.2871,1774043482773
gate,bybit,VANRYUSDT,0.005695,0.00611,7.2871,1774043483074
gate,bybit,VANRYUSDT,0.005695,0.00611,7.2871,1774043483374
gate,bybit,VANRYUSDT,0.005695,0.00611,7.2871,1774043483674
gate,bybit,VANRYUSDT,0.005695,0.00611,7.2871,1774043483974
gate,bybit,VANRYUSDT,0.005695,0.00611,7.2871,1774043484274
gate,bybit,VANRYUSDT,0.005695,0.00611,7.2871,1774043484575
gate,bybit,VANRYUSDT,0.005695,0.00611,7.2871,1774043484875
gate,bybit,VANRYUSDT,0.005695,0.00611,7.2871,1774043485175
gate,bybit,VANRYUSDT,0.005695,0.00611,7.2871,1774043485475
gate,bybit,VANRYUSDT,0.005695,0.00611,7.2871,1774043485775
gate,bybit,VANRYUSDT,0.005695,0.00611,7.2871,1774043486076
gate,bybit,VANRYUSDT,0.005695,0.00611,7.2871,1774043486376
gate,bybit,VANRYUSDT,0.005695,0.00611,7.2871,1774043486677
gate,bybit,VANRYUSDT,0.005695,0.00611,7.2871,1774043486977
gate,bybit,VANRYUSDT,0.005695,0.00611,7.2871,1774043487277
gate,bybit,VANRYUSDT,0.005695,0.00611,7.2871,1774043487577
gate,bybit,VANRYUSDT,0.005695,0.00611,7.2871,1774043487877
gate,bybit,VANRYUSDT,0.005695,0.00611,7.2871,1774043488177
gate,bybit,VANRYUSDT,0.005695,0.00611,7.2871,1774043488477
gate,bybit,VANRYUSDT,0.005695,0.00611,7.2871,1774043488778
gate,bybit,VANRYUSDT,0.005695,0.00611,7.2871,1774043489078
gate,bybit,VANRYUSDT,0.005695,0.00611,7.2871,1774043489378
gate,bybit,VANRYUSDT,0.005695,0.00611,7.2871,1774043489678
gate,bybit,VANRYUSDT,0.005695,0.00611,7.2871,1774043489979
gate,bybit,VANRYUSDT,0.005695,0.00611,7.2871,1774043490279
gate,bybit,VANRYUSDT,0.005695,0.00611,7.2871,1774043490579
gate,bybit,VANRYUSDT,0.005695,0.00611,7.2871,1774043490879
gate,bybit,VANRYUSDT,0.005695,0.00611,7.2871,1774043491179
gate,bybit,VANRYUSDT,0.005695,0.00611,7.2871,1774043491480
gate,bybit,VANRYUSDT,0.005695,0.00611,7.2871,1774043491780
gate,bybit,VANRYUSDT,0.005695,0.00611,7.2871,1774043492080
gate,bybit,VANRYUSDT,0.005695,0.00611,7.2871,1774043492382
gate,bybit,VANRYUSDT,0.005695,0.00611,7.2871,1774043492682
gate,bybit,VANRYUSDT,0.005695,0.00611,7.2871,1774043492982
gate,bybit,VANRYUSDT,0.005695,0.00611,7.2871,1774043493282
gate,bybit,VANRYUSDT,0.005695,0.00611,7.2871,1774043493583
gate,bybit,VANRYUSDT,0.005695,0.00611,7.2871,1774043493884
gate,bybit,VANRYUSDT,0.005695,0.00611,7.2871,1774043494184
gate,bybit,VANRYUSDT,0.005695,0.00611,7.2871,1774043494484
gate,bybit,VANRYUSDT,0.005695,0.00611,7.2871,1774043494785
gate,bybit,VANRYUSDT,0.005695,0.00611,7.2871,1774043495085
gate,bybit,VANRYUSDT,0.005695,0.00611,7.2871,1774043495385
gate,bybit,VANRYUSDT,0.005695,0.00611,7.2871,1774043495686
gate,bybit,VANRYUSDT,0.005695,0.00611,7.2871,1774043495986
gate,bybit,VANRYUSDT,0.005695,0.00611,7.2871,1774043496286
gate,bybit,VANRYUSDT,0.005695,0.00611,7.2871,1774043496586
gate,bybit,VANRYUSDT,0.005695,0.00611,7.2871,1774043496887
gate,bybit,VANRYUSDT,0.005695,0.00611,7.2871,1774043497187
gate,bybit,VANRYUSDT,0.005695,0.00611,7.2871,1774043497487
gate,bybit,VANRYUSDT,0.005695,0.00611,7.2871,1774043497787
gate,bybit,VANRYUSDT,0.005695,0.00611,7.2871,1774043498088
gate,bybit,VANRYUSDT,0.005695,0.00611,7.2871,1774043498388
gate,bybit,VANRYUSDT,0.005695,0.00611,7.2871,1774043498688
gate,bybit,VANRYUSDT,0.005695,0.00611,7.2871,1774043498988
gate,bybit,VANRYUSDT,0.005695,0.00611,7.2871,1774043499289
gate,bybit,VANRYUSDT,0.005695,0.00611,7.2871,1774043499589
gate,bybit,VANRYUSDT,0.005695,0.00611,7.2871,1774043499890
gate,bybit,VANRYUSDT,0.005695,0.00611,7.2871,1774043500190
gate,bybit,VANRYUSDT,0.005695,0.00611,7.2871,1774043500490
gate,bybit,VANRYUSDT,0.005695,0.00611,7.2871,1774043500790
gate,bybit,VANRYUSDT,0.005695,0.00611,7.2871,1774043501090
gate,bybit,VANRYUSDT,0.005695,0.00611,7.2871,1774043501390
gate,bybit,VANRYUSDT,0.005695,0.00611,7.2871,1774043501691
gate,bybit,VANRYUSDT,0.005695,0.00611,7.2871,1774043501991
gate,bybit,VANRYUSDT,0.005695,0.00611,7.2871,1774043502291
gate,bybit,VANRYUSDT,0.005695,0.00611,7.2871,1774043502591
gate,bybit,VANRYUSDT,0.005695,0.00611,7.2871,1774043502892
gate,bybit,VANRYUSDT,0.005695,0.00611,7.2871,1774043503193
gate,bybit,VANRYUSDT,0.005695,0.00611,7.2871,1774043503493
gate,bybit,VANRYUSDT,0.005695,0.00611,7.2871,1774043503793
gate,bybit,VANRYUSDT,0.005695,0.00611,7.2871,1774043504094
gate,bybit,VANRYUSDT,0.005695,0.00611,7.2871,1774043504394
gate,bybit,VANRYUSDT,0.005695,0.00611,7.2871,1774043504694
gate,bybit,VANRYUSDT,0.005695,0.00611,7.2871,1774043504997
gate,bybit,VANRYUSDT,0.005695,0.00611,7.2871,1774043505304
gate,bybit,VANRYUSDT,0.005695,0.00611,7.2871,1774043505610
gate,bybit,VANRYUSDT,0.005695,0.00611,7.2871,1774043505910
gate,bybit,VANRYUSDT,0.005695,0.00611,7.2871,1774043506213
gate,bybit,VANRYUSDT,0.005695,0.00611,7.2871,1774043506514
gate,bybit,VANRYUSDT,0.005695,0.00611,7.2871,1774043506815
gate,bybit,VANRYUSDT,0.005695,0.00611,7.2871,1774043507119
gate,bybit,VANRYUSDT,0.005695,0.00611,7.2871,1774043507423
gate,bybit,VANRYUSDT,0.005695,0.00611,7.2871,1774043507723
gate,bybit,VANRYUSDT,0.005695,0.00611,7.2871,1774043508024
gate,bybit,VANRYUSDT,0.005695,0.00611,7.2871,1774043508324
gate,bybit,VANRYUSDT,0.005695,0.00611,7.2871,1774043508624
gate,bybit,VANRYUSDT,0.005695,0.00611,7.2871,1774043508924
gate,bybit,VANRYUSDT,0.005695,0.00611,7.2871,1774043509224
gate,bybit,VANRYUSDT,0.005695,0.00611,7.2871,1774043509524
gate,bybit,VANRYUSDT,0.005695,0.00611,7.2871,1774043509824
gate,bybit,VANRYUSDT,0.005695,0.00611,7.2871,1774043510124
gate,bybit,VANRYUSDT,0.005695,0.00611,7.2871,1774043510425
gate,bybit,VANRYUSDT,0.005695,0.00611,7.2871,1774043510725
gate,bybit,VANRYUSDT,0.005695,0.00611,7.2871,1774043511025
gate,bybit,VANRYUSDT,0.005695,0.00611,7.2871,1774043511325
gate,bybit,VANRYUSDT,0.005695,0.00611,7.2871,1774043511625
gate,bybit,VANRYUSDT,0.005695,0.00611,7.2871,1774043511926
gate,bybit,VANRYUSDT,0.005696,0.00611,7.2683,1774043512226
gate,bybit,VANRYUSDT,0.005696,0.00611,7.2683,1774043512526
gate,bybit,VANRYUSDT,0.005696,0.00611,7.2683,1774043512826
gate,bybit,VANRYUSDT,0.005696,0.00611,7.2683,1774043513126
gate,bybit,VANRYUSDT,0.005696,0.00611,7.2683,1774043513427
gate,bybit,VANRYUSDT,0.005696,0.00611,7.2683,1774043513727
gate,bybit,VANRYUSDT,0.005696,0.00611,7.2683,1774043514027
gate,bybit,VANRYUSDT,0.005696,0.00611,7.2683,1774043514327
gate,bybit,VANRYUSDT,0.005696,0.00611,7.2683,1774043514629
gate,bybit,VANRYUSDT,0.005696,0.00611,7.2683,1774043514930
gate,bybit,VANRYUSDT,0.005696,0.00611,7.2683,1774043515230
gate,bybit,VANRYUSDT,0.005696,0.00611,7.2683,1774043515530
gate,bybit,VANRYUSDT,0.005696,0.00611,7.2683,1774043515830
gate,bybit,VANRYUSDT,0.005696,0.00611,7.2683,1774043516130
gate,bybit,VANRYUSDT,0.005696,0.00611,7.2683,1774043516430
gate,bybit,VANRYUSDT,0.005696,0.00611,7.2683,1774043516734
gate,bybit,VANRYUSDT,0.005696,0.00611,7.2683,1774043517034
gate,bybit,VANRYUSDT,0.005696,0.00611,7.2683,1774043517335
gate,bybit,VANRYUSDT,0.005696,0.00611,7.2683,1774043517635
gate,bybit,VANRYUSDT,0.005695,0.00611,7.2871,1774043517935
gate,bybit,VANRYUSDT,0.005695,0.00611,7.2871,1774043518235
gate,bybit,VANRYUSDT,0.005695,0.00611,7.2871,1774043518535
gate,bybit,VANRYUSDT,0.005695,0.00611,7.2871,1774043518835
gate,bybit,VANRYUSDT,0.005695,0.00611,7.2871,1774043519135
gate,bybit,VANRYUSDT,0.005695,0.00611,7.2871,1774043519435
gate,bybit,VANRYUSDT,0.005695,0.00611,7.2871,1774043519736
gate,bybit,VANRYUSDT,0.005695,0.00611,7.2871,1774043520036
gate,bybit,VANRYUSDT,0.005695,0.00611,7.2871,1774043520336
gate,bybit,VANRYUSDT,0.005695,0.00611,7.2871,1774043520636
gate,bybit,VANRYUSDT,0.005695,0.00611,7.2871,1774043520937
gate,bybit,VANRYUSDT,0.005695,0.00611,7.2871,1774043521238
gate,bybit,VANRYUSDT,0.005695,0.00611,7.2871,1774043521538
gate,bybit,VANRYUSDT,0.005695,0.00611,7.2871,1774043521838
gate,bybit,VANRYUSDT,0.005696,0.00611,7.2683,1774043522139
gate,bybit,VANRYUSDT,0.005696,0.00611,7.2683,1774043522439
gate,bybit,VANRYUSDT,0.005696,0.00611,7.2683,1774043522739
gate,bybit,VANRYUSDT,0.005696,0.00611,7.2683,1774043523039
gate,bybit,VANRYUSDT,0.005696,0.00611,7.2683,1774043523339
gate,bybit,VANRYUSDT,0.005696,0.00611,7.2683,1774043523640
gate,bybit,VANRYUSDT,0.005696,0.00611,7.2683,1774043523940
gate,bybit,VANRYUSDT,0.005696,0.00611,7.2683,1774043524240
gate,bybit,VANRYUSDT,0.005696,0.00611,7.2683,1774043524540
gate,bybit,VANRYUSDT,0.005696,0.00611,7.2683,1774043524841
gate,bybit,VANRYUSDT,0.005696,0.00611,7.2683,1774043525141
gate,bybit,VANRYUSDT,0.005696,0.00611,7.2683,1774043525442
gate,bybit,VANRYUSDT,0.005696,0.00611,7.2683,1774043525743
gate,bybit,VANRYUSDT,0.005696,0.00611,7.2683,1774043526043
gate,bybit,VANRYUSDT,0.005696,0.00611,7.2683,1774043526344
gate,bybit,VANRYUSDT,0.005696,0.00611,7.2683,1774043526644
gate,bybit,VANRYUSDT,0.005696,0.00611,7.2683,1774043526944
gate,bybit,VANRYUSDT,0.005696,0.00611,7.2683,1774043527244
gate,bybit,VANRYUSDT,0.005696,0.00611,7.2683,1774043527545
gate,bybit,VANRYUSDT,0.005696,0.00611,7.2683,1774043527845
gate,bybit,VANRYUSDT,0.005696,0.00611,7.2683,1774043528145
gate,bybit,VANRYUSDT,0.005696,0.00611,7.2683,1774043528445
gate,bybit,VANRYUSDT,0.005696,0.00611,7.2683,1774043528746
gate,bybit,VANRYUSDT,0.005696,0.00611,7.2683,1774043529046
gate,bybit,VANRYUSDT,0.005696,0.00611,7.2683,1774043529346
gate,bybit,VANRYUSDT,0.005696,0.00611,7.2683,1774043529646
gate,bybit,VANRYUSDT,0.005696,0.00611,7.2683,1774043529946
gate,bybit,VANRYUSDT,0.005696,0.00611,7.2683,1774043530246
gate,bybit,VANRYUSDT,0.005696,0.00611,7.2683,1774043530546
gate,bybit,VANRYUSDT,0.005696,0.00611,7.2683,1774043530846
gate,bybit,VANRYUSDT,0.005696,0.00611,7.2683,1774043531147
gate,bybit,VANRYUSDT,0.005696,0.00611,7.2683,1774043531447
gate,bybit,VANRYUSDT,0.005696,0.00611,7.2683,1774043531748
gate,bybit,VANRYUSDT,0.005696,0.00611,7.2683,1774043532048
gate,bybit,VANRYUSDT,0.005696,0.00611,7.2683,1774043532349
gate,bybit,VANRYUSDT,0.005696,0.00611,7.2683,1774043532650
gate,bybit,VANRYUSDT,0.005696,0.00611,7.2683,1774043532950
gate,bybit,VANRYUSDT,0.005696,0.00611,7.2683,1774043533250
gate,bybit,VANRYUSDT,0.005696,0.00611,7.2683,1774043533550
gate,bybit,VANRYUSDT,0.005696,0.00611,7.2683,1774043533850
gate,bybit,VANRYUSDT,0.005696,0.00611,7.2683,1774043534150
gate,bybit,VANRYUSDT,0.005696,0.00611,7.2683,1774043534450
gate,bybit,VANRYUSDT,0.005696,0.00611,7.2683,1774043534751
gate,bybit,VANRYUSDT,0.005696,0.00611,7.2683,1774043535051
gate,bybit,VANRYUSDT,0.005696,0.00611,7.2683,1774043535352
gate,bybit,VANRYUSDT,0.005696,0.00611,7.2683,1774043535652
gate,bybit,VANRYUSDT,0.005696,0.00611,7.2683,1774043535952
gate,bybit,VANRYUSDT,0.005696,0.00611,7.2683,1774043536252
gate,bybit,VANRYUSDT,0.005696,0.00611,7.2683,1774043536553
gate,bybit,VANRYUSDT,0.005696,0.00611,7.2683,1774043536853
gate,bybit,VANRYUSDT,0.005694,0.00611,7.3059,1774043537153
gate,bybit,VANRYUSDT,0.005695,0.00611,7.2871,1774043537453
gate,bybit,VANRYUSDT,0.005695,0.00611,7.2871,1774043537754
gate,bybit,VANRYUSDT,0.005695,0.00611,7.2871,1774043538054
gate,bybit,VANRYUSDT,0.005695,0.00611,7.2871,1774043538354
gate,bybit,VANRYUSDT,0.005695,0.00611,7.2871,1774043538655
gate,bybit,VANRYUSDT,0.005695,0.00611,7.2871,1774043538955
gate,bybit,VANRYUSDT,0.005695,0.00611,7.2871,1774043539256
gate,bybit,VANRYUSDT,0.005695,0.00611,7.2871,1774043539556
gate,bybit,VANRYUSDT,0.005695,0.00611,7.2871,1774043539857
gate,bybit,VANRYUSDT,0.005695,0.00611,7.2871,1774043540157
gate,bybit,VANRYUSDT,0.005695,0.00611,7.2871,1774043540458
gate,bybit,VANRYUSDT,0.005695,0.00611,7.2871,1774043540758
gate,bybit,VANRYUSDT,0.005695,0.00611,7.2871,1774043541059
gate,bybit,VANRYUSDT,0.005695,0.00611,7.2871,1774043541359
gate,bybit,VANRYUSDT,0.005695,0.00611,7.2871,1774043541659
gate,bybit,VANRYUSDT,0.005695,0.00611,7.2871,1774043541959
gate,bybit,VANRYUSDT,0.005695,0.00611,7.2871,1774043542259
gate,bybit,VANRYUSDT,0.005694,0.00611,7.3059,1774043542559
gate,bybit,VANRYUSDT,0.005694,0.00611,7.3059,1774043542859
gate,bybit,VANRYUSDT,0.005694,0.00611,7.3059,1774043543159
gate,bybit,VANRYUSDT,0.005694,0.00611,7.3059,1774043543460
gate,bybit,VANRYUSDT,0.005694,0.00611,7.3059,1774043543760
gate,bybit,VANRYUSDT,0.005694,0.00611,7.3059,1774043544060
gate,bybit,VANRYUSDT,0.005694,0.00611,7.3059,1774043544360
gate,bybit,VANRYUSDT,0.005694,0.00611,7.3059,1774043544660
gate,bybit,VANRYUSDT,0.005694,0.00611,7.3059,1774043544960
gate,bybit,VANRYUSDT,0.005694,0.00611,7.3059,1774043545261
gate,bybit,VANRYUSDT,0.005694,0.00611,7.3059,1774043545561
gate,bybit,VANRYUSDT,0.005694,0.00611,7.3059,1774043545861
gate,bybit,VANRYUSDT,0.005694,0.00611,7.3059,1774043546162
gate,bybit,VANRYUSDT,0.005694,0.00611,7.3059,1774043546462
gate,bybit,VANRYUSDT,0.005694,0.00611,7.3059,1774043546762
gate,bybit,VANRYUSDT,0.005694,0.00611,7.3059,1774043547062
gate,bybit,VANRYUSDT,0.005694,0.00611,7.3059,1774043547363
gate,bybit,VANRYUSDT,0.005695,0.00611,7.2871,1774043547663
gate,bybit,VANRYUSDT,0.005695,0.00611,7.2871,1774043547963
gate,bybit,VANRYUSDT,0.005694,0.00611,7.3059,1774043548263
gate,bybit,VANRYUSDT,0.005694,0.00611,7.3059,1774043548564
gate,bybit,VANRYUSDT,0.005694,0.00611,7.3059,1774043548864
gate,bybit,VANRYUSDT,0.005694,0.00611,7.3059,1774043549164
gate,bybit,VANRYUSDT,0.005694,0.00611,7.3059,1774043549465
gate,bybit,VANRYUSDT,0.005694,0.00611,7.3059,1774043549765
gate,bybit,VANRYUSDT,0.005694,0.00611,7.3059,1774043550075
gate,bybit,VANRYUSDT,0.005694,0.00611,7.3059,1774043550375
gate,bybit,VANRYUSDT,0.005694,0.00611,7.3059,1774043550675
gate,bybit,VANRYUSDT,0.005694,0.00611,7.3059,1774043550976
gate,bybit,VANRYUSDT,0.005694,0.00611,7.3059,1774043551276
gate,bybit,VANRYUSDT,0.005694,0.00611,7.3059,1774043551576
gate,bybit,VANRYUSDT,0.005694,0.00611,7.3059,1774043551876
gate,bybit,VANRYUSDT,0.005694,0.00611,7.3059,1774043552177
gate,bybit,VANRYUSDT,0.005694,0.00611,7.3059,1774043552477
gate,bybit,VANRYUSDT,0.005694,0.00611,7.3059,1774043552778
gate,bybit,VANRYUSDT,0.005694,0.00611,7.3059,1774043553078
gate,bybit,VANRYUSDT,0.005694,0.00611,7.3059,1774043553379
gate,bybit,VANRYUSDT,0.005694,0.00611,7.3059,1774043553679
gate,bybit,VANRYUSDT,0.005694,0.00611,7.3059,1774043553979
gate,bybit,VANRYUSDT,0.005694,0.00611,7.3059,1774043554279
gate,bybit,VANRYUSDT,0.005694,0.00611,7.3059,1774043554579
gate,bybit,VANRYUSDT,0.005694,0.00611,7.3059,1774043554879
gate,bybit,VANRYUSDT,0.005694,0.00611,7.3059,1774043555180
gate,bybit,VANRYUSDT,0.005694,0.00611,7.3059,1774043555480
gate,bybit,VANRYUSDT,0.005694,0.00611,7.3059,1774043555780
gate,bybit,VANRYUSDT,0.005694,0.00611,7.3059,1774043556080
gate,bybit,VANRYUSDT,0.005694,0.00611,7.3059,1774043556380
gate,bybit,VANRYUSDT,0.005694,0.00611,7.3059,1774043556681
gate,bybit,VANRYUSDT,0.005694,0.00611,7.3059,1774043556981
gate,bybit,VANRYUSDT,0.005694,0.00611,7.3059,1774043557282
gate,bybit,VANRYUSDT,0.005694,0.00611,7.3059,1774043557582
gate,bybit,VANRYUSDT,0.005694,0.00611,7.3059,1774043557883
gate,bybit,VANRYUSDT,0.005694,0.00611,7.3059,1774043558183
gate,bybit,VANRYUSDT,0.005694,0.00611,7.3059,1774043558483
gate,bybit,VANRYUSDT,0.005694,0.00611,7.3059,1774043558783
gate,bybit,VANRYUSDT,0.005694,0.00611,7.3059,1774043559083
gate,bybit,VANRYUSDT,0.00569,0.006107,7.3286,1774043559384
gate,bybit,VANRYUSDT,0.005687,0.006106,7.3677,1774043559684
gate,bybit,VANRYUSDT,0.005688,0.006106,7.3488,1774043559984
gate,bybit,VANRYUSDT,0.005688,0.006106,7.3488,1774043560284
gate,bybit,VANRYUSDT,0.005688,0.006106,7.3488,1774043560585
gate,bybit,VANRYUSDT,0.005688,0.006106,7.3488,1774043560885
gate,bybit,VANRYUSDT,0.005688,0.006106,7.3488,1774043561185
gate,bybit,VANRYUSDT,0.005688,0.006106,7.3488,1774043561486
gate,bybit,VANRYUSDT,0.005688,0.006106,7.3488,1774043561786
gate,bybit,VANRYUSDT,0.005688,0.006106,7.3488,1774043562086
gate,bybit,VANRYUSDT,0.005688,0.006106,7.3488,1774043562386
gate,bybit,VANRYUSDT,0.005688,0.006106,7.3488,1774043562687
gate,bybit,VANRYUSDT,0.005688,0.006106,7.3488,1774043562987
gate,bybit,VANRYUSDT,0.005688,0.006106,7.3488,1774043563287
gate,bybit,VANRYUSDT,0.005688,0.006106,7.3488,1774043563587
gate,bybit,VANRYUSDT,0.005688,0.006106,7.3488,1774043563887
gate,bybit,VANRYUSDT,0.005688,0.006106,7.3488,1774043564188
gate,bybit,VANRYUSDT,0.005688,0.006106,7.3488,1774043564488
gate,bybit,VANRYUSDT,0.005688,0.006106,7.3488,1774043564789
gate,bybit,VANRYUSDT,0.005688,0.006106,7.3488,1774043565089
gate,bybit,VANRYUSDT,0.005688,0.006106,7.3488,1774043565390
gate,bybit,VANRYUSDT,0.005688,0.006106,7.3488,1774043565690
gate,bybit,VANRYUSDT,0.005688,0.006106,7.3488,1774043565990
gate,bybit,VANRYUSDT,0.005688,0.006106,7.3488,1774043566290
gate,bybit,VANRYUSDT,0.005685,0.006102,7.3351,1774043566590
gate,bybit,VANRYUSDT,0.005685,0.006102,7.3351,1774043566891
gate,bybit,VANRYUSDT,0.005685,0.006102,7.3351,1774043567191
gate,bybit,VANRYUSDT,0.005685,0.006102,7.3351,1774043567491
gate,bybit,VANRYUSDT,0.005685,0.006102,7.3351,1774043567791
gate,bybit,VANRYUSDT,0.005685,0.006102,7.3351,1774043568091
gate,bybit,VANRYUSDT,0.005685,0.006102,7.3351,1774043568392
gate,bybit,VANRYUSDT,0.005686,0.006103,7.3338,1774043568692
gate,bybit,VANRYUSDT,0.005687,0.006103,7.3149,1774043568992
gate,bybit,VANRYUSDT,0.005686,0.006103,7.3338,1774043569292
gate,bybit,VANRYUSDT,0.005686,0.006103,7.3338,1774043569593
gate,bybit,VANRYUSDT,0.005686,0.006103,7.3338,1774043569893
gate,bybit,VANRYUSDT,0.005686,0.006103,7.3338,1774043570194
gate,bybit,VANRYUSDT,0.005686,0.006103,7.3338,1774043570494
gate,bybit,VANRYUSDT,0.005686,0.006103,7.3338,1774043570794
gate,bybit,VANRYUSDT,0.005686,0.006103,7.3338,1774043571094
gate,bybit,VANRYUSDT,0.005686,0.006103,7.3338,1774043571394
gate,bybit,VANRYUSDT,0.005686,0.006103,7.3338,1774043571695
gate,bybit,VANRYUSDT,0.005686,0.006103,7.3338,1774043571996
gate,bybit,VANRYUSDT,0.005686,0.006103,7.3338,1774043572302
gate,bybit,VANRYUSDT,0.005686,0.006103,7.3338,1774043572611
gate,bybit,VANRYUSDT,0.005686,0.006103,7.3338,1774043572913
gate,bybit,VANRYUSDT,0.005686,0.006103,7.3338,1774043573215
gate,bybit,VANRYUSDT,0.005686,0.006103,7.3338,1774043573519
gate,bybit,VANRYUSDT,0.005687,0.006104,7.3325,1774043573821
gate,bybit,VANRYUSDT,0.005687,0.006104,7.3325,1774043574121
gate,bybit,VANRYUSDT,0.005687,0.006104,7.3325,1774043574428
gate,bybit,VANRYUSDT,0.005687,0.006104,7.3325,1774043574728
gate,bybit,VANRYUSDT,0.005687,0.006104,7.3325,1774043575029
gate,bybit,VANRYUSDT,0.005687,0.006104,7.3325,1774043575329
gate,bybit,VANRYUSDT,0.005687,0.006104,7.3325,1774043575629
gate,bybit,VANRYUSDT,0.005687,0.006104,7.3325,1774043575929
gate,bybit,VANRYUSDT,0.005687,0.006104,7.3325,1774043576230
gate,bybit,VANRYUSDT,0.005687,0.006104,7.3325,1774043576530
gate,bybit,VANRYUSDT,0.005687,0.006104,7.3325,1774043576830
gate,bybit,VANRYUSDT,0.005687,0.006104,7.3325,1774043577130
gate,bybit,VANRYUSDT,0.005687,0.006104,7.3325,1774043577430
gate,bybit,VANRYUSDT,0.005687,0.006104,7.3325,1774043577731
gate,bybit,VANRYUSDT,0.005687,0.006104,7.3325,1774043578031
gate,bybit,VANRYUSDT,0.005687,0.006104,7.3325,1774043578332
gate,bybit,VANRYUSDT,0.005687,0.006104,7.3325,1774043578632
gate,bybit,VANRYUSDT,0.005687,0.006104,7.3325,1774043578932
gate,bybit,VANRYUSDT,0.005687,0.006104,7.3325,1774043579236
gate,bybit,VANRYUSDT,0.005687,0.006104,7.3325,1774043579537
gate,bybit,VANRYUSDT,0.005687,0.006104,7.3325,1774043579837
gate,bybit,VANRYUSDT,0.005687,0.006104,7.3325,1774043580137
gate,bybit,VANRYUSDT,0.005687,0.006104,7.3325,1774043580438
gate,bybit,VANRYUSDT,0.005687,0.006104,7.3325,1774043580738
gate,bybit,VANRYUSDT,0.005689,0.006105,7.3124,1774043581038
gate,bybit,VANRYUSDT,0.005689,0.006105,7.3124,1774043581338
gate,bybit,VANRYUSDT,0.005689,0.006105,7.3124,1774043581638
gate,bybit,VANRYUSDT,0.005689,0.006105,7.3124,1774043581938
gate,bybit,VANRYUSDT,0.005689,0.006105,7.3124,1774043582238
gate,bybit,VANRYUSDT,0.005689,0.006105,7.3124,1774043582538
gate,bybit,VANRYUSDT,0.005689,0.006105,7.3124,1774043582839
gate,bybit,VANRYUSDT,0.005689,0.006105,7.3124,1774043583139
gate,bybit,VANRYUSDT,0.005689,0.006105,7.3124,1774043583440
gate,bybit,VANRYUSDT,0.005689,0.006105,7.3124,1774043583740
gate,bybit,VANRYUSDT,0.005689,0.006105,7.3124,1774043584040
gate,bybit,VANRYUSDT,0.005689,0.006105,7.3124,1774043584340
gate,bybit,VANRYUSDT,0.005689,0.006105,7.3124,1774043584640
gate,bybit,VANRYUSDT,0.005689,0.006105,7.3124,1774043584940
gate,bybit,VANRYUSDT,0.005689,0.006105,7.3124,1774043585242
gate,bybit,VANRYUSDT,0.005689,0.006105,7.3124,1774043585542
gate,bybit,VANRYUSDT,0.005689,0.006105,7.3124,1774043585842
gate,bybit,VANRYUSDT,0.005689,0.006105,7.3124,1774043586142
gate,bybit,VANRYUSDT,0.005689,0.006105,7.3124,1774043586442
gate,bybit,VANRYUSDT,0.005689,0.006105,7.3124,1774043586742
gate,bybit,VANRYUSDT,0.005689,0.006105,7.3124,1774043587043
gate,bybit,VANRYUSDT,0.005689,0.006105,7.3124,1774043587343
gate,bybit,VANRYUSDT,0.005689,0.006105,7.3124,1774043587643
gate,bybit,VANRYUSDT,0.005689,0.006105,7.3124,1774043587943
gate,bybit,VANRYUSDT,0.005689,0.006105,7.3124,1774043588243
gate,bybit,VANRYUSDT,0.005689,0.006105,7.3124,1774043588544
gate,bybit,VANRYUSDT,0.005689,0.006105,7.3124,1774043588844
gate,bybit,VANRYUSDT,0.005689,0.006105,7.3124,1774043589144
gate,bybit,VANRYUSDT,0.005689,0.006105,7.3124,1774043589444
gate,bybit,VANRYUSDT,0.005689,0.006105,7.3124,1774043589744
gate,bybit,VANRYUSDT,0.005689,0.006105,7.3124,1774043590045
gate,bybit,VANRYUSDT,0.005689,0.006105,7.3124,1774043590345
gate,bybit,VANRYUSDT,0.005689,0.006105,7.3124,1774043590645
gate,bybit,VANRYUSDT,0.005689,0.006105,7.3124,1774043590945
gate,bybit,VANRYUSDT,0.005689,0.006105,7.3124,1774043591246
gate,bybit,VANRYUSDT,0.005689,0.006105,7.3124,1774043591546
gate,bybit,VANRYUSDT,0.005689,0.006105,7.3124,1774043591846
gate,bybit,VANRYUSDT,0.005689,0.006105,7.3124,1774043592146
gate,bybit,VANRYUSDT,0.005689,0.006105,7.3124,1774043592446
gate,bybit,VANRYUSDT,0.005689,0.006105,7.3124,1774043592746
gate,bybit,VANRYUSDT,0.005689,0.006105,7.3124,1774043593046
gate,bybit,VANRYUSDT,0.005689,0.006105,7.3124,1774043593347
gate,bybit,VANRYUSDT,0.005689,0.006105,7.3124,1774043593647
gate,bybit,VANRYUSDT,0.005689,0.006105,7.3124,1774043593947
gate,bybit,VANRYUSDT,0.005688,0.006105,7.3312,1774043594247
gate,bybit,VANRYUSDT,0.005688,0.006105,7.3312,1774043594548
gate,bybit,VANRYUSDT,0.005688,0.006105,7.3312,1774043594848
gate,bybit,VANRYUSDT,0.005688,0.006105,7.3312,1774043595148
gate,bybit,VANRYUSDT,0.005688,0.006105,7.3312,1774043595448
gate,bybit,VANRYUSDT,0.005688,0.006105,7.3312,1774043595748
gate,bybit,VANRYUSDT,0.005688,0.006105,7.3312,1774043596048
gate,bybit,VANRYUSDT,0.005688,0.006105,7.3312,1774043596348
gate,bybit,VANRYUSDT,0.005688,0.006105,7.3312,1774043596648
gate,bybit,VANRYUSDT,0.005688,0.006105,7.3312,1774043596948
gate,bybit,VANRYUSDT,0.005688,0.006105,7.3312,1774043597249
gate,bybit,VANRYUSDT,0.005688,0.006105,7.3312,1774043597549
gate,bybit,VANRYUSDT,0.005688,0.006105,7.3312,1774043597849
gate,bybit,VANRYUSDT,0.005688,0.006105,7.3312,1774043598149
gate,bybit,VANRYUSDT,0.005687,0.006105,7.3501,1774043598449
gate,bybit,VANRYUSDT,0.005688,0.006105,7.3312,1774043598749
gate,bybit,VANRYUSDT,0.005688,0.006105,7.3312,1774043599053
gate,bybit,VANRYUSDT,0.005688,0.006105,7.3312,1774043599353
gate,bybit,VANRYUSDT,0.005688,0.006105,7.3312,1774043599654
gate,bybit,VANRYUSDT,0.005688,0.006105,7.3312,1774043599954
gate,bybit,VANRYUSDT,0.005688,0.006105,7.3312,1774043600254
gate,bybit,VANRYUSDT,0.005688,0.006105,7.3312,1774043600554
gate,bybit,VANRYUSDT,0.005688,0.006105,7.3312,1774043600854
gate,bybit,VANRYUSDT,0.005688,0.006105,7.3312,1774043601155
gate,bybit,VANRYUSDT,0.005688,0.006105,7.3312,1774043601455
gate,bybit,VANRYUSDT,0.005688,0.006105,7.3312,1774043601755
gate,bybit,VANRYUSDT,0.005688,0.006105,7.3312,1774043602055
gate,bybit,VANRYUSDT,0.005688,0.006105,7.3312,1774043602355
gate,bybit,VANRYUSDT,0.005688,0.006105,7.3312,1774043602655
gate,bybit,VANRYUSDT,0.005688,0.006105,7.3312,1774043602955
gate,bybit,VANRYUSDT,0.005688,0.006105,7.3312,1774043603256
gate,bybit,VANRYUSDT,0.005688,0.006105,7.3312,1774043603556
gate,bybit,VANRYUSDT,0.005688,0.006105,7.3312,1774043603856
gate,bybit,VANRYUSDT,0.005688,0.006105,7.3312,1774043604157
gate,bybit,VANRYUSDT,0.005688,0.006105,7.3312,1774043604457
gate,bybit,VANRYUSDT,0.005688,0.006105,7.3312,1774043604757
gate,bybit,VANRYUSDT,0.005688,0.006105,7.3312,1774043605057
gate,bybit,VANRYUSDT,0.005688,0.006105,7.3312,1774043605358
gate,bybit,VANRYUSDT,0.005688,0.006105,7.3312,1774043605658
gate,bybit,VANRYUSDT,0.005688,0.006105,7.3312,1774043605958
gate,bybit,VANRYUSDT,0.005688,0.006105,7.3312,1774043606258
gate,bybit,VANRYUSDT,0.005689,0.006105,7.3124,1774043606558
gate,bybit,VANRYUSDT,0.005688,0.006105,7.3312,1774043606859
gate,bybit,VANRYUSDT,0.005688,0.006105,7.3312,1774043607159
gate,bybit,VANRYUSDT,0.005688,0.006105,7.3312,1774043607459
gate,bybit,VANRYUSDT,0.005688,0.006105,7.3312,1774043607759
gate,bybit,VANRYUSDT,0.005688,0.006105,7.3312,1774043608059
gate,bybit,VANRYUSDT,0.005688,0.006105,7.3312,1774043608360
gate,bybit,VANRYUSDT,0.005688,0.006105,7.3312,1774043608660
gate,bybit,VANRYUSDT,0.005688,0.006105,7.3312,1774043608961
gate,bybit,VANRYUSDT,0.005688,0.006105,7.3312,1774043609261
gate,bybit,VANRYUSDT,0.005688,0.006105,7.3312,1774043609562
gate,bybit,VANRYUSDT,0.005688,0.006105,7.3312,1774043609862
gate,bybit,VANRYUSDT,0.005688,0.006105,7.3312,1774043610162
gate,bybit,VANRYUSDT,0.005688,0.006105,7.3312,1774043610462
gate,bybit,VANRYUSDT,0.005687,0.006105,7.3501,1774043610763
gate,bybit,VANRYUSDT,0.005688,0.006105,7.3312,1774043611063
gate,bybit,VANRYUSDT,0.005688,0.006105,7.3312,1774043611363
gate,bybit,VANRYUSDT,0.005687,0.006105,7.3501,1774043611663
gate,bybit,VANRYUSDT,0.005687,0.006105,7.3501,1774043611963
gate,bybit,VANRYUSDT,0.005687,0.006105,7.3501,1774043612263
gate,bybit,VANRYUSDT,0.005687,0.006105,7.3501,1774043612564
gate,bybit,VANRYUSDT,0.005687,0.006105,7.3501,1774043612865
gate,bybit,VANRYUSDT,0.005687,0.006105,7.3501,1774043613165
gate,bybit,VANRYUSDT,0.005687,0.006105,7.3501,1774043613465
gate,bybit,VANRYUSDT,0.005687,0.006105,7.3501,1774043613765
gate,bybit,VANRYUSDT,0.005687,0.006105,7.3501,1774043614065
gate,bybit,VANRYUSDT,0.005687,0.006105,7.3501,1774043614366
gate,bybit,VANRYUSDT,0.005687,0.006105,7.3501,1774043614666
gate,bybit,VANRYUSDT,0.005687,0.006105,7.3501,1774043614966
gate,bybit,VANRYUSDT,0.005687,0.006105,7.3501,1774043615266
gate,bybit,VANRYUSDT,0.005687,0.006105,7.3501,1774043615566
gate,bybit,VANRYUSDT,0.005687,0.006105,7.3501,1774043615867
gate,bybit,VANRYUSDT,0.005687,0.006105,7.3501,1774043616167
gate,bybit,VANRYUSDT,0.005687,0.006105,7.3501,1774043616468
gate,bybit,VANRYUSDT,0.005687,0.006105,7.3501,1774043616768
gate,bybit,VANRYUSDT,0.005685,0.006103,7.3527,1774043617068
gate,bybit,VANRYUSDT,0.005685,0.006103,7.3527,1774043617368
gate,bybit,VANRYUSDT,0.005685,0.006103,7.3527,1774043617669
gate,bybit,VANRYUSDT,0.005685,0.006103,7.3527,1774043617969
gate,bybit,VANRYUSDT,0.005686,0.006103,7.3338,1774043618269
gate,bybit,VANRYUSDT,0.005685,0.006103,7.3527,1774043618569
gate,bybit,VANRYUSDT,0.005685,0.006103,7.3527,1774043618870
gate,bybit,VANRYUSDT,0.005685,0.006102,7.3351,1774043619170
gate,bybit,VANRYUSDT,0.005685,0.006102,7.3351,1774043619471
gate,bybit,VANRYUSDT,0.005685,0.006102,7.3351,1774043619771
gate,bybit,VANRYUSDT,0.005685,0.006102,7.3351,1774043620071
gate,bybit,VANRYUSDT,0.005685,0.006102,7.3351,1774043620372
gate,bybit,VANRYUSDT,0.005685,0.006102,7.3351,1774043620672
gate,bybit,VANRYUSDT,0.005685,0.006102,7.3351,1774043620972
gate,bybit,VANRYUSDT,0.005685,0.006102,7.3351,1774043621273
gate,bybit,VANRYUSDT,0.005685,0.006102,7.3351,1774043621574
gate,bybit,VANRYUSDT,0.005685,0.006102,7.3351,1774043621875
gate,bybit,VANRYUSDT,0.005685,0.006102,7.3351,1774043622175
gate,bybit,VANRYUSDT,0.005685,0.006102,7.3351,1774043622476
gate,bybit,VANRYUSDT,0.005685,0.006102,7.3351,1774043622776
gate,bybit,VANRYUSDT,0.005685,0.006102,7.3351,1774043623076
gate,bybit,VANRYUSDT,0.005685,0.006102,7.3351,1774043623376
gate,bybit,VANRYUSDT,0.005685,0.006102,7.3351,1774043623677
gate,bybit,VANRYUSDT,0.005685,0.006102,7.3351,1774043623977
gate,bybit,VANRYUSDT,0.005685,0.006102,7.3351,1774043624277
gate,bybit,VANRYUSDT,0.005685,0.006102,7.3351,1774043624578
gate,bybit,VANRYUSDT,0.005685,0.006102,7.3351,1774043624879
gate,bybit,VANRYUSDT,0.005685,0.006102,7.3351,1774043625179
gate,bybit,VANRYUSDT,0.005685,0.006102,7.3351,1774043625479
gate,bybit,VANRYUSDT,0.005685,0.006102,7.3351,1774043625780
gate,bybit,VANRYUSDT,0.005685,0.006102,7.3351,1774043626082
gate,bybit,VANRYUSDT,0.005685,0.006102,7.3351,1774043626383
gate,bybit,VANRYUSDT,0.005685,0.006102,7.3351,1774043626683
gate,bybit,VANRYUSDT,0.005685,0.006102,7.3351,1774043626983
gate,bybit,VANRYUSDT,0.005685,0.006102,7.3351,1774043627284
gate,bybit,VANRYUSDT,0.005685,0.006102,7.3351,1774043627584
gate,bybit,VANRYUSDT,0.005685,0.006102,7.3351,1774043627884
gate,bybit,VANRYUSDT,0.005685,0.006102,7.3351,1774043628185
gate,bybit,VANRYUSDT,0.005685,0.006102,7.3351,1774043628485
gate,bybit,VANRYUSDT,0.005685,0.006102,7.3351,1774043628785
gate,bybit,VANRYUSDT,0.005685,0.006102,7.3351,1774043629085
gate,bybit,VANRYUSDT,0.005685,0.006102,7.3351,1774043629385
gate,bybit,VANRYUSDT,0.005685,0.006102,7.3351,1774043629686
gate,bybit,VANRYUSDT,0.005685,0.006102,7.3351,1774043629986
gate,bybit,VANRYUSDT,0.005685,0.006102,7.3351,1774043630286
gate,bybit,VANRYUSDT,0.005685,0.006102,7.3351,1774043630586
gate,bybit,VANRYUSDT,0.005685,0.006102,7.3351,1774043630886
gate,bybit,VANRYUSDT,0.005685,0.006102,7.3351,1774043631187
gate,bybit,VANRYUSDT,0.005685,0.006102,7.3351,1774043631487
gate,bybit,VANRYUSDT,0.005685,0.006102,7.3351,1774043631787
gate,bybit,VANRYUSDT,0.005685,0.006102,7.3351,1774043632087
gate,bybit,VANRYUSDT,0.005685,0.006102,7.3351,1774043632388
gate,bybit,VANRYUSDT,0.005685,0.006102,7.3351,1774043632688
gate,bybit,VANRYUSDT,0.005685,0.006102,7.3351,1774043632988
gate,bybit,VANRYUSDT,0.005685,0.006102,7.3351,1774043633288
gate,bybit,VANRYUSDT,0.005685,0.006102,7.3351,1774043633588
gate,bybit,VANRYUSDT,0.005685,0.006102,7.3351,1774043633889
gate,bybit,VANRYUSDT,0.005685,0.006102,7.3351,1774043634189
gate,bybit,VANRYUSDT,0.005685,0.006102,7.3351,1774043634489
gate,bybit,VANRYUSDT,0.005685,0.006102,7.3351,1774043634790
gate,bybit,VANRYUSDT,0.005685,0.006102,7.3351,1774043635090
gate,bybit,VANRYUSDT,0.005685,0.006102,7.3351,1774043635391
gate,bybit,VANRYUSDT,0.005685,0.006102,7.3351,1774043635691
gate,bybit,VANRYUSDT,0.005685,0.006102,7.3351,1774043635991
gate,bybit,VANRYUSDT,0.005685,0.006102,7.3351,1774043636292
gate,bybit,VANRYUSDT,0.005685,0.006102,7.3351,1774043636592
gate,bybit,VANRYUSDT,0.005685,0.006102,7.3351,1774043636893
gate,bybit,VANRYUSDT,0.005685,0.006102,7.3351,1774043637193
gate,bybit,VANRYUSDT,0.005685,0.006102,7.3351,1774043637494
gate,bybit,VANRYUSDT,0.005685,0.006102,7.3351,1774043637795
gate,bybit,VANRYUSDT,0.005685,0.006102,7.3351,1774043638095
gate,bybit,VANRYUSDT,0.005685,0.006102,7.3351,1774043638396
gate,bybit,VANRYUSDT,0.005685,0.006102,7.3351,1774043638702
gate,bybit,VANRYUSDT,0.005685,0.006102,7.3351,1774043639011
gate,bybit,VANRYUSDT,0.005685,0.006102,7.3351,1774043639313
gate,bybit,VANRYUSDT,0.005685,0.006102,7.3351,1774043639615
gate,bybit,VANRYUSDT,0.005685,0.006102,7.3351,1774043639916
gate,bybit,VANRYUSDT,0.005685,0.006102,7.3351,1774043640220
gate,bybit,VANRYUSDT,0.005685,0.006102,7.3351,1774043640521
gate,bybit,VANRYUSDT,0.005685,0.006102,7.3351,1774043640825
gate,bybit,VANRYUSDT,0.005685,0.006102,7.3351,1774043641125
gate,bybit,VANRYUSDT,0.005685,0.006102,7.3351,1774043641425
gate,bybit,VANRYUSDT,0.005685,0.006102,7.3351,1774043641725
gate,bybit,VANRYUSDT,0.005685,0.006102,7.3351,1774043642025
gate,bybit,VANRYUSDT,0.005685,0.006102,7.3351,1774043642325
gate,bybit,VANRYUSDT,0.005685,0.006102,7.3351,1774043642626
gate,bybit,VANRYUSDT,0.005685,0.006102,7.3351,1774043642926
gate,bybit,VANRYUSDT,0.005685,0.006102,7.3351,1774043643226
gate,bybit,VANRYUSDT,0.005685,0.006102,7.3351,1774043643526
gate,bybit,VANRYUSDT,0.005685,0.006102,7.3351,1774043643827
gate,bybit,VANRYUSDT,0.005685,0.006102,7.3351,1774043644127
gate,bybit,VANRYUSDT,0.005685,0.006102,7.3351,1774043644427
gate,bybit,VANRYUSDT,0.005685,0.006102,7.3351,1774043644727
gate,bybit,VANRYUSDT,0.005685,0.006102,7.3351,1774043645027
gate,bybit,VANRYUSDT,0.005685,0.006102,7.3351,1774043645327
gate,bybit,VANRYUSDT,0.005685,0.006102,7.3351,1774043645628
gate,bybit,VANRYUSDT,0.005685,0.006102,7.3351,1774043645929
gate,bybit,VANRYUSDT,0.005685,0.006102,7.3351,1774043646229
gate,bybit,VANRYUSDT,0.005685,0.006102,7.3351,1774043646529
gate,bybit,VANRYUSDT,0.005685,0.006102,7.3351,1774043646830
gate,bybit,VANRYUSDT,0.005685,0.006102,7.3351,1774043647130
gate,bybit,VANRYUSDT,0.005685,0.006102,7.3351,1774043647430
gate,bybit,VANRYUSDT,0.005685,0.006102,7.3351,1774043647730
gate,bybit,VANRYUSDT,0.005685,0.006102,7.3351,1774043648030
gate,bybit,VANRYUSDT,0.005685,0.006102,7.3351,1774043648331
gate,bybit,VANRYUSDT,0.005685,0.006102,7.3351,1774043648631
gate,bybit,VANRYUSDT,0.005685,0.006102,7.3351,1774043648931
gate,bybit,VANRYUSDT,0.005685,0.006102,7.3351,1774043649231
gate,bybit,VANRYUSDT,0.005685,0.006102,7.3351,1774043649532
gate,bybit,VANRYUSDT,0.005685,0.006102,7.3351,1774043649832
gate,bybit,VANRYUSDT,0.005685,0.006102,7.3351,1774043650132
gate,bybit,VANRYUSDT,0.005685,0.006102,7.3351,1774043650432
gate,bybit,VANRYUSDT,0.005685,0.006102,7.3351,1774043650733
gate,bybit,VANRYUSDT,0.005685,0.006102,7.3351,1774043651033
gate,bybit,VANRYUSDT,0.005685,0.006102,7.3351,1774043651333
gate,bybit,VANRYUSDT,0.005685,0.006102,7.3351,1774043651634
gate,bybit,VANRYUSDT,0.005685,0.006102,7.3351,1774043651934
gate,bybit,VANRYUSDT,0.005685,0.006102,7.3351,1774043652234
gate,bybit,VANRYUSDT,0.005685,0.006102,7.3351,1774043652535
gate,bybit,VANRYUSDT,0.005685,0.006102,7.3351,1774043652835
gate,bybit,VANRYUSDT,0.005685,0.006102,7.3351,1774043653135
gate,bybit,VANRYUSDT,0.005685,0.006102,7.3351,1774043653435
gate,bybit,VANRYUSDT,0.005685,0.006102,7.3351,1774043653736
gate,bybit,VANRYUSDT,0.005685,0.006102,7.3351,1774043654036
gate,bybit,VANRYUSDT,0.005685,0.006102,7.3351,1774043654337
gate,bybit,VANRYUSDT,0.005685,0.006102,7.3351,1774043654638
gate,bybit,VANRYUSDT,0.005685,0.006102,7.3351,1774043654938
gate,bybit,VANRYUSDT,0.005685,0.006102,7.3351,1774043655238
gate,bybit,VANRYUSDT,0.005685,0.006102,7.3351,1774043655538
gate,bybit,VANRYUSDT,0.005685,0.006102,7.3351,1774043655838
gate,bybit,VANRYUSDT,0.005685,0.006102,7.3351,1774043656138
gate,bybit,VANRYUSDT,0.005685,0.006102,7.3351,1774043656439
gate,bybit,VANRYUSDT,0.005685,0.006102,7.3351,1774043656739
gate,bybit,VANRYUSDT,0.005685,0.006102,7.3351,1774043657039
gate,bybit,VANRYUSDT,0.005685,0.006102,7.3351,1774043657339
gate,bybit,VANRYUSDT,0.005685,0.006102,7.3351,1774043657639
gate,bybit,VANRYUSDT,0.005685,0.006102,7.3351,1774043657939
gate,bybit,VANRYUSDT,0.005685,0.006102,7.3351,1774043658240
gate,bybit,VANRYUSDT,0.005683,0.006102,7.3729,1774043658540
gate,bybit,VANRYUSDT,0.005684,0.006102,7.354,1774043658840
gate,bybit,VANRYUSDT,0.005684,0.006102,7.354,1774043659140
gate,bybit,VANRYUSDT,0.005685,0.006102,7.3351,1774043659440
gate,bybit,VANRYUSDT,0.005685,0.006102,7.3351,1774043659741
gate,bybit,VANRYUSDT,0.005685,0.006102,7.3351,1774043660041
gate,bybit,VANRYUSDT,0.005685,0.006102,7.3351,1774043660341
gate,bybit,VANRYUSDT,0.005685,0.006102,7.3351,1774043660641
gate,bybit,VANRYUSDT,0.005685,0.006102,7.3351,1774043660942
gate,bybit,VANRYUSDT,0.005685,0.006102,7.3351,1774043661242
gate,bybit,VANRYUSDT,0.005685,0.006102,7.3351,1774043661542
gate,bybit,VANRYUSDT,0.005685,0.006102,7.3351,1774043661842
gate,bybit,VANRYUSDT,0.005685,0.006102,7.3351,1774043662143
gate,bybit,VANRYUSDT,0.005685,0.006102,7.3351,1774043662444
gate,bybit,VANRYUSDT,0.005685,0.006102,7.3351,1774043662748
gate,bybit,VANRYUSDT,0.005684,0.006102,7.354,1774043663053
gate,bybit,VANRYUSDT,0.005684,0.006102,7.354,1774043663353
gate,bybit,VANRYUSDT,0.005684,0.006102,7.354,1774043663653
gate,bybit,VANRYUSDT,0.005684,0.006102,7.354,1774043663953
gate,bybit,VANRYUSDT,0.005684,0.006102,7.354,1774043664253
gate,bybit,VANRYUSDT,0.005684,0.006102,7.354,1774043664553
gate,bybit,VANRYUSDT,0.005684,0.006102,7.354,1774043664854
gate,bybit,VANRYUSDT,0.005684,0.006102,7.354,1774043665154
gate,bybit,VANRYUSDT,0.005684,0.006102,7.354,1774043665454
gate,bybit,VANRYUSDT,0.005684,0.006102,7.354,1774043665754
gate,bybit,VANRYUSDT,0.005684,0.006102,7.354,1774043666055
gate,bybit,VANRYUSDT,0.005684,0.006102,7.354,1774043666355
gate,bybit,VANRYUSDT,0.005684,0.006102,7.354,1774043666655
gate,bybit,VANRYUSDT,0.005684,0.006102,7.354,1774043666955
gate,bybit,VANRYUSDT,0.005684,0.006102,7.354,1774043667255
gate,bybit,VANRYUSDT,0.005684,0.006102,7.354,1774043667555
gate,bybit,VANRYUSDT,0.005684,0.006102,7.354,1774043667856
gate,bybit,VANRYUSDT,0.005684,0.006102,7.354,1774043668156
gate,bybit,VANRYUSDT,0.005684,0.006102,7.354,1774043668456
gate,bybit,VANRYUSDT,0.005684,0.006102,7.354,1774043668756
gate,bybit,VANRYUSDT,0.005684,0.006102,7.354,1774043669056
gate,bybit,VANRYUSDT,0.005684,0.006102,7.354,1774043669357
gate,bybit,VANRYUSDT,0.005684,0.006102,7.354,1774043669657
gate,bybit,VANRYUSDT,0.005684,0.006102,7.354,1774043669957
gate,bybit,VANRYUSDT,0.005684,0.006102,7.354,1774043670257
gate,bybit,VANRYUSDT,0.005684,0.006102,7.354,1774043670557
gate,bybit,VANRYUSDT,0.005684,0.006102,7.354,1774043670857
gate,bybit,VANRYUSDT,0.005684,0.006102,7.354,1774043671158
gate,bybit,VANRYUSDT,0.005684,0.006102,7.354,1774043671458
gate,bybit,VANRYUSDT,0.005684,0.006102,7.354,1774043671758
gate,bybit,VANRYUSDT,0.005684,0.006102,7.354,1774043672058
gate,bybit,VANRYUSDT,0.005684,0.006102,7.354,1774043672358
gate,bybit,VANRYUSDT,0.005684,0.006102,7.354,1774043672659
gate,bybit,VANRYUSDT,0.005684,0.006102,7.354,1774043672959
gate,bybit,VANRYUSDT,0.005684,0.006102,7.354,1774043673259
gate,bybit,VANRYUSDT,0.005684,0.006102,7.354,1774043673559
gate,bybit,VANRYUSDT,0.005684,0.006102,7.354,1774043673860
gate,bybit,VANRYUSDT,0.005684,0.006102,7.354,1774043674160
gate,bybit,VANRYUSDT,0.005684,0.006102,7.354,1774043674460
gate,bybit,VANRYUSDT,0.005684,0.006102,7.354,1774043674760
gate,bybit,VANRYUSDT,0.005684,0.006102,7.354,1774043675060
gate,bybit,VANRYUSDT,0.005684,0.006102,7.354,1774043675361
gate,bybit,VANRYUSDT,0.005684,0.006102,7.354,1774043675661
gate,bybit,VANRYUSDT,0.005684,0.006102,7.354,1774043675961
gate,bybit,VANRYUSDT,0.005684,0.006102,7.354,1774043676261
gate,bybit,VANRYUSDT,0.005684,0.006102,7.354,1774043676562
gate,bybit,VANRYUSDT,0.005684,0.006102,7.354,1774043676862
gate,bybit,VANRYUSDT,0.005684,0.006102,7.354,1774043677162
gate,bybit,VANRYUSDT,0.005684,0.006102,7.354,1774043677462
gate,bybit,VANRYUSDT,0.005684,0.006102,7.354,1774043677762
gate,bybit,VANRYUSDT,0.005684,0.006102,7.354,1774043678063
gate,bybit,VANRYUSDT,0.005684,0.006102,7.354,1774043678363
gate,bybit,VANRYUSDT,0.005684,0.006102,7.354,1774043678663
gate,bybit,VANRYUSDT,0.005684,0.006102,7.354,1774043678963
gate,bybit,VANRYUSDT,0.005684,0.006102,7.354,1774043679263
gate,bybit,VANRYUSDT,0.005684,0.006102,7.354,1774043679563
gate,bybit,VANRYUSDT,0.005684,0.006102,7.354,1774043679864
gate,bybit,VANRYUSDT,0.005684,0.006102,7.354,1774043680164
gate,bybit,VANRYUSDT,0.005684,0.006102,7.354,1774043680464
gate,bybit,VANRYUSDT,0.005684,0.006102,7.354,1774043680764
gate,bybit,VANRYUSDT,0.005684,0.006102,7.354,1774043681065
gate,bybit,VANRYUSDT,0.005684,0.006102,7.354,1774043681365
gate,bybit,VANRYUSDT,0.005684,0.006102,7.354,1774043681666
gate,bybit,VANRYUSDT,0.005684,0.006102,7.354,1774043681966
gate,bybit,VANRYUSDT,0.005684,0.006102,7.354,1774043682266
gate,bybit,VANRYUSDT,0.005684,0.006102,7.354,1774043682567
gate,bybit,VANRYUSDT,0.005684,0.006102,7.354,1774043682867
gate,bybit,VANRYUSDT,0.005684,0.006102,7.354,1774043683167
gate,bybit,VANRYUSDT,0.005684,0.006102,7.354,1774043683467
gate,bybit,VANRYUSDT,0.005684,0.006102,7.354,1774043683768
gate,bybit,VANRYUSDT,0.005684,0.006102,7.354,1774043684068
gate,bybit,VANRYUSDT,0.005684,0.006102,7.354,1774043684368
gate,bybit,VANRYUSDT,0.005684,0.006102,7.354,1774043684668
gate,bybit,VANRYUSDT,0.005684,0.006102,7.354,1774043684969
gate,bybit,VANRYUSDT,0.005684,0.006102,7.354,1774043685269
gate,bybit,VANRYUSDT,0.005684,0.006102,7.354,1774043685569
gate,bybit,VANRYUSDT,0.005684,0.006102,7.354,1774043685869
gate,bybit,VANRYUSDT,0.005684,0.006102,7.354,1774043686170
gate,bybit,VANRYUSDT,0.005684,0.006102,7.354,1774043686470
gate,bybit,VANRYUSDT,0.005684,0.006102,7.354,1774043686770
gate,bybit,VANRYUSDT,0.005684,0.006102,7.354,1774043687070
gate,bybit,VANRYUSDT,0.005684,0.006102,7.354,1774043687371
gate,bybit,VANRYUSDT,0.005684,0.006102,7.354,1774043687671
gate,bybit,VANRYUSDT,0.005684,0.006102,7.354,1774043687971
gate,bybit,VANRYUSDT,0.005684,0.006102,7.354,1774043688271
gate,bybit,VANRYUSDT,0.005683,0.006102,7.3729,1774043688572
gate,bybit,VANRYUSDT,0.005683,0.006102,7.3729,1774043688872
gate,bybit,VANRYUSDT,0.005683,0.006102,7.3729,1774043689172
gate,bybit,VANRYUSDT,0.005683,0.006102,7.3729,1774043689473
gate,bybit,VANRYUSDT,0.005683,0.006102,7.3729,1774043689773
gate,bybit,VANRYUSDT,0.005683,0.006102,7.3729,1774043690073
gate,bybit,VANRYUSDT,0.005683,0.006102,7.3729,1774043690373
gate,bybit,VANRYUSDT,0.005683,0.006102,7.3729,1774043690674
gate,bybit,VANRYUSDT,0.005683,0.006102,7.3729,1774043690974
gate,bybit,VANRYUSDT,0.005683,0.006102,7.3729,1774043691274
gate,bybit,VANRYUSDT,0.005683,0.006102,7.3729,1774043691574
gate,bybit,VANRYUSDT,0.005683,0.006102,7.3729,1774043691874
gate,bybit,VANRYUSDT,0.005683,0.006102,7.3729,1774043692174
gate,bybit,VANRYUSDT,0.005683,0.006102,7.3729,1774043692475
gate,bybit,VANRYUSDT,0.005683,0.006102,7.3729,1774043692775
gate,bybit,VANRYUSDT,0.005683,0.006102,7.3729,1774043693076
gate,bybit,VANRYUSDT,0.005683,0.006102,7.3729,1774043693376
gate,bybit,VANRYUSDT,0.005683,0.006102,7.3729,1774043693676
gate,bybit,VANRYUSDT,0.005683,0.006102,7.3729,1774043693976
gate,bybit,VANRYUSDT,0.005683,0.006102,7.3729,1774043694277
gate,bybit,VANRYUSDT,0.005683,0.006102,7.3729,1774043694577
gate,bybit,VANRYUSDT,0.005683,0.006102,7.3729,1774043694877
gate,bybit,VANRYUSDT,0.005683,0.006102,7.3729,1774043695177
gate,bybit,VANRYUSDT,0.005683,0.006102,7.3729,1774043695478
gate,bybit,VANRYUSDT,0.005683,0.006102,7.3729,1774043695779
gate,bybit,VANRYUSDT,0.005683,0.006102,7.3729,1774043696079
gate,bybit,VANRYUSDT,0.005683,0.006102,7.3729,1774043696379
gate,bybit,VANRYUSDT,0.005683,0.006102,7.3729,1774043696679
gate,bybit,VANRYUSDT,0.005683,0.006102,7.3729,1774043696980
gate,bybit,VANRYUSDT,0.005683,0.006102,7.3729,1774043697280
gate,bybit,VANRYUSDT,0.005684,0.006102,7.354,1774043697580
gate,bybit,VANRYUSDT,0.005683,0.006102,7.3729,1774043697880
gate,bybit,VANRYUSDT,0.005683,0.006102,7.3729,1774043698181
gate,bybit,VANRYUSDT,0.005683,0.006102,7.3729,1774043698481
gate,bybit,VANRYUSDT,0.005683,0.006102,7.3729,1774043698781
gate,bybit,VANRYUSDT,0.005683,0.006102,7.3729,1774043699081
gate,bybit,VANRYUSDT,0.005683,0.006102,7.3729,1774043699382
gate,bybit,VANRYUSDT,0.005683,0.006102,7.3729,1774043699683
gate,bybit,VANRYUSDT,0.005683,0.006102,7.3729,1774043699984
gate,bybit,VANRYUSDT,0.005684,0.006102,7.354,1774043700284
gate,bybit,VANRYUSDT,0.005683,0.006102,7.3729,1774043700584
gate,bybit,VANRYUSDT,0.005684,0.006102,7.354,1774043700885
gate,bybit,VANRYUSDT,0.005684,0.006102,7.354,1774043701185
gate,bybit,VANRYUSDT,0.005684,0.006102,7.354,1774043701485
gate,bybit,VANRYUSDT,0.005684,0.006102,7.354,1774043701785
gate,bybit,VANRYUSDT,0.005683,0.006102,7.3729,1774043702086
gate,bybit,VANRYUSDT,0.005683,0.006102,7.3729,1774043702386
gate,bybit,VANRYUSDT,0.005683,0.006102,7.3729,1774043702686
gate,bybit,VANRYUSDT,0.005683,0.006102,7.3729,1774043702986
gate,bybit,VANRYUSDT,0.005683,0.006102,7.3729,1774043703287
gate,bybit,VANRYUSDT,0.005684,0.006102,7.354,1774043703587
gate,bybit,VANRYUSDT,0.005683,0.006102,7.3729,1774043703887
gate,bybit,VANRYUSDT,0.005683,0.006102,7.3729,1774043704188
gate,bybit,VANRYUSDT,0.005683,0.006102,7.3729,1774043704488
gate,bybit,VANRYUSDT,0.005684,0.006102,7.354,1774043704788
gate,bybit,VANRYUSDT,0.005684,0.006102,7.354,1774043705088
gate,bybit,VANRYUSDT,0.005684,0.006102,7.354,1774043705388
gate,bybit,VANRYUSDT,0.005684,0.006102,7.354,1774043705689
gate,bybit,VANRYUSDT,0.005684,0.006102,7.354,1774043705989
gate,bybit,VANRYUSDT,0.005684,0.006102,7.354,1774043706289
gate,bybit,VANRYUSDT,0.005684,0.006102,7.354,1774043706589
gate,bybit,VANRYUSDT,0.005684,0.006102,7.354,1774043706889
gate,bybit,VANRYUSDT,0.005683,0.006102,7.3729,1774043707190
gate,bybit,VANRYUSDT,0.005683,0.006102,7.3729,1774043707490
gate,bybit,VANRYUSDT,0.005683,0.006102,7.3729,1774043707790
gate,bybit,VANRYUSDT,0.005683,0.006102,7.3729,1774043708090
gate,bybit,VANRYUSDT,0.005683,0.006102,7.3729,1774043708390
gate,bybit,VANRYUSDT,0.005683,0.006102,7.3729,1774043708691
gate,bybit,VANRYUSDT,0.005683,0.006102,7.3729,1774043708991
gate,bybit,VANRYUSDT,0.005683,0.006102,7.3729,1774043709291
gate,bybit,VANRYUSDT,0.005683,0.006102,7.3729,1774043709591
gate,bybit,VANRYUSDT,0.005683,0.006102,7.3729,1774043709891
gate,bybit,VANRYUSDT,0.005683,0.006102,7.3729,1774043710192
gate,bybit,VANRYUSDT,0.005683,0.006102,7.3729,1774043710492
gate,bybit,VANRYUSDT,0.005683,0.006102,7.3729,1774043710792
gate,bybit,VANRYUSDT,0.005683,0.006102,7.3729,1774043711093
gate,bybit,VANRYUSDT,0.005683,0.006102,7.3729,1774043711393
gate,bybit,VANRYUSDT,0.005683,0.006102,7.3729,1774043711693
gate,bybit,VANRYUSDT,0.005683,0.006102,7.3729,1774043711993
gate,bybit,VANRYUSDT,0.005683,0.006102,7.3729,1774043712293
gate,bybit,VANRYUSDT,0.005683,0.006102,7.3729,1774043712594
gate,bybit,VANRYUSDT,0.005683,0.006102,7.3729,1774043712894
gate,bybit,VANRYUSDT,0.005683,0.006102,7.3729,1774043713194
gate,bybit,VANRYUSDT,0.005683,0.006102,7.3729,1774043713494
gate,bybit,VANRYUSDT,0.005683,0.006102,7.3729,1774043713795
gate,bybit,VANRYUSDT,0.005683,0.006102,7.3729,1774043714095
gate,bybit,VANRYUSDT,0.005683,0.006102,7.3729,1774043714398
gate,bybit,VANRYUSDT,0.005683,0.006102,7.3729,1774043714705
gate,bybit,VANRYUSDT,0.005683,0.006102,7.3729,1774043715012
gate,bybit,VANRYUSDT,0.005683,0.006102,7.3729,1774043715314
gate,bybit,VANRYUSDT,0.005683,0.006102,7.3729,1774043715616
gate,bybit,VANRYUSDT,0.005683,0.006102,7.3729,1774043715917
gate,bybit,VANRYUSDT,0.005683,0.006102,7.3729,1774043716222
gate,bybit,VANRYUSDT,0.005683,0.006102,7.3729,1774043716522
gate,bybit,VANRYUSDT,0.005683,0.006102,7.3729,1774043716822
gate,bybit,VANRYUSDT,0.005683,0.006102,7.3729,1774043717122
gate,bybit,VANRYUSDT,0.005683,0.006102,7.3729,1774043717424
gate,bybit,VANRYUSDT,0.005683,0.006102,7.3729,1774043717727
gate,bybit,VANRYUSDT,0.005683,0.006102,7.3729,1774043718028
gate,bybit,VANRYUSDT,0.005683,0.006102,7.3729,1774043718328
gate,bybit,VANRYUSDT,0.005683,0.006102,7.3729,1774043718628
gate,bybit,VANRYUSDT,0.005683,0.006102,7.3729,1774043718928
gate,bybit,VANRYUSDT,0.005683,0.006102,7.3729,1774043719229
gate,bybit,VANRYUSDT,0.005683,0.006102,7.3729,1774043719529
gate,bybit,VANRYUSDT,0.005683,0.006102,7.3729,1774043719829
gate,bybit,VANRYUSDT,0.005683,0.006102,7.3729,1774043720129
gate,bybit,VANRYUSDT,0.005682,0.006101,7.3742,1774043720430
gate,bybit,VANRYUSDT,0.005682,0.006101,7.3742,1774043720730
gate,bybit,VANRYUSDT,0.005682,0.006101,7.3742,1774043721030
gate,bybit,VANRYUSDT,0.005682,0.006101,7.3742,1774043721330
gate,bybit,VANRYUSDT,0.005682,0.006101,7.3742,1774043721630
gate,bybit,VANRYUSDT,0.005682,0.006101,7.3742,1774043721930
gate,bybit,VANRYUSDT,0.005682,0.006101,7.3742,1774043722231
gate,bybit,VANRYUSDT,0.005682,0.006101,7.3742,1774043722532
gate,bybit,VANRYUSDT,0.005682,0.006101,7.3742,1774043722832
gate,bybit,VANRYUSDT,0.005682,0.006101,7.3742,1774043723132
gate,bybit,VANRYUSDT,0.005682,0.006101,7.3742,1774043723432
gate,bybit,VANRYUSDT,0.005682,0.006101,7.3742,1774043723733
gate,bybit,VANRYUSDT,0.005682,0.006101,7.3742,1774043724033
gate,bybit,VANRYUSDT,0.005682,0.006101,7.3742,1774043724334
gate,bybit,VANRYUSDT,0.005682,0.006101,7.3742,1774043724634
gate,bybit,VANRYUSDT,0.005682,0.006101,7.3742,1774043724934
gate,bybit,VANRYUSDT,0.005682,0.006101,7.3742,1774043725235
gate,bybit,VANRYUSDT,0.005682,0.006101,7.3742,1774043725535
gate,bybit,VANRYUSDT,0.005682,0.006101,7.3742,1774043725835
gate,bybit,VANRYUSDT,0.005682,0.006101,7.3742,1774043726135
