spot_source_id,fut_source_id,symbol_id,ask_spot,bid_futures,spread_pct,ts,s_b1,s_b2,s_b3,s_b4,s_b5,s_b6,s_b7,s_b8,s_b9,s_b10,s_bq1,s_bq2,s_bq3,s_bq4,s_bq5,s_bq6,s_bq7,s_bq8,s_bq9,s_bq10,s_a1,s_a2,s_a3,s_a4,s_a5,s_a6,s_a7,s_a8,s_a9,s_a10,s_aq1,s_aq2,s_aq3,s_aq4,s_aq5,s_aq6,s_aq7,s_aq8,s_aq9,s_aq10,f_b1,f_b2,f_b3,f_b4,f_b5,f_b6,f_b7,f_b8,f_b9,f_b10,f_bq1,f_bq2,f_bq3,f_bq4,f_bq5,f_bq6,f_bq7,f_bq8,f_bq9,f_bq10,f_a1,f_a2,f_a3,f_a4,f_a5,f_a6,f_a7,f_a8,f_a9,f_a10,f_aq1,f_aq2,f_aq3,f_aq4,f_aq5,f_aq6,f_aq7,f_aq8,f_aq9,f_aq10,fr_r,fr_ft
0,3,163,6.71600000,6.7112,-0.0715,1774134161000,,,,,,,,,,,,,,,,,,,,,,,,,,,,,,,,,,,,,,,,,,,,,,,,,,,,,,,,,,,,,,,,,,,,,,,,,,,,,,,,,,
0,3,163,6.71800000,6.7112,-0.1012,1774134162000,,,,,,,,,,,,,,,,,,,,,,,,,,,,,,,,,,,,,,,,,,,,,,,,,,,,,,,,,,,,,,,,,,,,,,,,,,,,,,,,,,
0,3,163,6.72500000,6.7115,-0.2007,1774134163000,,,,,,,,,,,,,,,,,,,,,,,,,,,,,,,,,,,,,,,,,,,,,,,,,,,,,,,,,,,,,,,,,,,,,,,,,,,,,,,,,,
0,3,163,6.71900000,6.7115,-0.1116,1774134164000,,,,,,,,,,,,,,,,,,,,,,,,,,,,,,,,,,,,,,,,,,,,,,,,,,,,,,,,,,,,,,,,,,,,,,,,,,,,,,,,,,
0,3,163,6.71900000,6.7129,-0.0908,1774134165000,,,,,,,,,,,,,,,,,,,,,,,,,,,,,,,,,,,,,,,,,,,,,,,,,,,,,,,,,,,,,,,,,,,,,,,,,,,,,,,,,,
0,3,163,6.72300000,6.7169,-0.0907,1774134167000,,,,,,,,,,,,,,,,,,,,,,,,,,,,,,,,,,,,,,,,,,,,,,,,,,,,,,,,,,,,,,,,,,,,,,,,,,,,,,,,,,
0,3,163,6.72800000,6.7202,-0.1159,1774134168000,6.72200000,3.49000000,6.72100000,36.86000000,6.72000000,14.17000000,6.71900000,1.50000000,6.71800000,1.50000000,6.71700000,5.95000000,6.71600000,1.50000000,6.71500000,1.50000000,6.71400000,1.50000000,6.71300000,1.50000000,6.72300000,1.50000000,6.72400000,1.50000000,6.72500000,1.50000000,6.72600000,1.49000000,6.72700000,1.49000000,6.72800000,39.60000000,6.72900000,135.52000000,6.73000000,1.49000000,6.73100000,40.15000000,6.73200000,132.38000000,,,,,,,,,,,,,,,,,,,,,,,,,,,,,,,,,,,,,,,,,,
0,3,163,6.72700000,6.719,-0.1189,1774134169000,6.72600000,10.72000000,6.72500000,1.49000000,6.72400000,1.49000000,6.72300000,1.49000000,6.72200000,1.49000000,6.72100000,8.54000000,6.72000000,4.10000000,6.71900000,4.10000000,6.71800000,4.10000000,6.71700000,4.10000000,6.72700000,1.49000000,6.72800000,1.49000000,6.72900000,1.49000000,6.73000000,1.49000000,6.73100000,1.49000000,6.73200000,1.49000000,6.73300000,1.49000000,6.73400000,41.83000000,6.73500000,135.15000000,6.73600000,1.49000000,,,,,,,,,,,,,,,,,,,,,,,,,,,,,,,,,,,,,,,,,,
0,3,163,6.73100000,6.7254,-0.0832,1774134170000,6.73000000,1.49000000,6.72900000,1.49000000,6.72800000,1.49000000,6.72700000,1.49000000,6.72600000,8.56000000,6.72500000,1.49000000,6.72400000,4.12000000,6.72300000,4.12000000,6.72200000,4.12000000,6.72100000,4.13000000,6.73100000,20.03000000,6.73200000,1.49000000,6.73300000,1.49000000,6.73400000,1.49000000,6.73500000,1.49000000,6.73600000,1.49000000,6.73700000,1.49000000,6.73800000,8.92000000,6.73900000,1.51000000,6.74000000,41.86000000,,,,,,,,,,,,,,,,,,,,,,,,,,,,,,,,,,,,,,,,,,
0,3,163,6.72700000,6.7193,-0.1145,1774134171000,6.72500000,1.49000000,6.72400000,1.49000000,6.72300000,1.49000000,6.72200000,1.49000000,6.72100000,5.93000000,6.72000000,1.50000000,6.71900000,1.50000000,6.71800000,1.50000000,6.71700000,1.50000000,6.71600000,60.82000000,6.72600000,16.54000000,6.72800000,1.49000000,6.72900000,1.49000000,6.73000000,1.49000000,6.73100000,1.49000000,6.73200000,1.49000000,6.73300000,1.49000000,6.73400000,8.92000000,6.73500000,1.49000000,6.73600000,4.15000000,6.7254,7.1,6.7236,3.8,6.7221,11.2,6.7220,3.8,6.7216,3.8,6.7214,3.8,6.7212,7.1,6.7211,9.7,6.7209,3.8,6.7207,7.0,6.7255,1.7,6.7274,3.8,6.7279,3.8,6.7284,3.8,6.7287,3.8,6.7289,3.8,6.7292,3.8,6.7294,3.8,6.7297,3.8,6.7299,3.8,,
0,3,163,6.73100000,6.7269,-0.0609,1774134173000,6.73000000,1.49000000,6.72900000,1.49000000,6.72800000,1.49000000,6.72700000,1.49000000,6.72600000,4.07000000,6.72500000,8.51000000,6.72400000,37.99000000,6.72300000,1.49000000,6.72200000,1.49000000,6.72100000,1.50000000,6.73200000,3.49000000,6.73300000,1.49000000,6.73400000,1.49000000,6.73500000,8.97000000,6.73600000,1.49000000,6.73700000,0.80000000,6.73800000,4.07000000,6.73900000,4.09000000,6.74000000,75.76000000,6.74100000,266.01000000,6.7264,7.1,6.7248,3.8,6.7241,3.8,6.7238,3.8,6.7236,13.4,6.7235,7.1,6.7233,3.8,6.7232,14.8,6.7231,3.8,6.7228,3.8,6.7291,7.1,6.7293,1.7,6.7294,2.2,6.7309,3.8,6.7314,3.8,6.7319,7.6,6.7320,0.1,6.7324,7.6,6.7326,0.1,6.7327,30.9,,
0,3,163,6.73200000,6.7288,-0.0475,1774134174000,6.73000000,1.49000000,6.72900000,1.49000000,6.72800000,1.49000000,6.72700000,1.49000000,6.72600000,4.07000000,6.72500000,8.51000000,6.72400000,37.99000000,6.72300000,1.49000000,6.72200000,1.49000000,6.72100000,1.50000000,6.73200000,3.49000000,6.73300000,1.49000000,6.73400000,1.49000000,6.73500000,8.97000000,6.73600000,1.49000000,6.73700000,3.39000000,6.73800000,4.07000000,6.73900000,4.09000000,6.74000000,75.76000000,6.74100000,266.01000000,6.7288,7.1,6.7263,3.8,6.7258,3.8,6.7253,3.8,6.7249,3.8,6.7248,3.8,6.7243,3.8,6.7241,3.8,6.7238,10.6,6.7236,13.4,6.7289,1.7,6.7294,2.2,6.7303,3.8,6.7309,3.8,6.7313,3.8,6.7314,3.8,6.7319,7.6,6.7320,0.1,6.7324,7.6,6.7326,0.1,,
0,3,163,6.73200000,6.7293,-0.0401,1774134175000,6.73000000,1.49000000,6.72900000,1.49000000,6.72800000,1.49000000,6.72700000,1.49000000,6.72600000,4.07000000,6.72500000,8.51000000,6.72400000,37.99000000,6.72300000,1.49000000,6.72200000,1.49000000,6.72100000,1.50000000,6.73200000,17.16000000,6.73300000,1.49000000,6.73400000,1.49000000,6.73500000,8.97000000,6.73600000,1.49000000,6.73700000,0.80000000,6.73800000,8.86000000,6.73900000,1.51000000,6.74000000,75.76000000,6.74100000,266.01000000,6.7293,7.1,6.7263,3.8,6.7258,3.8,6.7254,3.8,6.7253,3.8,6.7249,3.8,6.7248,3.8,6.7243,3.8,6.7241,3.8,6.7238,10.6,6.7294,3.9,6.7303,3.8,6.7309,3.8,6.7314,3.8,6.7319,7.6,6.7320,0.1,6.7324,7.6,6.7326,0.1,6.7327,30.9,6.7329,7.6,,
0,3,163,6.73200000,6.7293,-0.0401,1774134176000,6.73000000,1.49000000,6.72900000,1.49000000,6.72800000,1.49000000,6.72700000,1.49000000,6.72600000,4.07000000,6.72500000,8.51000000,6.72400000,37.99000000,6.72300000,1.49000000,6.72200000,1.49000000,6.72100000,1.50000000,6.73200000,10.94000000,6.73300000,8.91000000,6.73400000,1.49000000,6.73500000,8.97000000,6.73600000,1.49000000,6.73700000,0.80000000,6.73800000,8.86000000,6.73900000,1.51000000,6.74000000,75.76000000,6.74100000,266.01000000,6.7293,7.1,6.7263,3.8,6.7258,3.8,6.7254,3.8,6.7253,3.8,6.7249,3.8,6.7248,3.8,6.7243,3.8,6.7241,3.8,6.7238,10.6,6.7294,6.4,6.7303,3.8,6.7309,3.8,6.7314,3.8,6.7319,7.6,6.7320,0.1,6.7324,7.6,6.7326,0.1,6.7327,30.9,6.7329,7.6,,
0,3,163,6.73300000,6.7293,-0.055,1774134177000,6.73100000,3.49000000,6.73000000,6.95000000,6.72900000,1.49000000,6.72800000,1.49000000,6.72700000,1.49000000,6.72600000,8.50000000,6.72500000,4.07000000,6.72400000,37.99000000,6.72300000,1.49000000,6.72200000,1.49000000,6.73300000,1.49000000,6.73400000,1.49000000,6.73500000,1.49000000,6.73600000,1.49000000,6.73700000,0.80000000,6.73800000,4.08000000,6.73900000,4.10000000,6.74000000,75.76000000,6.74100000,266.01000000,6.74200000,14.78000000,6.7293,7.1,6.7275,3.8,6.7270,3.8,6.7263,3.8,6.7259,3.8,6.7258,3.8,6.7254,3.8,6.7253,3.8,6.7249,3.8,6.7248,18.6,6.7294,4.7,6.7303,3.8,6.7309,3.8,6.7314,3.8,6.7319,7.6,6.7320,0.1,6.7324,7.6,6.7326,0.1,6.7327,30.9,6.7329,7.6,,
0,3,163,6.73300000,6.7293,-0.055,1774134178000,6.73000000,6.95000000,6.72900000,1.49000000,6.72800000,1.49000000,6.72700000,1.49000000,6.72600000,8.50000000,6.72500000,4.07000000,6.72400000,37.99000000,6.72300000,1.49000000,6.72200000,1.49000000,6.72100000,1.50000000,6.73200000,3.49000000,6.73300000,8.94000000,6.73400000,1.49000000,6.73500000,1.49000000,6.73600000,8.97000000,6.73700000,0.80000000,6.73800000,1.49000000,6.73900000,1.51000000,6.74000000,75.76000000,6.74100000,266.01000000,6.7276,7.1,6.7259,3.8,6.7253,3.8,6.7248,3.8,6.7243,3.8,6.7241,3.8,6.7238,3.8,6.7236,3.8,6.7235,7.1,6.7234,6.8,6.7285,8.7,6.7294,4.7,6.7303,3.8,6.7309,3.8,6.7313,3.8,6.7314,3.8,6.7319,7.6,6.7320,0.1,6.7324,7.6,6.7326,0.1,,
0,3,163,6.73500000,6.7293,-0.0846,1774134179000,6.73100000,5.43000000,6.73000000,1.49000000,6.72900000,1.49000000,6.72800000,1.49000000,6.72700000,1.49000000,6.72600000,8.51000000,6.72500000,4.08000000,6.72400000,37.99000000,6.72300000,1.49000000,6.72200000,1.49000000,6.73300000,1.49000000,6.73400000,1.49000000,6.73500000,1.49000000,6.73600000,1.49000000,6.73700000,0.80000000,6.73800000,1.49000000,6.73900000,3.83000000,6.74000000,75.76000000,6.74100000,266.01000000,6.74200000,7.43000000,6.7293,4.5,6.7275,3.8,6.7270,3.8,6.7265,3.8,6.7259,3.8,6.7258,3.8,6.7254,3.8,6.7253,3.8,6.7250,9.1,6.7249,3.8,6.7294,4.7,6.7303,3.8,6.7309,3.8,6.7314,3.8,6.7318,3.8,6.7319,3.8,6.7320,0.1,6.7324,7.6,6.7326,0.1,6.7327,30.9,-0.00002365,1774137600000
0,3,163,6.73300000,6.7303,-0.0401,1774134180000,6.73200000,7.22000000,6.73100000,1.49000000,6.73000000,1.49000000,6.72900000,1.49000000,6.72800000,1.49000000,6.72700000,8.50000000,6.72600000,4.07000000,6.72500000,4.07000000,6.72400000,37.99000000,6.72300000,1.49000000,6.73300000,0.70000000,6.73400000,1.49000000,6.73500000,1.49000000,6.73600000,1.49000000,6.73700000,0.80000000,6.73800000,4.07000000,6.73900000,4.09000000,6.74000000,41.86000000,6.74100000,234.07000000,6.74200000,43.91000000,6.7304,7.1,6.7303,7.1,6.7277,3.8,6.7273,3.8,6.7272,3.8,6.7268,12.7,6.7267,10.3,6.7263,3.8,6.7262,3.8,6.7261,7.1,6.7317,7.1,6.7320,0.1,6.7326,0.1,6.7327,30.9,6.7335,3.8,6.7340,3.8,6.7341,3.8,6.7342,3.0,6.7345,3.8,6.7346,3.8,-0.00002365,1774137600000
0,3,163,6.73300000,6.7284,-0.0683,1774134181000,6.73100000,1.49000000,6.73000000,1.49000000,6.72900000,1.49000000,6.72800000,1.49000000,6.72700000,8.50000000,6.72600000,1.49000000,6.72500000,4.07000000,6.72400000,4.12000000,6.72300000,4.12000000,6.72200000,37.98000000,6.73300000,8.15000000,6.73400000,1.49000000,6.73500000,1.49000000,6.73600000,1.49000000,6.73700000,3.27000000,6.73800000,4.07000000,6.73900000,4.09000000,6.74000000,41.86000000,6.74100000,234.07000000,6.74200000,43.91000000,6.7289,7.1,6.7284,1.8,6.7272,3.8,6.7267,3.8,6.7262,3.8,6.7261,7.1,6.7260,3.8,6.7255,0.1,6.7254,9.7,6.7253,3.8,6.7308,3.8,6.7309,4.3,6.7311,1.9,6.7319,3.8,6.7324,3.8,6.7326,4.8,6.7327,30.9,6.7329,3.8,6.7332,3.8,6.7335,3.8,-0.00002365,1774137600000
0,3,163,6.74300000,6.7374,-0.083,1774134183000,6.73900000,11.63000000,6.73800000,1.49000000,6.73700000,1.49000000,6.73600000,1.49000000,6.73500000,1.49000000,6.73400000,5.91000000,6.73300000,4.13000000,6.73200000,4.13000000,6.73100000,4.13000000,6.73000000,4.13000000,6.74100000,4.36000000,6.74200000,1.49000000,6.74300000,1.51000000,6.74400000,1.51000000,6.74500000,9.94000000,6.74600000,1.51000000,6.74700000,8.87000000,6.74800000,1.50000000,6.74900000,4.08000000,6.75000000,99.88000000,6.7399,9.0,6.7379,3.5,6.7367,7.1,6.7362,7.1,6.7354,14.8,6.7349,1.9,6.7347,17.3,6.7340,10.2,6.7339,7.1,6.7338,3.8,6.7400,7.1,6.7416,3.8,6.7421,3.8,6.7424,3.8,6.7425,4.0,6.7426,3.8,6.7430,3.8,6.7431,3.8,6.7435,3.8,6.7436,3.8,-0.00002365,1774137600000
0,3,163,6.74400000,6.7404,-0.0534,1774134184000,6.73800000,1.49000000,6.73700000,1.49000000,6.73600000,1.49000000,6.73500000,1.49000000,6.73400000,4.12000000,6.73300000,4.11000000,6.73200000,4.11000000,6.73100000,40.55000000,6.73000000,1.49000000,6.72900000,1.49000000,6.74000000,3.48000000,6.74300000,1.49000000,6.74400000,1.49000000,6.74500000,8.79000000,6.74600000,3.85000000,6.74700000,4.13000000,6.74800000,4.13000000,6.74900000,137.65000000,6.75000000,22.70000000,6.75100000,4.13000000,6.7350,7.1,6.7349,1.9,6.7339,7.1,6.7338,3.8,6.7330,3.8,6.7326,17.4,6.7325,18.6,6.7323,3.8,6.7319,3.8,6.7318,3.8,6.7363,7.1,6.7365,14.3,6.7367,7.1,6.7368,7.1,6.7372,7.1,6.7376,7.1,6.7407,6.8,6.7417,6.8,6.7427,5.0,6.7428,12.9,-0.00002365,1774137600000
0,3,163,6.73900000,6.7358,-0.0475,1774134185000,6.73600000,4.42000000,6.73500000,16.07000000,6.73400000,1.49000000,6.73300000,1.49000000,6.73200000,1.49000000,6.73100000,5.91000000,6.73000000,1.49000000,6.72900000,4.10000000,6.72800000,37.94000000,6.72700000,1.49000000,6.73900000,8.92000000,6.74000000,1.49000000,6.74100000,3.77000000,6.74200000,4.12000000,6.74300000,3.68000000,6.74400000,3.95000000,6.74500000,18.79000000,6.74600000,3.85000000,6.74700000,73.55000000,6.74800000,148.31000000,6.7368,7.1,6.7349,1.9,6.7340,6.1,6.7339,7.1,6.7337,3.3,6.7329,7.4,6.7328,7.6,6.7326,9.0,6.7323,7.6,6.7318,7.6,6.7397,7.1,6.7414,3.8,6.7416,7.1,6.7421,3.8,6.7425,3.8,6.7426,3.8,6.7428,1.1,6.7433,7.6,6.7435,9.1,6.7436,7.1,-0.00002365,1774137600000
0,3,163,6.73900000,6.7356,-0.0505,1774134186000,6.73600000,4.42000000,6.73500000,16.07000000,6.73400000,1.49000000,6.73300000,1.49000000,6.73200000,1.49000000,6.73100000,5.91000000,6.73000000,1.49000000,6.72900000,4.10000000,6.72800000,37.94000000,6.72700000,1.49000000,6.73900000,16.54000000,6.74000000,1.49000000,6.74100000,1.49000000,6.74200000,1.49000000,6.74300000,1.49000000,6.74400000,3.95000000,6.74500000,8.79000000,6.74600000,3.70000000,6.74700000,73.55000000,6.74800000,148.31000000,6.7355,7.1,6.7349,1.9,6.7343,3.3,6.7342,1.6,6.7339,7.1,6.7330,3.8,6.7326,0.1,6.7323,3.8,6.7318,7.6,6.7314,7.1,6.7359,7.1,6.7374,3.8,6.7379,3.8,6.7384,3.8,6.7385,0.9,6.7389,3.8,6.7390,3.8,6.7394,3.8,6.7395,3.8,6.7399,3.8,-0.00002365,1774137600000
0,3,163,6.73900000,6.7349,-0.0608,1774134187000,6.73600000,7.39000000,6.73500000,16.07000000,6.73400000,1.49000000,6.73300000,1.49000000,6.73200000,1.49000000,6.73100000,5.91000000,6.73000000,1.49000000,6.72900000,4.10000000,6.72800000,37.94000000,6.72700000,1.49000000,6.73900000,16.54000000,6.74000000,1.49000000,6.74100000,1.49000000,6.74200000,1.49000000,6.74300000,1.49000000,6.74400000,3.95000000,6.74500000,16.16000000,6.74600000,3.70000000,6.74700000,73.55000000,6.74800000,148.31000000,6.7349,1.9,6.7343,3.3,6.7342,1.6,6.7326,0.1,6.7323,3.8,6.7318,3.8,6.7314,7.1,6.7313,3.8,6.7307,12.9,6.7303,3.8,6.7350,7.1,6.7359,7.2,6.7374,3.8,6.7379,3.8,6.7383,3.8,6.7384,3.8,6.7385,0.9,6.7389,3.8,6.7390,3.8,6.7394,3.8,-0.00002365,1774137600000
0,3,163,6.73900000,6.7364,-0.0386,1774134188000,6.73600000,4.42000000,6.73500000,16.07000000,6.73400000,1.49000000,6.73300000,1.49000000,6.73200000,1.49000000,6.73100000,5.91000000,6.73000000,1.49000000,6.72900000,1.49000000,6.72800000,37.94000000,6.72700000,1.49000000,6.73900000,7.17000000,6.74000000,1.49000000,6.74100000,1.49000000,6.74200000,1.49000000,6.74300000,1.49000000,6.74400000,3.95000000,6.74500000,16.16000000,6.74600000,3.78000000,6.74700000,70.92000000,6.74800000,148.31000000,6.7356,7.1,6.7349,1.9,6.7343,3.3,6.7329,3.8,6.7326,2.3,6.7324,3.8,6.7320,3.8,6.7318,11.3,6.7315,11.3,6.7314,7.1,6.7363,7.1,6.7382,3.8,6.7388,3.8,6.7389,3.8,6.7392,0.9,6.7393,3.8,6.7394,3.8,6.7399,3.8,6.7400,3.8,6.7404,3.8,-0.00001795,1774137600000
0,3,163,6.74000000,6.7349,-0.0757,1774134189000,6.73600000,10.10000000,6.73500000,16.07000000,6.73400000,1.49000000,6.73300000,1.49000000,6.73200000,1.49000000,6.73100000,5.91000000,6.73000000,1.49000000,6.72900000,4.10000000,6.72800000,37.94000000,6.72700000,1.49000000,6.73900000,1.49000000,6.74000000,1.49000000,6.74100000,1.49000000,6.74200000,1.49000000,6.74300000,4.10000000,6.74400000,3.95000000,6.74500000,8.79000000,6.74600000,3.78000000,6.74700000,70.92000000,6.74800000,140.80000000,6.7352,8.3,6.7349,1.9,6.7343,3.3,6.7329,17.2,6.7326,0.1,6.7325,6.2,6.7324,3.8,6.7320,10.6,6.7318,3.8,6.7315,3.8,6.7370,7.1,6.7389,3.8,6.7392,0.9,6.7394,3.8,6.7397,3.8,6.7399,3.8,6.7403,3.8,6.7404,3.8,6.7409,3.8,6.7410,3.8,-0.00001795,1774137600000
0,3,163,6.74200000,6.7382,-0.0564,1774134190000,6.74100000,7.22000000,6.74000000,1.49000000,6.73900000,1.49000000,6.73800000,1.49000000,6.73700000,1.49000000,6.73600000,5.91000000,6.73500000,9.75000000,6.73400000,8.90000000,6.73300000,4.09000000,6.73200000,11.50000000,6.74200000,0.91000000,6.74300000,1.49000000,6.74400000,1.49000000,6.74500000,8.79000000,6.74600000,1.51000000,6.74700000,1.50000000,6.74800000,37.27000000,6.74900000,135.02000000,6.75000000,59.16000000,6.75100000,150.68000000,6.7351,7.1,6.7349,1.9,6.7343,18.1,6.7334,3.8,6.7326,17.3,6.7325,2.4,6.7323,3.8,6.7321,3.8,6.7318,3.8,6.7315,10.6,6.7381,7.1,6.7383,0.9,6.7399,3.8,6.7404,3.8,6.7409,3.8,6.7410,3.8,6.7414,3.8,6.7415,3.8,6.7420,3.8,6.7421,8.9,-0.00001795,1774137600000
0,3,163,6.74500000,6.7414,-0.0534,1774134192000,6.74400000,1.05000000,6.74300000,24.54000000,6.74200000,1.49000000,6.74100000,1.49000000,6.74000000,5.91000000,6.73900000,1.49000000,6.73800000,1.49000000,6.73700000,1.49000000,6.73600000,41.78000000,6.73500000,171.42000000,6.74500000,8.79000000,6.74600000,1.51000000,6.74700000,1.50000000,6.74800000,1.50000000,6.74900000,1.50000000,6.75000000,22.70000000,6.75100000,1.50000000,6.75200000,67.85000000,6.75300000,100.23000000,6.75400000,41.80000000,,,,,,,,,,,,,,,,,,,,,,,,,,,,,,,,,,,,,,,,,-0.00001795,1774137600000
0,3,163,6.74400000,6.7449,0.0133,1774134193000,6.74500000,1.68000000,6.74400000,9.34000000,6.74300000,39.78000000,6.74200000,1.49000000,6.74100000,1.49000000,6.74000000,8.55000000,6.73900000,4.14000000,6.73800000,4.12000000,6.73700000,4.12000000,6.73600000,41.78000000,6.74600000,0.25000000,6.74700000,1.50000000,6.74800000,1.50000000,6.74900000,1.50000000,6.75000000,22.70000000,6.75100000,1.50000000,6.75200000,8.87000000,6.75300000,31.42000000,6.75400000,181.77000000,6.75500000,142.53000000,6.7410,7.1,6.7401,9.1,6.7392,3.8,6.7387,3.8,6.7382,3.8,6.7377,7.5,6.7376,7.6,6.7370,12.9,6.7369,10.9,6.7365,3.8,6.7419,7.1,6.7438,3.8,6.7439,0.1,6.7442,0.3,6.7447,3.8,6.7449,0.8,6.7450,3.8,6.7454,3.8,6.7456,3.8,6.7459,3.8,-0.00001795,1774137600000
0,3,163,6.74700000,6.7456,-0.0207,1774134194000,6.74500000,1.49000000,6.74400000,1.49000000,6.74300000,1.49000000,6.74200000,3.77000000,6.74100000,8.51000000,6.74000000,4.10000000,6.73900000,4.10000000,6.73800000,4.10000000,6.73700000,96.44000000,6.73600000,236.42000000,6.74700000,4.35000000,6.74800000,1.49000000,6.74900000,1.49000000,6.75000000,21.17000000,6.75100000,1.50000000,6.75200000,1.50000000,6.75300000,1.50000000,6.75400000,8.87000000,6.75500000,1.50000000,6.75600000,47.36000000,6.7402,7.1,6.7401,9.1,6.7392,7.1,6.7391,9.3,6.7382,3.8,6.7381,7.0,6.7377,3.8,6.7376,3.8,6.7372,37.6,6.7371,19.9,6.7430,7.1,6.7431,7.1,6.7435,7.1,6.7436,7.1,6.7439,0.1,6.7442,0.3,6.7443,0.8,6.7450,3.8,6.7456,3.8,6.7459,3.8,-0.00001795,1774137600000
0,3,163,6.74300000,6.7389,-0.0608,1774134195000,6.74600000,0.94000000,6.74500000,1.49000000,6.74400000,1.49000000,6.74300000,1.49000000,6.74200000,8.51000000,6.74100000,4.10000000,6.74000000,4.10000000,6.73900000,4.10000000,6.73800000,4.10000000,6.73700000,96.44000000,6.74900000,3.47000000,6.75000000,12.32000000,6.75100000,1.50000000,6.75200000,1.50000000,6.75300000,1.50000000,6.75400000,1.50000000,6.75500000,4.11000000,6.75600000,134.89000000,6.75700000,16.16000000,6.75800000,17.46000000,,,,,,,,,,,,,,,,,,,,,,,,,,,,,,,,,,,,,,,,,-0.00001795,1774137600000
0,3,163,6.74300000,6.7377,-0.0786,1774134196000,6.74100000,1.49000000,6.74000000,1.49000000,6.73900000,1.49000000,6.73800000,1.49000000,6.73700000,5.90000000,6.73600000,41.78000000,6.73500000,134.99000000,6.73400000,60.03000000,6.73300000,196.13000000,6.73200000,1.49000000,6.74200000,16.54000000,6.74300000,8.84000000,6.74400000,1.49000000,6.74500000,1.49000000,6.74600000,8.97000000,6.74700000,7.43000000,6.74800000,1.49000000,6.74900000,8.86000000,6.75000000,12.32000000,6.75100000,1.50000000,6.7443,7.1,6.7439,3.3,6.7420,3.8,6.7419,6.8,6.7417,3.8,6.7415,3.8,6.7412,3.8,6.7409,3.8,6.7407,10.7,6.7405,7.1,6.7463,7.1,6.7467,2.6,6.7468,0.1,6.7481,33.7,6.7482,3.8,6.7487,3.8,6.7492,8.4,6.7496,3.9,6.7497,7.6,6.7500,0.1,-0.00001795,1774137600000
0,3,163,6.74200000,6.7381,-0.0578,1774134197000,6.74000000,6.45000000,6.73900000,1.49000000,6.73800000,1.49000000,6.73700000,1.49000000,6.73600000,41.78000000,6.73500000,134.99000000,6.73400000,60.03000000,6.73300000,196.13000000,6.73200000,1.49000000,6.73100000,37.92000000,6.74100000,16.54000000,6.74300000,8.84000000,6.74400000,1.49000000,6.74500000,1.49000000,6.74600000,8.97000000,6.74700000,43.86000000,6.74800000,1.49000000,6.74900000,8.86000000,6.75000000,12.32000000,6.75100000,8.79000000,,,,,,,,,,,,,,,,,,,,,,,,,,,,,,,,,,,,,,,,,-0.00001795,1774137600000
0,3,163,6.74100000,6.7368,-0.0623,1774134198000,,,,,,,,,,,,,,,,,,,,,,,,,,,,,,,,,,,,,,,,,6.7380,7.1,6.7379,7.1,6.7371,7.1,6.7361,3.8,6.7356,3.8,6.7354,27.9,6.7350,3.8,6.7349,3.8,6.7344,3.8,6.7342,10.9,6.7388,7.1,6.7398,7.1,6.7423,7.1,6.7424,7.1,6.7439,7.1,6.7442,3.8,6.7447,3.8,6.7452,3.8,6.7454,17.5,6.7455,7.1,-0.00001795,1774137600000
0,3,163,6.74000000,6.7368,-0.0475,1774134199000,6.73800000,21.46000000,6.73700000,1.49000000,6.73600000,1.49000000,6.73500000,1.49000000,6.73400000,5.90000000,6.73300000,1.49000000,6.73200000,1.49000000,6.73100000,37.93000000,6.73000000,1.49000000,6.72900000,1.49000000,6.74100000,1.23000000,6.74200000,1.49000000,6.74300000,1.49000000,6.74400000,4.12000000,6.74500000,44.41000000,6.74600000,182.62000000,6.74700000,141.50000000,6.74800000,1.49000000,6.74900000,1.49000000,6.75000000,12.32000000,6.7377,7.1,6.7367,6.6,6.7361,3.8,6.7356,3.8,6.7352,3.8,6.7350,3.8,6.7347,3.8,6.7342,10.9,6.7339,3.8,6.7337,3.8,6.7378,4.8,6.7404,0.8,6.7406,3.8,6.7411,3.8,6.7416,3.8,6.7421,3.8,6.7426,3.8,6.7430,3.8,6.7431,3.8,6.7435,10.9,-0.00001795,1774137600000
0,3,163,6.74900000,6.7433,-0.0845,1774134200000,6.74600000,3.95000000,6.74500000,1.49000000,6.74400000,4.09000000,6.74300000,3.55000000,6.74200000,8.52000000,6.74100000,4.09000000,6.74000000,4.10000000,6.73900000,4.09000000,6.73800000,37.90000000,6.73700000,1.49000000,6.75000000,5.46000000,6.75100000,1.49000000,6.75200000,1.50000000,6.75300000,1.50000000,6.75400000,4.10000000,6.75500000,3.74000000,6.75600000,4.10000000,6.75700000,42.20000000,6.75800000,136.35000000,6.75900000,336.03000000,6.7367,6.6,6.7350,3.8,6.7344,3.8,6.7342,10.9,6.7339,3.8,6.7337,3.8,6.7334,11.1,6.7332,3.8,6.7329,16.8,6.7328,24.0,6.7381,7.1,6.7382,5.2,6.7401,3.8,6.7404,0.8,6.7406,3.8,6.7411,3.8,6.7416,3.8,6.7420,3.8,6.7421,11.1,6.7425,3.8,-0.00001795,1774137600000
0,3,163,6.75400000,6.7495,-0.0666,1774134202000,6.75100000,5.21000000,6.75000000,1.49000000,6.74900000,1.49000000,6.74800000,1.49000000,6.74700000,8.45000000,6.74600000,4.05000000,6.74500000,4.05000000,6.74400000,4.05000000,6.74300000,60.03000000,6.74200000,232.49000000,6.75300000,1.49000000,6.75400000,1.49000000,6.75500000,1.49000000,6.75600000,1.49000000,6.75700000,1.49000000,6.75800000,1.49000000,6.75900000,8.86000000,6.76000000,4.06000000,6.76100000,35.76000000,6.76200000,104.85000000,6.7367,11.0,6.7344,13.3,6.7339,3.8,6.7334,11.1,6.7332,3.8,6.7328,7.1,6.7327,3.8,6.7326,0.1,6.7325,7.3,6.7323,3.8,6.7368,7.1,6.7386,3.8,6.7391,3.8,6.7394,0.8,6.7395,3.8,6.7396,3.8,6.7400,3.8,6.7401,3.8,6.7405,3.8,6.7406,3.8,-0.00001795,1774137600000
0,3,163,6.75500000,6.7491,-0.0873,1774134203000,6.75100000,5.21000000,6.75000000,1.49000000,6.74900000,1.49000000,6.74800000,1.49000000,6.74700000,5.89000000,6.74600000,1.49000000,6.74500000,4.05000000,6.74400000,4.05000000,6.74300000,60.03000000,6.74200000,232.49000000,6.75300000,1.49000000,6.75400000,1.49000000,6.75500000,1.49000000,6.75600000,1.49000000,6.75700000,1.49000000,6.75800000,1.49000000,6.75900000,11.43000000,6.76000000,4.07000000,6.76100000,35.76000000,6.76200000,104.85000000,6.7512,4.4,6.7482,6.2,6.7478,3.8,6.7473,3.8,6.7472,7.9,6.7471,7.1,6.7468,3.8,6.7463,3.8,6.7462,11.0,6.7461,7.9,6.7513,7.1,6.7530,3.8,6.7535,3.8,6.7537,8.3,6.7539,0.1,6.7540,7.6,6.7545,7.6,6.7546,0.2,6.7549,7.1,6.7550,7.6,-0.00001795,1774137600000
0,3,163,6.75800000,6.7518,-0.0917,1774134204000,6.75300000,7.94000000,6.75200000,9.43000000,6.75100000,1.49000000,6.75000000,4.06000000,6.74900000,8.47000000,6.74800000,4.06000000,6.74700000,1.49000000,6.74600000,4.06000000,6.74500000,4.05000000,6.74400000,4.05000000,6.75800000,4.16000000,6.75900000,1.49000000,6.76000000,1.50000000,6.76100000,1.50000000,6.76200000,8.87000000,6.76300000,41.71000000,6.76400000,134.71000000,6.76500000,1.50000000,6.76600000,39.40000000,6.76700000,141.28000000,6.7493,7.1,6.7482,6.2,6.7474,3.8,6.7471,7.1,6.7468,3.9,6.7467,3.8,6.7463,3.8,6.7462,3.8,6.7458,13.3,6.7457,3.8,6.7495,7.1,6.7514,3.8,6.7520,3.8,6.7525,3.8,6.7530,3.8,6.7534,3.8,6.7535,3.8,6.7539,3.8,6.7540,3.8,6.7541,7.1,-0.00001795,1774137600000
0,3,163,6.75500000,6.7522,-0.0415,1774134205000,6.75400000,1.49000000,6.75300000,1.49000000,6.75200000,1.49000000,6.75100000,1.49000000,6.75000000,5.90000000,6.74900000,1.49000000,6.74800000,3.65000000,6.74700000,4.06000000,6.74600000,4.06000000,6.74500000,4.05000000,6.75500000,16.54000000,6.75600000,1.49000000,6.75700000,8.84000000,6.75800000,1.49000000,6.75900000,3.99000000,6.76000000,1.50000000,6.76100000,41.05000000,6.76200000,151.19000000,6.76300000,1.50000000,6.76400000,1.50000000,6.7522,7.1,6.7521,7.1,6.7512,5.6,6.7505,3.8,6.7500,17.1,6.7498,3.8,6.7497,7.1,6.7495,3.8,6.7493,3.8,6.7491,7.4,6.7549,7.1,6.7558,0.1,6.7561,14.2,6.7565,7.3,6.7567,3.8,6.7578,3.8,6.7584,7.6,6.7588,7.3,6.7589,7.6,6.7593,7.4,-0.00001795,1774137600000
0,3,163,6.75600000,6.7512,-0.071,1774134206000,6.75200000,1.49000000,6.75100000,1.49000000,6.75000000,1.49000000,6.74900000,4.14000000,6.74800000,8.55000000,6.74700000,4.06000000,6.74600000,4.06000000,6.74500000,4.05000000,6.74400000,4.05000000,6.74300000,60.03000000,6.75500000,7.15000000,6.75600000,1.49000000,6.75700000,1.49000000,6.75800000,3.99000000,6.75900000,1.49000000,6.76000000,42.49000000,6.76100000,178.89000000,6.76200000,112.23000000,6.76300000,1.50000000,6.76400000,1.50000000,6.7512,5.6,6.7490,3.8,6.7485,3.8,6.7483,3.8,6.7474,3.8,6.7471,7.1,6.7468,12.0,6.7467,3.8,6.7463,3.8,6.7462,3.8,6.7513,7.1,6.7536,3.8,6.7538,14.2,6.7541,3.8,6.7546,3.8,6.7549,6.7,6.7552,3.8,6.7557,10.4,6.7558,3.9,6.7562,12.6,-0.00001795,1774137600000
0,3,163,6.75600000,6.7527,-0.0488,1774134207000,6.75200000,9.43000000,6.75100000,1.49000000,6.75000000,1.49000000,6.74900000,4.17000000,6.74800000,8.58000000,6.74700000,4.17000000,6.74600000,4.17000000,6.74500000,4.17000000,6.74400000,4.17000000,6.74300000,60.03000000,6.75600000,1.49000000,6.75700000,1.49000000,6.75800000,1.49000000,6.75900000,1.49000000,6.76000000,4.18000000,6.76100000,39.02000000,6.76200000,154.80000000,6.76300000,171.12000000,6.76400000,1.50000000,6.76500000,1.50000000,6.7526,7.1,6.7495,10.4,6.7493,3.8,6.7491,9.6,6.7490,3.8,6.7488,3.8,6.7485,3.8,6.7483,3.8,6.7474,11.9,6.7471,7.1,6.7535,7.1,6.7552,7.3,6.7554,3.8,6.7555,14.2,6.7558,0.1,6.7559,3.8,6.7564,3.8,6.7568,3.8,6.7569,3.8,6.7573,3.8,-0.00001795,1774137600000
0,3,163,6.75600000,6.7535,-0.037,1774134208000,6.75300000,1.49000000,6.75200000,9.43000000,6.75100000,1.49000000,6.75000000,1.49000000,6.74900000,5.90000000,6.74800000,4.18000000,6.74700000,4.17000000,6.74600000,4.17000000,6.74500000,4.17000000,6.74400000,4.17000000,6.75600000,3.95000000,6.75700000,1.49000000,6.75800000,1.49000000,6.75900000,1.49000000,6.76000000,1.50000000,6.76100000,4.19000000,6.76200000,1.50000000,6.76300000,78.09000000,6.76400000,134.75000000,6.76500000,34.13000000,6.7561,7.1,6.7560,15.2,6.7550,6.1,6.7549,6.5,6.7539,6.3,6.7534,7.1,6.7526,3.8,6.7525,3.8,6.7521,3.8,6.7520,16.6,6.7595,30.0,6.7600,0.2,6.7602,3.8,6.7603,8.8,6.7607,3.8,6.7610,0.1,6.7612,3.8,6.7614,3.8,6.7617,7.8,6.7619,3.8,-0.00001795,1774137600000
0,3,163,6.75900000,6.7543,-0.0695,1774134209000,6.75700000,1.49000000,6.75600000,1.49000000,6.75500000,1.49000000,6.75400000,1.49000000,6.75300000,5.89000000,6.75200000,1.49000000,6.75100000,1.49000000,6.75000000,4.16000000,6.74900000,4.16000000,6.74800000,45.18000000,6.75800000,16.54000000,6.75900000,1.49000000,6.76000000,8.63000000,6.76100000,1.50000000,6.76200000,42.44000000,6.76300000,137.15000000,6.76400000,115.21000000,6.76500000,37.84000000,6.76600000,8.87000000,6.76700000,1.50000000,6.7542,7.1,6.7524,3.8,6.7521,7.0,6.7520,7.1,6.7516,3.8,6.7513,3.8,6.7511,3.8,6.7508,3.8,6.7506,3.8,6.7503,3.8,6.7543,5.5,6.7558,3.8,6.7563,3.8,6.7568,3.8,6.7573,3.8,6.7578,3.8,6.7581,3.8,6.7583,3.8,6.7586,3.8,6.7588,3.8,-0.00001795,1774137600000
0,3,163,6.75900000,6.7563,-0.0399,1774134211000,6.75700000,1.49000000,6.75600000,1.49000000,6.75500000,1.49000000,6.75400000,1.49000000,6.75300000,5.89000000,6.75200000,4.16000000,6.75100000,4.16000000,6.75000000,4.16000000,6.74900000,4.16000000,6.74800000,45.18000000,6.75900000,1.49000000,6.76000000,8.63000000,6.76100000,1.50000000,6.76200000,4.00000000,6.76300000,35.89000000,6.76400000,115.22000000,6.76500000,37.84000000,6.76600000,8.87000000,6.76700000,1.50000000,6.76800000,9.01000000,6.7563,8.1,6.7562,1.0,6.7536,10.0,6.7532,3.8,6.7531,3.8,6.7525,3.8,6.7524,3.8,6.7520,7.1,6.7518,3.8,6.7516,3.8,6.7564,7.1,6.7589,3.8,6.7594,3.8,6.7595,30.0,6.7600,4.0,6.7603,8.8,6.7605,3.8,6.7608,3.8,6.7610,3.9,6.7613,3.8,-0.00001795,1774137600000
0,3,163,6.75800000,6.7556,-0.0355,1774134212000,6.75200000,26.31000000,6.75100000,1.49000000,6.75000000,1.49000000,6.74900000,1.49000000,6.74800000,46.91000000,6.74700000,134.74000000,6.74600000,1.49000000,6.74500000,1.49000000,6.74400000,37.86000000,6.74300000,60.03000000,6.75500000,4.93000000,6.75600000,1.49000000,6.75700000,1.49000000,6.75800000,1.49000000,6.75900000,1.49000000,6.76000000,8.86000000,6.76100000,1.50000000,6.76200000,43.90000000,6.76300000,169.06000000,6.76400000,109.27000000,6.7556,8.1,6.7519,7.1,6.7511,6.0,6.7510,3.8,6.7509,3.8,6.7505,3.8,6.7504,3.8,6.7502,6.6,6.7500,3.8,6.7499,3.8,6.7557,7.1,6.7581,7.1,6.7591,11.3,6.7595,30.0,6.7598,7.6,6.7600,0.2,6.7603,8.8,6.7605,14.8,6.7606,3.8,6.7609,3.8,-0.00001795,1774137600000
0,3,163,6.76000000,6.7544,-0.0828,1774134213000,6.75800000,1.49000000,6.75700000,1.49000000,6.75600000,1.49000000,6.75500000,1.49000000,6.75400000,5.89000000,6.75300000,1.49000000,6.75200000,1.49000000,6.75100000,4.12000000,6.75000000,4.12000000,6.74900000,40.50000000,6.75900000,16.54000000,6.76000000,8.63000000,6.76100000,1.49000000,6.76200000,1.49000000,6.76300000,1.49000000,6.76400000,7.43000000,6.76500000,1.49000000,6.76600000,2.95000000,6.76700000,48.32000000,6.76800000,145.60000000,6.7545,7.1,6.7541,7.1,6.7539,5.4,6.7533,3.8,6.7517,7.1,6.7516,3.8,6.7514,3.8,6.7510,3.8,6.7509,3.8,6.7505,10.4,6.7563,7.1,6.7578,3.8,6.7583,3.8,6.7590,3.8,6.7592,3.8,6.7595,3.8,6.7597,3.8,6.7600,4.0,6.7602,3.8,6.7603,8.8,-0.00001795,1774137600000
0,3,163,6.76100000,6.7561,-0.0725,1774134214000,6.75800000,1.49000000,6.75700000,1.49000000,6.75600000,1.49000000,6.75500000,4.07000000,6.75400000,5.89000000,6.75300000,4.07000000,6.75200000,4.07000000,6.75100000,4.12000000,6.75000000,4.12000000,6.74900000,40.38000000,6.76100000,1.49000000,6.76200000,1.49000000,6.76300000,1.49000000,6.76400000,1.49000000,6.76500000,1.49000000,6.76600000,3.62000000,6.76700000,43.28000000,6.76800000,145.59000000,6.76900000,41.81000000,6.77000000,134.69000000,6.7561,7.1,6.7546,3.8,6.7543,7.0,6.7542,7.1,6.7541,3.8,6.7536,3.8,6.7532,6.7,6.7531,6.8,6.7530,3.8,6.7527,2.2,6.7590,7.1,6.7600,0.2,6.7603,8.8,6.7608,3.8,6.7610,0.1,6.7615,3.8,6.7617,4.0,6.7619,3.8,6.7620,11.2,6.7622,0.1,-0.00001795,1774137600000
0,3,163,6.75900000,6.7557,-0.0488,1774134215000,6.75500000,3.55000000,6.75400000,3.76000000,6.75300000,4.07000000,6.75200000,4.07000000,6.75100000,8.52000000,6.75000000,4.12000000,6.74900000,40.38000000,6.74800000,42.51000000,6.74700000,134.74000000,6.74600000,1.49000000,6.75900000,3.44000000,6.76000000,3.24000000,6.76100000,1.49000000,6.76200000,1.49000000,6.76300000,1.49000000,6.76400000,1.49000000,6.76500000,4.04000000,6.76600000,3.62000000,6.76700000,43.28000000,6.76800000,145.59000000,6.7557,7.1,6.7543,3.8,6.7542,7.1,6.7537,3.8,6.7536,2.0,6.7531,6.8,6.7526,11.4,6.7524,3.8,6.7520,3.8,6.7519,3.8,6.7574,7.1,6.7591,3.8,6.7596,3.8,6.7599,3.8,6.7600,0.2,6.7601,3.8,6.7603,8.8,6.7604,3.8,6.7607,3.8,6.7608,7.6,-0.00001795,1774137600000
0,3,163,6.76900000,6.757,-0.1773,1774134217000,6.75800000,4.30000000,6.75700000,1.49000000,6.75600000,23.55000000,6.75500000,0.97000000,6.75400000,5.89000000,6.75300000,1.49000000,6.75200000,1.49000000,6.75100000,1.49000000,6.75000000,4.02000000,6.74900000,37.83000000,6.76000000,1.49000000,6.76100000,1.49000000,6.76200000,1.49000000,6.76300000,1.49000000,6.76400000,1.49000000,6.76500000,4.01000000,6.76600000,4.01000000,6.76700000,4.01000000,6.76800000,36.63000000,6.76900000,153.51000000,6.7570,7.1,6.7549,7.6,6.7547,2.6,6.7545,3.8,6.7544,3.0,6.7542,7.1,6.7540,10.5,6.7538,11.3,6.7535,3.8,6.7533,3.8,6.7593,7.1,6.7594,7.1,6.7600,0.2,6.7608,3.8,6.7610,0.1,6.7613,3.8,6.7617,4.0,6.7618,3.8,6.7621,10.9,6.7622,0.1,-0.00001795,1774137600000
0,3,163,6.76200000,6.7584,-0.0532,1774134218000,6.73400000,8.36000000,6.73300000,1.49000000,6.73200000,1.49000000,6.73100000,1.49000000,6.73000000,1.49000000,6.72900000,5.89000000,6.72800000,4.03000000,6.72700000,37.81000000,6.72600000,1.49000000,6.72500000,60.03000000,6.73600000,8.73000000,6.73700000,1.49000000,6.73800000,6.83000000,6.73900000,1.49000000,6.74000000,1.49000000,6.74100000,1.49000000,6.74300000,2.54000000,6.74500000,8.78000000,6.74600000,13.88000000,6.75000000,7.35000000,6.7585,7.1,6.7572,14.7,6.7568,3.8,6.7563,3.8,6.7558,3.8,6.7557,3.8,6.7555,6.6,6.7554,7.4,6.7553,10.6,6.7552,3.8,6.7601,7.1,6.7618,3.8,6.7623,3.8,6.7628,10.6,6.7631,3.8,6.7633,3.8,6.7634,7.1,6.7638,15.0,6.7642,3.8,6.7643,3.8,-0.00001795,1774137600000
0,3,163,6.73600000,6.7324,-0.0534,1774134219000,6.73500000,14.48000000,6.73400000,1.49000000,6.73300000,28.30000000,6.73200000,1.49000000,6.73100000,1.49000000,6.73000000,5.91000000,6.72900000,1.49000000,6.72800000,41.81000000,6.72700000,135.08000000,6.72600000,60.03000000,6.73600000,1.49000000,6.73700000,1.49000000,6.73800000,1.49000000,6.73900000,1.49000000,6.74000000,3.97000000,6.74100000,3.96000000,6.74200000,3.66000000,6.74300000,9.17000000,6.74400000,3.99000000,6.74500000,3.99000000,6.7326,14.3,6.7325,22.4,6.7324,9.9,6.7308,3.8,6.7303,3.8,6.7302,14.8,6.7298,3.8,6.7297,3.8,6.7293,3.8,6.7292,3.8,6.7362,7.1,6.7374,8.4,6.7375,12.2,6.7380,3.8,6.7385,3.8,6.7389,3.8,6.7390,10.5,6.7394,3.8,6.7395,7.6,6.7396,3.8,-0.00001795,1774137600000
0,3,163,6.73400000,6.7319,-0.0312,1774134220000,6.73200000,3.44000000,6.73100000,6.93000000,6.73000000,1.49000000,6.72900000,1.49000000,6.72800000,5.91000000,6.72700000,1.49000000,6.72600000,1.49000000,6.72500000,4.01000000,6.72400000,4.01000000,6.72300000,4.00000000,6.73400000,1.49000000,6.73500000,2.44000000,6.73600000,1.49000000,6.73700000,1.49000000,6.73800000,1.49000000,6.73900000,3.99000000,6.74000000,37.98000000,6.74100000,127.33000000,6.74200000,135.13000000,6.74300000,1.49000000,6.7319,13.4,6.7306,1.3,6.7305,9.6,6.7304,3.8,6.7302,5.3,6.7299,3.8,6.7293,3.8,6.7292,3.8,6.7288,3.8,6.7287,3.8,6.7339,7.1,6.7356,6.3,6.7360,7.1,6.7361,7.1,6.7362,3.8,6.7368,3.8,6.7373,11.6,6.7378,3.8,6.7379,3.8,6.7380,3.8,-0.00001795,1774137600000
0,3,163,6.74000000,6.7393,-0.0104,1774134221000,6.73900000,23.29000000,6.73800000,1.49000000,6.73700000,1.49000000,6.73600000,4.40000000,6.73500000,5.91000000,6.73400000,1.49000000,6.73300000,1.49000000,6.73200000,1.49000000,6.73100000,1.49000000,6.73000000,1.49000000,6.74000000,1.49000000,6.74100000,1.49000000,6.74200000,1.49000000,6.74300000,1.49000000,6.74400000,1.49000000,6.74500000,6.67000000,6.74600000,1.49000000,6.74700000,37.96000000,6.74800000,245.56000000,6.74900000,19.71000000,6.7392,20.7,6.7365,9.4,6.7364,1.0,6.7353,7.1,6.7347,3.8,6.7346,3.8,6.7342,3.8,6.7341,3.8,6.7337,3.8,6.7333,9.1,6.7393,5.2,6.7397,0.1,6.7407,3.8,6.7429,3.8,6.7434,7.7,6.7435,7.6,6.7439,7.2,6.7440,7.6,6.7444,7.7,6.7445,7.6,-0.00001795,1774137600000
0,3,163,6.74000000,6.7378,-0.0326,1774134222000,6.73800000,1.49000000,6.73700000,1.49000000,6.73600000,1.49000000,6.73500000,1.49000000,6.73400000,5.90000000,6.73300000,1.49000000,6.73200000,3.94000000,6.73100000,3.94000000,6.73000000,3.97000000,6.72900000,1.49000000,6.74000000,3.43000000,6.74100000,1.49000000,6.74200000,1.49000000,6.74300000,1.49000000,6.74400000,1.49000000,6.74500000,3.94000000,6.74600000,3.94000000,6.74700000,3.94000000,6.74800000,3.94000000,6.74900000,3.94000000,6.7379,7.1,6.7378,15.3,6.7365,9.4,6.7364,1.0,6.7347,3.8,6.7346,3.8,6.7342,3.8,6.7341,3.8,6.7337,3.8,6.7332,7.6,6.7390,7.1,6.7409,3.8,6.7415,10.7,6.7420,3.8,6.7423,6.9,6.7424,3.8,6.7425,3.8,6.7429,3.8,6.7430,3.8,6.7434,3.8,-0.00001795,1774137600000
0,3,163,6.74100000,6.7367,-0.0638,1774134223000,6.73900000,2.21000000,6.73800000,1.49000000,6.73700000,1.49000000,6.73600000,1.49000000,6.73500000,5.90000000,6.73400000,1.49000000,6.73300000,1.49000000,6.73200000,3.94000000,6.73100000,3.94000000,6.73000000,3.97000000,6.74100000,4.92000000,6.74200000,1.49000000,6.74300000,1.49000000,6.74400000,1.49000000,6.74500000,3.94000000,6.74600000,3.94000000,6.74700000,3.94000000,6.74800000,3.94000000,6.74900000,3.94000000,6.75000000,13.65000000,6.7367,15.3,6.7350,3.8,6.7344,3.8,6.7339,3.8,6.7337,3.8,6.7335,3.4,6.7334,3.8,6.7332,3.8,6.7330,9.1,6.7329,3.8,6.7380,7.1,6.7399,3.8,6.7405,3.8,6.7407,3.8,6.7410,14.8,6.7412,3.8,6.7415,3.8,6.7417,3.8,6.7420,10.7,6.7422,3.8,-0.00001795,1774137600000
0,3,163,6.73600000,6.7313,-0.0698,1774134224000,6.73200000,7.22000000,6.73100000,3.47000000,6.73000000,1.49000000,6.72900000,1.49000000,6.72800000,5.90000000,6.72700000,1.49000000,6.72600000,1.49000000,6.72500000,1.49000000,6.72400000,41.84000000,6.72300000,171.64000000,6.73500000,1.97000000,6.73600000,1.49000000,6.73700000,3.92000000,6.73800000,3.92000000,6.73900000,40.39000000,6.74000000,112.43000000,6.74100000,135.02000000,6.74200000,1.49000000,6.74300000,1.49000000,6.74400000,1.49000000,6.7307,14.3,6.7306,1.0,6.7291,8.0,6.7290,3.8,6.7285,3.8,6.7279,3.8,6.7278,7.1,6.7274,3.8,6.7272,3.8,6.7269,3.8,6.7319,7.1,6.7321,1.0,6.7332,3.8,6.7337,3.8,6.7341,3.8,6.7342,3.8,6.7346,3.8,6.7347,12.1,6.7351,3.8,6.7352,3.8,-0.00001795,1774137600000
0,3,163,6.73400000,6.7294,-0.0683,1774134225000,6.73200000,7.22000000,6.73100000,3.47000000,6.73000000,1.49000000,6.72900000,1.49000000,6.72800000,5.90000000,6.72700000,1.49000000,6.72600000,1.49000000,6.72500000,1.49000000,6.72400000,41.84000000,6.72300000,135.17000000,6.73300000,16.54000000,6.73400000,1.49000000,6.73500000,1.49000000,6.73600000,1.49000000,6.73700000,1.49000000,6.73800000,1.49000000,6.73900000,37.96000000,6.74000000,112.43000000,6.74100000,135.02000000,6.74200000,1.49000000,6.7294,9.1,6.7291,8.0,6.7282,3.8,6.7278,7.1,6.7277,3.8,6.7272,3.8,6.7269,3.8,6.7268,7.1,6.7267,3.8,6.7263,7.1,6.7295,7.1,6.7310,3.8,6.7315,3.8,6.7320,3.8,6.7321,1.0,6.7326,3.8,6.7331,10.9,6.7332,11.5,6.7336,3.8,6.7337,3.8,-0.00001795,1774137600000
0,3,163,6.74000000,6.7385,-0.0223,1774134226000,6.74000000,7.22000000,6.73900000,1.49000000,6.73800000,1.49000000,6.73700000,1.49000000,6.73600000,5.90000000,6.73500000,1.49000000,6.73400000,1.49000000,6.73300000,1.49000000,6.73200000,1.49000000,6.73100000,3.88000000,6.74100000,1.49000000,6.74200000,1.49000000,6.74300000,1.49000000,6.74400000,1.49000000,6.74500000,1.49000000,6.74600000,3.90000000,6.74700000,181.20000000,6.74800000,112.44000000,6.74900000,1.49000000,6.75000000,9.00000000,6.7387,9.1,6.7361,5.0,6.7353,3.8,6.7352,3.8,6.7348,3.8,6.7347,3.8,6.7343,3.8,6.7342,3.8,6.7338,3.8,6.7337,3.8,6.7393,7.1,6.7397,0.1,6.7405,3.8,6.7410,3.8,6.7415,3.8,6.7417,3.8,6.7420,3.8,6.7422,3.8,6.7425,3.8,6.7429,3.8,-0.00001795,1774137600000
0,3,163,6.74100000,6.7396,-0.0208,1774134227000,6.73900000,1.49000000,6.73800000,1.49000000,6.73700000,1.49000000,6.73600000,1.49000000,6.73500000,5.90000000,6.73400000,3.88000000,6.73300000,3.88000000,6.73200000,3.60000000,6.73100000,3.88000000,6.73000000,3.89000000,6.74100000,1.49000000,6.74200000,1.49000000,6.74300000,1.49000000,6.74400000,1.49000000,6.74500000,1.49000000,6.74600000,3.90000000,6.74700000,144.73000000,6.74800000,1.49000000,6.74900000,1.49000000,6.75000000,148.81000000,6.7396,1.0,6.7371,5.0,6.7362,7.1,6.7357,3.8,6.7354,3.8,6.7352,3.8,6.7349,3.8,6.7347,3.8,6.7344,3.8,6.7342,3.8,6.7397,7.3,6.7415,3.8,6.7420,3.8,6.7422,14.8,6.7425,3.8,6.7428,3.8,6.7430,3.8,6.7433,3.8,6.7434,6.9,6.7435,10.9,-0.00001795,1774137600000
0,3,163,6.74100000,6.739,-0.0297,1774134228000,6.73900000,1.49000000,6.73800000,1.49000000,6.73700000,1.49000000,6.73600000,1.49000000,6.73500000,5.90000000,6.73400000,1.49000000,6.73300000,3.88000000,6.73200000,3.60000000,6.73100000,3.88000000,6.73000000,3.89000000,6.74100000,0.49000000,6.74200000,1.49000000,6.74300000,1.49000000,6.74400000,1.49000000,6.74500000,3.89000000,6.74600000,3.89000000,6.74700000,135.02000000,6.74800000,1.49000000,6.74900000,1.49000000,6.75000000,148.81000000,6.7390,2.0,6.7371,5.0,6.7362,7.1,6.7354,3.8,6.7349,3.8,6.7347,3.8,6.7344,3.8,6.7342,3.8,6.7338,3.8,6.7337,3.8,6.7391,7.1,6.7397,0.1,6.7404,3.8,6.7410,3.8,6.7415,3.8,6.7419,3.8,6.7420,3.8,6.7424,17.8,6.7425,3.8,6.7429,3.8,-0.00001795,1774137600000
0,3,163,6.74400000,6.7396,-0.0652,1774134229000,6.74200000,1.49000000,6.74100000,1.49000000,6.74000000,1.49000000,6.73900000,1.49000000,6.73800000,5.89000000,6.73700000,1.49000000,6.73600000,1.49000000,6.73500000,3.88000000,6.73400000,3.88000000,6.73300000,3.88000000,6.74400000,0.62000000,6.74500000,1.49000000,6.74600000,1.49000000,6.74700000,1.49000000,6.74800000,3.90000000,6.74900000,11.21000000,6.75000000,3.88000000,6.75100000,3.88000000,6.75200000,148.79000000,6.75300000,196.13000000,6.7396,17.3,6.7378,3.8,6.7373,3.8,6.7371,5.0,6.7368,3.8,6.7362,7.1,6.7361,3.8,6.7357,3.8,6.7354,3.8,6.7352,3.8,6.7397,0.1,6.7415,3.8,6.7420,3.8,6.7422,3.8,6.7425,3.8,6.7427,3.8,6.7430,3.8,6.7432,3.8,6.7435,3.8,6.7437,3.8,-0.00001795,1774137600000
0,3,163,6.74300000,6.7401,-0.043,1774134231000,6.74300000,7.22000000,6.74200000,1.49000000,6.74100000,1.49000000,6.74000000,1.49000000,6.73900000,5.89000000,6.73800000,1.49000000,6.73700000,1.49000000,6.73600000,1.49000000,6.73500000,3.90000000,6.73400000,3.88000000,6.74400000,0.62000000,6.74500000,1.49000000,6.74600000,1.49000000,6.74700000,1.49000000,6.74800000,3.90000000,6.74900000,11.21000000,6.75000000,1.49000000,6.75100000,3.88000000,6.75200000,148.79000000,6.75300000,196.13000000,6.7403,14.3,6.7400,3.0,6.7384,3.8,6.7378,3.8,6.7377,5.8,6.7374,3.8,6.7373,3.8,6.7369,3.8,6.7368,3.8,6.7364,3.8,6.7433,7.1,6.7439,0.1,6.7445,3.8,6.7450,3.8,6.7452,3.8,6.7456,3.8,6.7457,3.8,6.7461,8.3,6.7462,7.6,6.7466,16.8,-0.00001795,1774137600000
0,3,163,6.74500000,6.7416,-0.0504,1774134232000,6.74400000,7.22000000,6.74300000,1.49000000,6.74200000,1.49000000,6.74100000,1.49000000,6.74000000,5.89000000,6.73900000,1.49000000,6.73800000,3.90000000,6.73700000,3.90000000,6.73600000,3.90000000,6.73500000,3.90000000,6.74500000,1.49000000,6.74600000,1.49000000,6.74700000,1.49000000,6.74800000,1.49000000,6.74900000,1.49000000,6.75000000,1.49000000,6.75100000,1.49000000,6.75200000,11.21000000,6.75300000,153.84000000,6.75400000,152.86000000,6.7438,9.0,6.7416,6.0,6.7405,3.8,6.7400,3.8,6.7396,3.8,6.7395,3.8,6.7391,3.8,6.7390,3.8,6.7389,7.1,6.7384,3.8,6.7439,5.0,6.7455,3.8,6.7460,3.8,6.7465,3.8,6.7467,3.8,6.7468,0.1,6.7470,3.8,6.7472,3.8,6.7477,3.8,6.7478,9.7,-0.00001795,1774137600000
0,3,163,6.74100000,6.7367,-0.0638,1774134233000,6.73900000,1.49000000,6.73800000,1.49000000,6.73700000,1.49000000,6.73600000,1.49000000,6.73500000,5.89000000,6.73400000,1.49000000,6.73300000,1.49000000,6.73200000,3.60000000,6.73100000,40.34000000,6.73000000,1.49000000,6.74100000,4.94000000,6.74200000,1.49000000,6.74300000,1.49000000,6.74400000,1.49000000,6.74500000,1.49000000,6.74600000,1.49000000,6.74700000,37.94000000,6.74800000,1.49000000,6.74900000,1.49000000,6.75000000,117.47000000,6.7388,7.1,6.7359,3.8,6.7354,3.8,6.7352,3.8,6.7351,7.8,6.7349,3.8,6.7347,3.8,6.7344,3.8,6.7342,3.8,6.7337,3.8,6.7389,7.1,6.7404,3.8,6.7409,3.8,6.7414,3.8,6.7417,3.8,6.7420,11.4,6.7422,3.8,6.7425,3.8,6.7427,3.8,6.7429,7.1,-0.00001795,1774137600000
0,3,163,6.73800000,6.7326,-0.0801,1774134234000,6.73700000,1.49000000,6.73600000,1.49000000,6.73500000,1.49000000,6.73400000,1.49000000,6.73300000,5.89000000,6.73200000,1.49000000,6.73100000,1.49000000,6.73000000,3.90000000,6.72900000,3.90000000,6.72800000,37.93000000,6.73900000,3.44000000,6.74000000,1.49000000,6.74100000,1.49000000,6.74200000,1.49000000,6.74300000,1.49000000,6.74400000,3.90000000,6.74500000,3.90000000,6.74600000,3.90000000,6.74700000,3.90000000,6.74800000,147.13000000,6.7367,4.4,6.7332,7.1,6.7330,7.1,6.7328,3.8,6.7326,0.1,6.7323,3.8,6.7320,0.1,6.7318,3.8,6.7313,3.8,6.7312,3.8,6.7368,7.1,6.7391,3.8,6.7394,6.4,6.7396,3.8,6.7401,3.8,6.7406,12.1,6.7407,3.8,6.7411,3.8,6.7412,3.8,6.7416,10.7,-0.00001795,1774137600000
0,3,163,6.73400000,6.7326,-0.0208,1774134235000,6.73200000,1.49000000,6.73100000,1.49000000,6.73000000,1.49000000,6.72900000,1.49000000,6.72800000,5.89000000,6.72700000,1.49000000,6.72600000,1.49000000,6.72500000,1.49000000,6.72400000,41.84000000,6.72300000,135.17000000,6.73400000,1.49000000,6.73500000,1.49000000,6.73600000,1.49000000,6.73700000,1.49000000,6.73800000,3.89000000,6.73900000,3.90000000,6.74000000,3.90000000,6.74100000,37.97000000,6.74200000,251.16000000,6.74300000,1.49000000,6.7326,2.8,6.7320,0.1,6.7305,6.7,6.7290,3.8,6.7289,3.8,6.7285,3.8,6.7284,3.8,6.7280,3.8,6.7279,3.8,6.7278,7.1,6.7328,7.1,6.7344,3.8,6.7349,3.8,6.7354,3.8,6.7357,6.9,6.7358,3.8,6.7359,3.8,6.7364,3.8,6.7365,7.1,6.7366,3.8,-0.00001795,1774137600000
0,3,163,6.73300000,6.7326,-0.0059,1774134236000,6.73200000,1.49000000,6.73100000,1.49000000,6.73000000,1.49000000,6.72900000,1.49000000,6.72800000,5.89000000,6.72700000,3.89000000,6.72600000,3.89000000,6.72500000,3.89000000,6.72400000,41.84000000,6.72300000,135.17000000,6.73400000,1.49000000,6.73500000,1.49000000,6.73600000,1.49000000,6.73700000,1.49000000,6.73800000,1.49000000,6.73900000,3.90000000,6.74000000,3.90000000,6.74100000,3.89000000,6.74200000,171.54000000,6.74300000,1.49000000,6.7326,2.8,6.7320,0.1,6.7306,7.1,6.7305,7.9,6.7290,3.8,6.7289,3.8,6.7285,3.8,6.7284,3.8,6.7281,7.1,6.7280,3.8,6.7340,7.1,6.7354,3.8,6.7360,3.8,6.7365,3.8,6.7367,3.8,6.7371,14.1,6.7372,3.8,6.7376,3.8,6.7377,3.8,6.7381,10.7,-0.00001795,1774137600000
0,3,163,6.73100000,6.7305,-0.0074,1774134237000,6.73000000,1.49000000,6.72900000,1.49000000,6.72800000,1.49000000,6.72700000,1.49000000,6.72600000,5.90000000,6.72500000,1.49000000,6.72400000,41.84000000,6.72300000,135.17000000,6.72200000,1.49000000,6.72100000,37.95000000,6.73100000,19.98000000,6.73200000,1.49000000,6.73300000,1.49000000,6.73400000,1.49000000,6.73500000,1.49000000,6.73600000,1.49000000,6.73700000,1.49000000,6.73800000,3.89000000,6.73900000,3.90000000,6.74000000,17.04000000,6.7305,8.8,6.7267,3.8,6.7262,3.8,6.7260,3.8,6.7259,7.1,6.7257,3.8,6.7255,0.1,6.7254,3.8,6.7253,14.0,6.7252,3.8,6.7306,5.5,6.7315,2.1,6.7318,2.0,6.7321,10.7,6.7323,3.8,6.7329,3.8,6.7331,3.8,6.7334,3.8,6.7336,3.8,6.7339,10.8,-0.00001795,1774137600000
0,3,163,6.73200000,6.7306,-0.0208,1774134238000,6.73000000,1.49000000,6.72900000,1.49000000,6.72800000,1.49000000,6.72700000,1.49000000,6.72600000,5.90000000,6.72500000,1.49000000,6.72400000,41.84000000,6.72300000,135.17000000,6.72200000,1.49000000,6.72100000,37.95000000,6.73200000,3.44000000,6.73500000,1.49000000,6.73600000,1.49000000,6.73700000,1.49000000,6.73800000,1.49000000,6.73900000,1.49000000,6.74000000,17.04000000,6.74100000,1.49000000,6.74200000,181.20000000,6.74300000,1.49000000,6.7305,8.8,6.7272,3.8,6.7267,3.8,6.7265,3.8,6.7262,3.8,6.7260,3.8,6.7259,7.1,6.7257,3.8,6.7255,0.1,6.7254,3.8,6.7306,7.1,6.7323,3.8,6.7328,3.8,6.7331,3.8,6.7333,3.8,6.7336,3.8,6.7338,3.8,6.7341,3.8,6.7343,7.0,6.7344,3.8,-0.00001795,1774137600000
0,3,163,6.73200000,6.7299,-0.0312,1774134240000,6.73000000,3.03000000,6.72900000,1.49000000,6.72800000,1.49000000,6.72700000,1.49000000,6.72600000,5.90000000,6.72500000,1.49000000,6.72400000,41.84000000,6.72300000,135.17000000,6.72200000,1.49000000,6.72100000,37.95000000,6.73200000,1.49000000,6.73300000,1.49000000,6.73400000,1.49000000,6.73500000,1.49000000,6.73600000,3.89000000,6.73700000,3.89000000,6.73800000,3.89000000,6.73900000,3.89000000,6.74000000,17.04000000,6.74100000,1.49000000,6.7298,14.3,6.7293,5.0,6.7270,7.6,6.7263,3.8,6.7262,3.8,6.7259,7.1,6.7258,3.8,6.7257,3.8,6.7255,0.1,6.7253,3.8,6.7313,7.1,6.7328,3.8,6.7333,3.8,6.7338,3.8,6.7339,3.8,6.7343,10.2,6.7344,3.8,6.7348,3.8,6.7350,3.8,6.7354,10.8,-0.00001795,1774137600000
0,3,163,6.74400000,6.7391,-0.0727,1774134241000,6.74000000,7.22000000,6.73900000,7.40000000,6.73800000,8.90000000,6.73700000,1.49000000,6.73500000,23.73000000,6.73400000,16.30000000,6.73300000,8.90000000,6.73200000,5.90000000,6.73100000,7.40000000,6.73000000,8.91000000,6.74400000,0.19000000,6.74500000,11.16000000,6.74600000,1.49000000,6.74700000,117.62000000,6.74800000,171.51000000,6.74900000,1.49000000,6.75000000,1.49000000,6.75100000,1.49000000,6.75200000,19.71000000,6.75300000,196.13000000,6.7331,3.0,6.7325,1.4,6.7310,1.8,6.7308,6.9,6.7293,2.6,6.7276,7.1,6.7271,14.0,6.7270,7.6,6.7263,3.8,6.7262,3.8,6.7333,7.1,6.7348,3.8,6.7354,3.8,6.7360,3.8,6.7361,10.9,6.7363,7.1,6.7365,3.8,6.7366,3.8,6.7367,3.8,6.7371,3.8,-0.00001795,1774137600000
0,3,163,6.74100000,6.7438,0.0415,1774134242000,6.74100000,3.43000000,6.74000000,8.90000000,6.73900000,5.21000000,6.73800000,1.49000000,6.73700000,1.49000000,6.73600000,5.89000000,6.73500000,3.83000000,6.73400000,8.90000000,6.73300000,1.49000000,6.73200000,11.24000000,6.74300000,1.49000000,6.74400000,1.49000000,6.74500000,1.49000000,6.74600000,1.49000000,6.74700000,1.49000000,6.74800000,1.49000000,6.74900000,3.84000000,6.75000000,46.42000000,6.75100000,117.47000000,6.75200000,1.49000000,6.7438,7.1,6.7410,10.8,6.7403,7.1,6.7396,1.6,6.7382,7.6,6.7377,3.8,6.7376,3.8,6.7372,3.8,6.7371,3.8,6.7367,3.8,6.7439,0.1,6.7450,3.8,6.7455,3.8,6.7460,3.8,6.7465,3.8,6.7468,0.1,6.7470,3.8,6.7471,3.8,6.7472,10.0,6.7474,7.6,-0.00001795,1774137600000
0,3,163,6.75300000,6.7505,-0.037,1774134243000,6.75200000,14.62000000,6.75100000,5.33000000,6.75000000,1.49000000,6.74900000,4.08000000,6.74800000,1.49000000,6.74700000,5.89000000,6.74600000,1.49000000,6.74500000,1.49000000,6.74400000,1.49000000,6.74300000,1.49000000,6.75300000,1.49000000,6.75400000,1.49000000,6.75500000,1.49000000,6.75600000,37.87000000,6.75700000,1.49000000,6.75800000,1.49000000,6.75900000,1.49000000,6.76000000,117.25000000,6.76100000,1.49000000,6.76200000,134.64000000,6.7511,14.3,6.7505,5.7,6.7485,3.8,6.7482,3.8,6.7480,3.8,6.7477,10.9,6.7475,3.8,6.7472,3.8,6.7470,3.8,6.7466,3.8,6.7521,7.1,6.7527,30.7,6.7531,3.2,6.7539,3.9,6.7544,3.8,6.7546,3.8,6.7551,3.8,6.7555,3.8,6.7557,3.8,6.7558,0.1,-0.00001795,1774137600000
0,3,163,6.75200000,6.7526,0.0089,1774134244000,6.75000000,1.49000000,6.74900000,1.49000000,6.74800000,9.31000000,6.74700000,1.49000000,6.74600000,5.88000000,6.74500000,1.49000000,6.74400000,1.49000000,6.74300000,1.49000000,6.74200000,5.29000000,6.74100000,37.87000000,6.75200000,1.49000000,6.75300000,1.49000000,6.75400000,1.49000000,6.75500000,1.49000000,6.75600000,1.49000000,6.75700000,1.49000000,6.75800000,4.83000000,6.75900000,37.88000000,6.76000000,117.25000000,6.76100000,1.49000000,6.7517,7.1,6.7505,5.7,6.7477,7.1,6.7473,3.8,6.7472,3.8,6.7468,3.8,6.7466,3.8,6.7462,3.8,6.7461,3.8,6.7456,7.6,6.7518,4.9,6.7527,30.7,6.7531,3.2,6.7533,3.8,6.7539,3.9,6.7544,3.8,6.7547,3.8,6.7552,3.8,6.7556,14.5,6.7557,3.8,-0.00001795,1774137600000
0,3,163,6.75400000,6.7505,-0.0518,1774134245000,6.75300000,10.65000000,6.75200000,1.49000000,6.75100000,1.49000000,6.75000000,4.01000000,6.74900000,1.49000000,6.74800000,5.88000000,6.74700000,1.49000000,6.74600000,8.89000000,6.74500000,1.49000000,6.74400000,1.49000000,6.75400000,1.49000000,6.75500000,1.49000000,6.75600000,1.49000000,6.75700000,1.49000000,6.75800000,1.49000000,6.75900000,37.88000000,6.76000000,117.25000000,6.76100000,1.49000000,6.76200000,134.64000000,6.76300000,196.13000000,6.7526,14.2,6.7505,5.7,6.7498,3.8,6.7493,3.8,6.7488,7.6,6.7483,7.6,6.7478,13.7,6.7477,7.1,6.7473,3.8,6.7472,3.8,6.7527,30.7,6.7531,3.2,6.7539,3.9,6.7544,3.8,6.7557,3.8,6.7558,0.1,6.7560,3.8,6.7562,3.8,6.7565,3.8,6.7567,3.8,-0.00001795,1774137600000
0,3,163,6.75600000,6.7524,-0.0533,1774134247000,6.75300000,7.22000000,6.75200000,1.49000000,6.75100000,1.49000000,6.75000000,4.01000000,6.74900000,1.49000000,6.74800000,5.88000000,6.74700000,1.49000000,6.74600000,1.49000000,6.74500000,1.49000000,6.74400000,1.49000000,6.75400000,1.49000000,6.75500000,1.49000000,6.75600000,1.49000000,6.75700000,1.49000000,6.75800000,1.49000000,6.75900000,37.88000000,6.76000000,117.25000000,6.76100000,1.49000000,6.76200000,134.64000000,6.76300000,196.13000000,6.7524,30.7,6.7509,14.3,6.7505,5.7,6.7498,11.0,6.7494,3.8,6.7493,3.8,6.7490,3.8,6.7489,3.8,6.7488,10.3,6.7483,7.6,6.7634,20.5,6.7775,21.8,6.7777,0.1,6.7782,9.2,6.7783,3.8,6.7790,3.8,6.7796,8.6,6.7797,3.8,6.7800,0.3,6.7804,3.8,-0.00001795,1774137600000
0,3,163,6.77600000,6.7683,-0.1136,1774134248000,6.77500000,1.48000000,6.77400000,1.48000000,6.77300000,1.48000000,6.77200000,2.29000000,6.77100000,1.49000000,6.77000000,5.85000000,6.76900000,1.48000000,6.76800000,1.49000000,6.76700000,41.59000000,6.76600000,134.34000000,6.77600000,16.54000000,6.77700000,1.48000000,6.77800000,1.48000000,6.77900000,0.71000000,6.78000000,1.49000000,6.78100000,1.49000000,6.78200000,1.49000000,6.78300000,38.50000000,6.78400000,170.59000000,6.78500000,52.94000000,6.7709,7.2,6.7692,3.8,6.7687,3.8,6.7683,7.1,6.7681,3.9,6.7680,3.8,6.7677,0.1,6.7676,3.8,6.7675,3.8,6.7670,3.8,6.7710,7.1,6.7728,3.8,6.7732,6.0,6.7733,3.8,6.7735,14.7,6.7738,3.8,6.7740,7.1,6.7752,3.8,6.7753,10.9,6.7758,3.8,-0.00001235,1774137600000
0,3,163,6.77600000,6.7703,-0.0841,1774134249000,6.77400000,1.48000000,6.77300000,1.48000000,6.77200000,2.29000000,6.77100000,1.49000000,6.77000000,5.85000000,6.76900000,1.48000000,6.76800000,1.49000000,6.76700000,41.59000000,6.76600000,134.34000000,6.76500000,1.49000000,6.77500000,16.54000000,6.77600000,1.48000000,6.77700000,1.48000000,6.77800000,37.74000000,6.77900000,35.11000000,6.78000000,115.24000000,6.78100000,1.49000000,6.78200000,1.49000000,6.78300000,1.49000000,6.78400000,134.34000000,6.7705,25.1,6.7704,7.2,6.7695,5.7,6.7686,10.9,6.7681,3.9,6.7679,3.8,6.7677,0.1,6.7676,3.8,6.7674,3.8,6.7670,3.8,6.7722,7.1,6.7723,1.3,6.7727,6.4,6.7736,3.8,6.7741,3.8,6.7746,3.8,6.7751,3.8,6.7755,3.8,6.7756,7.1,6.7758,3.8,-0.00001235,1774137600000
0,3,163,6.77500000,6.7713,-0.0546,1774134250000,6.77400000,3.42000000,6.77300000,22.76000000,6.77200000,2.29000000,6.77100000,1.49000000,6.77000000,1.48000000,6.76900000,5.86000000,6.76800000,1.49000000,6.76700000,41.59000000,6.76600000,134.34000000,6.76500000,1.49000000,6.77500000,1.48000000,6.77600000,1.48000000,6.77700000,1.48000000,6.77800000,37.74000000,6.77900000,35.11000000,6.78000000,115.24000000,6.78100000,1.49000000,6.78200000,1.49000000,6.78300000,1.49000000,6.78400000,134.34000000,6.7713,15.1,6.7695,5.7,6.7686,10.9,6.7681,3.9,6.7677,0.1,6.7676,3.8,6.7670,3.8,6.7669,18.2,6.7664,7.6,6.7661,18.1,6.7714,7.1,6.7727,6.4,6.7731,3.8,6.7736,3.8,6.7739,14.7,6.7740,3.8,6.7741,3.8,6.7745,3.8,6.7746,3.8,6.7750,3.8,-0.00001235,1774137600000
0,3,163,6.77400000,6.7713,-0.0399,1774134251000,6.77200000,2.29000000,6.77100000,1.49000000,6.77000000,3.20000000,6.76900000,1.48000000,6.76800000,1.49000000,6.76700000,45.96000000,6.76600000,134.34000000,6.76500000,1.49000000,6.76400000,1.49000000,6.76300000,1.49000000,6.77300000,3.42000000,6.77400000,1.48000000,6.77500000,1.48000000,6.77600000,1.48000000,6.77700000,1.48000000,6.77800000,1.48000000,6.77900000,5.38000000,6.78000000,6.16000000,6.78100000,1.49000000,6.78200000,46.72000000,6.7713,15.4,6.7695,5.7,6.7681,3.9,6.7677,0.1,6.7676,3.8,6.7670,3.8,6.7665,18.2,6.7664,3.8,6.7661,18.1,6.7659,3.8,6.7714,8.3,6.7727,6.4,6.7731,3.8,6.7736,3.8,6.7739,11.8,6.7741,3.8,6.7744,3.8,6.7747,3.8,6.7749,10.5,6.7753,3.8,-0.00001235,1774137600000
0,3,163,6.77500000,6.771,-0.059,1774134252000,6.77400000,10.26000000,6.77300000,2.85000000,6.77200000,2.29000000,6.77100000,1.49000000,6.77000000,3.20000000,6.76900000,5.85000000,6.76800000,10.54000000,6.76700000,41.59000000,6.76600000,134.34000000,6.76500000,1.49000000,6.77500000,1.48000000,6.77600000,1.48000000,6.77700000,1.48000000,6.77800000,1.48000000,6.77900000,0.71000000,6.78000000,1.49000000,6.78100000,1.49000000,6.78200000,151.56000000,6.78300000,45.99000000,6.78400000,149.08000000,6.7710,6.0,6.7698,8.5,6.7695,9.5,6.7687,7.2,6.7686,7.1,6.7685,3.8,6.7681,0.1,6.7680,3.8,6.7677,0.1,6.7675,11.0,6.7720,4.0,6.7748,3.8,6.7756,3.8,6.7761,3.8,6.7766,3.8,6.7771,3.8,6.7773,3.8,6.7776,3.8,6.7779,3.8,6.7781,3.8,-0.00001235,1774137600000
0,3,163,6.78000000,6.7696,-0.1534,1774134253000,6.77300000,4.00000000,6.77200000,1.49000000,6.77100000,1.49000000,6.77000000,1.48000000,6.76900000,1.48000000,6.76800000,5.86000000,6.76700000,41.59000000,6.76600000,134.34000000,6.76500000,1.49000000,6.76400000,1.49000000,6.77400000,19.95000000,6.77500000,1.48000000,6.77600000,1.48000000,6.77700000,1.48000000,6.77800000,1.48000000,6.77900000,0.71000000,6.78000000,35.88000000,6.78100000,115.22000000,6.78200000,37.76000000,6.78300000,134.34000000,6.7695,11.6,6.7681,0.1,6.7677,0.1,6.7670,3.8,6.7662,7.1,6.7659,6.4,6.7658,3.8,6.7655,18.1,6.7654,3.8,6.7651,3.8,6.7696,7.1,6.7712,3.8,6.7717,3.8,6.7720,3.9,6.7723,3.8,6.7724,3.8,6.7730,14.7,6.7735,14.5,6.7736,3.8,6.7738,3.8,-0.00001235,1774137600000
0,3,163,6.77400000,6.7695,-0.0664,1774134255000,6.77300000,4.00000000,6.77200000,1.49000000,6.77100000,1.49000000,6.77000000,1.48000000,6.76900000,1.48000000,6.76800000,5.86000000,6.76700000,41.59000000,6.76600000,134.34000000,6.76500000,1.49000000,6.76400000,1.49000000,6.77400000,16.54000000,6.77500000,1.48000000,6.77600000,1.48000000,6.77700000,1.48000000,6.77800000,1.48000000,6.77900000,1.48000000,6.78000000,34.59000000,6.78100000,115.22000000,6.78200000,37.76000000,6.78300000,134.34000000,6.7695,11.6,6.7681,0.1,6.7680,3.8,6.7677,0.1,6.7675,3.8,6.7670,3.8,6.7662,7.1,6.7659,6.4,6.7658,3.8,6.7655,18.1,6.7696,13.1,6.7713,3.8,6.7718,3.8,6.7720,3.9,6.7723,7.6,6.7730,14.7,6.7736,7.6,6.7741,3.8,6.7742,3.8,6.7747,7.6,-0.00001235,1774137600000
0,3,163,6.77100000,6.7617,-0.1374,1774134256000,6.77000000,3.93000000,6.76900000,1.48000000,6.76800000,1.49000000,6.76700000,1.49000000,6.76600000,1.49000000,6.76500000,5.86000000,6.76400000,1.49000000,6.76300000,1.49000000,6.76200000,1.49000000,6.76100000,6.20000000,6.77100000,19.96000000,6.77200000,1.48000000,6.77300000,1.48000000,6.77400000,1.48000000,6.77500000,1.48000000,6.77600000,37.76000000,6.77700000,1.48000000,6.77800000,1.48000000,6.77900000,6.19000000,6.78000000,34.59000000,6.7640,3.8,6.7635,7.1,6.7634,18.1,6.7633,36.2,6.7629,3.8,6.7624,3.8,6.7620,7.1,6.7619,3.8,6.7617,4.0,6.7616,3.8,6.7678,13.1,6.7681,1.4,6.7682,1.7,6.7693,3.8,6.7698,10.4,6.7703,3.8,6.7706,6.4,6.7707,23.7,6.7708,3.8,6.7712,3.8,-0.00001235,1774137600000
0,3,163,6.76600000,6.7652,-0.0118,1774134258000,6.76500000,3.87000000,6.76400000,1.49000000,6.76300000,1.49000000,6.76200000,1.49000000,6.76100000,5.87000000,6.76000000,1.49000000,6.75900000,1.49000000,6.75800000,6.15000000,6.75700000,1.49000000,6.75600000,6.15000000,6.76600000,16.54000000,6.76700000,1.48000000,6.76800000,1.48000000,6.76900000,1.48000000,6.77000000,72.19000000,6.77100000,115.31000000,6.77200000,1.48000000,6.77300000,1.48000000,6.77400000,1.48000000,6.77500000,1.48000000,6.7617,4.0,6.7615,5.3,6.7610,0.1,6.7600,0.2,6.7595,3.8,6.7590,3.8,6.7586,18.1,6.7585,18.1,6.7584,3.8,6.7579,3.8,6.7618,7.1,6.7636,3.8,6.7641,3.8,6.7643,1.8,6.7646,3.8,6.7647,3.8,6.7651,3.8,6.7657,7.6,6.7662,13.5,6.7663,3.8,-0.00001235,1774137600000
0,3,163,6.76800000,6.7618,-0.0916,1774134260000,6.76700000,7.40000000,6.76600000,5.44000000,6.76500000,1.48000000,6.76400000,3.07000000,6.76300000,1.49000000,6.76200000,5.87000000,6.76100000,1.49000000,6.76000000,1.49000000,6.75900000,6.15000000,6.75800000,1.49000000,6.76800000,19.96000000,6.76900000,1.48000000,6.77000000,1.48000000,6.77100000,1.48000000,6.77200000,1.48000000,6.77300000,1.48000000,6.77400000,1.48000000,6.77500000,1.48000000,6.77600000,83.33000000,6.77700000,244.83000000,6.7618,8.7,6.7617,4.0,6.7615,5.3,6.7610,0.1,6.7605,3.8,6.7600,4.0,6.7598,3.8,6.7595,3.8,6.7593,11.5,6.7590,10.9,6.7651,7.1,6.7666,1.6,6.7669,3.8,6.7674,3.8,6.7678,3.8,6.7679,3.8,6.7681,1.4,6.7682,1.7,6.7683,3.8,6.7688,3.8,-0.00001235,1774137600000
0,3,163,6.76900000,6.7617,-0.1078,1774134261000,6.76500000,3.07000000,6.76400000,1.49000000,6.76300000,1.49000000,6.76200000,1.49000000,6.76100000,1.49000000,6.76000000,5.86000000,6.75900000,6.15000000,6.75800000,1.49000000,6.75700000,6.13000000,6.75600000,1.49000000,6.76600000,16.54000000,6.76700000,1.48000000,6.76800000,1.48000000,6.76900000,1.48000000,6.77000000,1.48000000,6.77100000,1.48000000,6.77200000,1.48000000,6.77300000,1.48000000,6.77400000,4.65000000,6.77500000,6.14000000,6.7617,4.0,6.7615,5.3,6.7610,0.1,6.7605,3.8,6.7600,4.0,6.7595,3.8,6.7590,3.8,6.7587,10.9,6.7584,3.8,6.7582,3.8,6.7652,7.1,6.7669,9.8,6.7674,3.8,6.7677,7.1,6.7678,3.8,6.7679,3.8,6.7681,9.1,6.7682,1.7,6.7683,3.8,6.7688,3.8,-0.00001235,1774137600000
0,3,163,6.76400000,6.761,-0.0444,1774134262000,6.76500000,3.07000000,6.76400000,1.49000000,6.76300000,1.49000000,6.76200000,1.49000000,6.76100000,1.49000000,6.76000000,5.86000000,6.75900000,6.15000000,6.75800000,1.49000000,6.75700000,6.13000000,6.75600000,1.49000000,6.76600000,16.54000000,6.76700000,1.48000000,6.76800000,1.48000000,6.76900000,1.48000000,6.77000000,1.48000000,6.77100000,1.48000000,6.77200000,1.48000000,6.77300000,1.48000000,6.77400000,4.65000000,6.77500000,6.14000000,6.7615,5.3,6.7610,0.1,6.7600,0.2,6.7590,3.8,6.7579,3.8,6.7576,18.5,6.7575,9.1,6.7574,3.8,6.7570,7.1,6.7569,3.8,6.7617,7.1,6.7618,7.1,6.7634,3.8,6.7639,3.8,6.7642,3.2,6.7643,3.8,6.7644,3.8,6.7648,3.8,6.7649,3.8,6.7650,6.3,-0.00001235,1774137600000
0,3,163,6.76600000,6.7586,-0.1094,1774134263000,6.76500000,10.64000000,6.76200000,1.49000000,6.76100000,1.49000000,6.76000000,1.49000000,6.75900000,7.41000000,6.75800000,1.49000000,6.75700000,9.15000000,6.75600000,6.14000000,6.75500000,41.70000000,6.75400000,134.74000000,6.76600000,1.48000000,6.76700000,1.48000000,6.76800000,1.48000000,6.76900000,1.48000000,6.77000000,1.48000000,6.77100000,1.48000000,6.77200000,37.80000000,6.77300000,111.84000000,6.77400000,8.99000000,6.77500000,1.48000000,6.7607,8.1,6.7589,3.8,6.7586,3.7,6.7584,3.8,6.7579,3.8,6.7578,3.8,6.7576,9.1,6.7574,3.8,6.7573,3.8,6.7569,3.8,6.7631,7.1,6.7647,3.8,6.7649,7.1,6.7652,3.8,6.7659,3.8,6.7662,3.8,6.7664,3.8,6.7668,3.8,6.7669,3.8,6.7673,3.8,-0.00001235,1774137600000
0,3,163,6.76600000,6.7616,-0.065,1774134264000,6.76500000,3.42000000,6.76400000,1.49000000,6.76300000,1.49000000,6.76200000,1.49000000,6.76100000,3.03000000,6.76000000,5.87000000,6.75900000,6.15000000,6.75800000,5.64000000,6.75700000,1.49000000,6.75600000,6.15000000,6.76600000,1.48000000,6.76700000,1.48000000,6.76800000,1.48000000,6.76900000,1.48000000,6.77000000,1.48000000,6.77100000,1.48000000,6.77200000,71.18000000,6.77300000,111.84000000,6.77400000,1.48000000,6.77500000,1.48000000,6.7615,8.1,6.7610,0.1,6.7604,7.0,6.7600,3.8,6.7599,5.6,6.7594,3.8,6.7591,5.1,6.7590,10.1,6.7589,3.8,6.7587,7.1,6.7684,7.1,6.7688,3.5,6.7689,0.9,6.7691,14.4,6.7703,3.8,6.7705,6.0,6.7706,6.2,6.7708,3.8,6.7711,3.8,6.7713,3.8,-0.00001235,1774137600000
0,3,163,6.76600000,6.7621,-0.0576,1774134265000,6.76500000,10.33000000,6.76400000,1.49000000,6.76300000,1.49000000,6.76200000,3.04000000,6.76100000,1.49000000,6.76000000,5.87000000,6.75900000,6.15000000,6.75800000,13.03000000,6.75700000,37.80000000,6.75600000,1.49000000,6.76600000,1.48000000,6.76700000,1.48000000,6.76800000,1.48000000,6.76900000,1.48000000,6.77000000,1.48000000,6.77100000,1.48000000,6.77200000,37.80000000,6.77300000,1.48000000,6.77400000,34.85000000,6.77500000,111.79000000,6.7619,8.7,6.7617,0.2,6.7610,0.1,6.7604,7.0,6.7600,3.8,6.7599,5.6,6.7596,5.1,6.7594,3.8,6.7590,10.1,6.7589,3.8,6.7659,23.8,6.7662,17.3,6.7675,3.8,6.7680,3.8,6.7682,2.0,6.7685,3.8,6.7686,3.8,6.7690,3.8,6.7692,3.8,6.7696,3.8,-0.00001235,1774137600000
0,3,163,6.77100000,6.7637,-0.1078,1774134267000,6.76400000,4.15000000,6.76300000,1.49000000,6.76200000,3.04000000,6.76100000,1.49000000,6.76000000,5.87000000,6.75900000,6.15000000,6.75800000,5.64000000,6.75700000,1.49000000,6.75600000,4.58000000,6.75500000,78.01000000,6.76600000,1.48000000,6.76700000,1.48000000,6.76800000,1.48000000,6.76900000,1.48000000,6.77000000,32.30000000,6.77100000,134.50000000,6.77200000,37.80000000,6.77300000,1.48000000,6.77400000,1.48000000,6.77500000,111.79000000,6.7694,7.1,6.7684,14.3,6.7655,7.1,6.7654,6.5,6.7646,7.1,6.7644,6.5,6.7634,6.5,6.7624,7.1,6.7623,7.1,6.7617,5.3,6.7705,3.8,6.7711,3.8,6.7713,3.8,6.7715,7.1,6.7716,3.8,6.7718,3.8,6.7721,3.8,6.7724,3.8,6.7725,3.8,6.7726,3.8,-0.00001235,1774137600000
0,3,163,6.76800000,6.7646,-0.0502,1774134268000,6.76600000,1.48000000,6.76500000,1.48000000,6.76400000,3.04000000,6.76300000,1.49000000,6.76200000,1.49000000,6.76100000,1.49000000,6.76000000,3.89000000,6.75900000,6.14000000,6.75800000,1.49000000,6.75700000,4.17000000,6.76800000,16.54000000,6.76900000,1.48000000,6.77000000,4.71000000,6.77100000,1.48000000,6.77200000,37.79000000,6.77300000,1.48000000,6.77400000,111.80000000,6.77500000,1.48000000,6.77600000,1.48000000,6.77700000,134.50000000,6.7645,7.1,6.7631,5.1,6.7630,3.8,6.7625,3.8,6.7620,10.0,6.7618,7.1,6.7615,10.2,6.7613,3.8,6.7610,3.9,6.7608,3.8,6.7664,7.1,6.7681,3.8,6.7685,6.1,6.7686,3.8,6.7691,3.8,6.7692,10.9,6.7697,3.8,6.7699,3.8,6.7703,7.1,6.7704,7.6,-0.00001235,1774137600000
0,3,163,6.76600000,6.7631,-0.0429,1774134269000,6.76500000,7.22000000,6.76400000,1.48000000,6.76300000,1.49000000,6.76200000,3.00000000,6.76100000,1.49000000,6.76000000,5.86000000,6.75900000,6.21000000,6.75800000,1.49000000,6.75700000,6.21000000,6.75600000,6.21000000,6.76600000,1.48000000,6.76700000,1.48000000,6.76800000,1.48000000,6.76900000,1.48000000,6.77000000,4.71000000,6.77100000,1.48000000,6.77200000,1.48000000,6.77300000,37.78000000,6.77400000,111.80000000,6.77500000,1.48000000,6.7631,5.1,6.7615,3.8,6.7610,3.9,6.7605,3.8,6.7601,14.8,6.7600,10.2,6.7597,7.1,6.7595,3.8,6.7591,3.8,6.7590,3.8,6.7632,7.1,6.7648,3.8,6.7653,3.8,6.7655,2.6,6.7657,3.8,6.7658,3.8,6.7662,3.8,6.7663,3.8,6.7666,14.7,6.7668,3.8,-0.00001235,1774137600000
0,3,163,6.76600000,6.7637,-0.034,1774134270000,6.76500000,7.22000000,6.76400000,1.48000000,6.76300000,1.49000000,6.76200000,3.00000000,6.76100000,1.49000000,6.76000000,5.86000000,6.75900000,6.21000000,6.75800000,1.49000000,6.75700000,6.21000000,6.75600000,6.21000000,6.76600000,1.48000000,6.76700000,1.48000000,6.76800000,1.48000000,6.76900000,1.48000000,6.77000000,4.71000000,6.77100000,1.48000000,6.77200000,1.48000000,6.77300000,37.78000000,6.77400000,111.80000000,6.77500000,1.48000000,6.7631,5.1,6.7610,0.1,6.7605,3.8,6.7600,3.8,6.7597,7.1,6.7595,9.9,6.7590,3.8,6.7589,18.1,6.7585,10.8,6.7584,18.1,6.7632,7.1,6.7647,3.8,6.7649,7.1,6.7653,3.8,6.7655,2.6,6.7657,3.8,6.7658,3.8,6.7662,3.8,6.7663,3.8,6.7668,3.8,-0.00001235,1774137600000
0,3,163,6.76100000,6.7562,-0.071,1774134271000,6.76000000,1.44000000,6.75900000,1.48000000,6.75800000,1.49000000,6.75700000,2.96000000,6.75600000,1.49000000,6.75500000,5.85000000,6.75400000,1.48000000,6.75300000,1.48000000,6.75200000,46.36000000,6.75100000,211.60000000,6.76100000,15.14000000,6.76200000,1.48000000,6.76300000,1.48000000,6.76400000,1.48000000,6.76500000,1.48000000,6.76600000,103.54000000,6.76700000,37.79000000,6.76800000,1.48000000,6.76900000,1.48000000,6.77000000,4.71000000,6.7560,8.1,6.7558,0.1,6.7551,3.8,6.7548,4.9,6.7546,3.8,6.7545,7.1,6.7540,7.6,6.7539,0.1,6.7535,3.8,6.7534,3.8,6.7570,7.1,6.7601,3.8,6.7606,3.8,6.7611,3.8,6.7616,3.8,6.7617,6.1,6.7622,3.8,6.7624,3.8,6.7625,3.8,6.7626,3.8,-0.00001235,1774137600000
0,3,163,6.76100000,6.7558,-0.0769,1774134274000,6.76000000,8.66000000,6.75900000,1.48000000,6.75800000,1.49000000,6.75700000,2.96000000,6.75600000,1.49000000,6.75500000,5.85000000,6.75400000,1.48000000,6.75300000,1.48000000,6.75200000,46.36000000,6.75100000,170.85000000,6.76100000,15.14000000,6.76200000,1.48000000,6.76300000,1.48000000,6.76400000,1.48000000,6.76500000,1.48000000,6.76600000,103.54000000,6.76700000,37.79000000,6.76800000,1.48000000,6.76900000,1.48000000,6.77000000,1.48000000,6.7570,7.1,6.7558,0.1,6.7551,3.8,6.7546,3.8,6.7545,12.0,6.7541,3.8,6.7540,3.8,6.7539,0.1,6.7535,3.8,6.7534,3.8,6.7582,7.1,6.7597,3.8,6.7602,18.5,6.7604,2.0,6.7607,3.8,6.7609,3.8,6.7612,3.8,6.7614,3.8,6.7617,3.8,6.7619,3.8,-0.00001235,1774137600000
0,3,163,6.75900000,6.7545,-0.0666,1774134275000,6.75800000,1.49000000,6.75700000,2.96000000,6.75600000,1.49000000,6.75500000,1.48000000,6.75400000,1.48000000,6.75300000,1.48000000,6.75200000,41.64000000,6.75100000,134.52000000,6.75000000,1.49000000,6.74900000,1.49000000,6.75900000,16.54000000,6.76100000,1.49000000,6.76200000,1.48000000,6.76300000,1.48000000,6.76400000,1.48000000,6.76500000,134.60000000,6.76600000,103.54000000,6.76700000,37.79000000,6.76800000,1.48000000,6.76900000,1.48000000,6.7558,0.1,6.7545,4.9,6.7539,0.1,6.7534,3.8,6.7528,3.8,6.7523,3.8,6.7521,7.1,6.7518,3.8,6.7514,3.8,6.7513,3.8,6.7559,7.1,6.7575,3.8,6.7580,6.0,6.7584,14.8,6.7587,3.8,6.7588,3.8,6.7592,3.8,6.7593,3.8,6.7595,6.6,6.7596,7.1,-0.00001235,1774137600000
0,3,163,6.75700000,6.7539,-0.0459,1774134276000,6.75500000,1.48000000,6.75400000,1.48000000,6.75300000,2.91000000,6.75200000,1.49000000,6.75100000,5.87000000,6.75000000,1.49000000,6.74900000,1.49000000,6.74800000,41.68000000,6.74700000,134.65000000,6.74600000,37.85000000,6.75600000,16.54000000,6.75700000,1.49000000,6.75800000,1.49000000,6.75900000,1.49000000,6.76000000,1.49000000,6.76100000,1.49000000,6.76200000,1.48000000,6.76300000,1.48000000,6.76400000,1.48000000,6.76500000,134.60000000,6.7539,0.1,6.7519,4.8,6.7514,3.8,6.7509,3.8,6.7508,18.2,6.7504,3.8,6.7498,3.8,6.7493,3.8,6.7491,3.8,6.7490,7.1,6.7540,7.1,6.7554,3.8,6.7560,2.6,6.7565,18.6,6.7567,6.2,6.7568,3.8,6.7570,3.8,6.7573,3.8,6.7575,3.8,6.7578,12.1,-0.00001235,1774137600000
0,3,163,6.75600000,6.7539,-0.0311,1774134278000,6.75500000,8.70000000,6.75400000,1.48000000,6.75300000,2.91000000,6.75200000,1.49000000,6.75100000,5.87000000,6.75000000,1.49000000,6.74900000,1.49000000,6.74800000,41.68000000,6.74700000,134.65000000,6.74600000,37.85000000,6.75600000,16.54000000,6.75700000,1.49000000,6.75800000,1.49000000,6.75900000,1.49000000,6.76000000,1.49000000,6.76100000,1.49000000,6.76200000,1.48000000,6.76300000,1.48000000,6.76400000,1.48000000,6.76500000,134.60000000,6.7539,0.1,6.7519,4.8,6.7514,3.8,6.7509,3.8,6.7508,18.2,6.7504,3.8,6.7498,3.8,6.7493,3.8,6.7491,3.8,6.7490,7.1,6.7540,7.1,6.7554,3.8,6.7560,2.6,6.7565,3.8,6.7568,3.8,6.7570,3.8,6.7573,3.8,6.7575,3.8,6.7578,12.1,6.7579,14.6,-0.00001235,1774137600000
0,3,163,6.75700000,6.7526,-0.0651,1774134279000,6.75600000,1.97000000,6.75500000,1.48000000,6.75400000,2.91000000,6.75300000,1.48000000,6.75200000,1.49000000,6.75100000,5.87000000,6.75000000,1.49000000,6.74900000,6.27000000,6.74800000,41.68000000,6.74700000,134.65000000,6.75700000,18.03000000,6.75800000,1.49000000,6.75900000,1.49000000,6.76000000,1.49000000,6.76100000,1.49000000,6.76200000,1.48000000,6.76300000,1.48000000,6.76400000,4.57000000,6.76500000,134.60000000,6.76600000,103.54000000,6.7540,15.4,6.7521,3.8,6.7519,4.8,6.7514,10.8,6.7512,3.8,6.7509,3.8,6.7508,18.2,6.7507,3.8,6.7504,10.2,6.7502,3.8,6.7559,7.1,6.7560,2.6,6.7570,3.8,6.7575,3.8,6.7578,3.8,6.7580,3.8,6.7583,3.8,6.7587,3.8,6.7588,3.8,6.7592,3.8,-0.00001235,1774137600000
0,3,163,6.75900000,6.754,-0.074,1774134281000,6.75800000,1.97000000,6.75700000,2.23000000,6.75600000,8.17000000,6.75500000,1.48000000,6.75400000,1.48000000,6.75300000,5.86000000,6.75200000,1.49000000,6.75100000,1.49000000,6.75000000,6.05000000,6.74900000,5.65000000,6.75900000,16.54000000,6.76000000,1.49000000,6.76100000,1.49000000,6.76200000,1.48000000,6.76300000,1.48000000,6.76400000,1.48000000,6.76500000,134.60000000,6.76600000,103.54000000,6.76700000,37.79000000,6.76800000,1.48000000,,,,,,,,,,,,,,,,,,,,,,,,,,,,,,,,,,,,,,,,,-0.00001235,1774137600000
0,3,163,6.76400000,6.7597,-0.0636,1774134283000,6.76300000,10.63000000,6.76200000,1.49000000,6.76100000,3.67000000,6.76000000,1.49000000,6.75900000,8.71000000,6.75800000,1.49000000,6.75700000,1.49000000,6.75600000,3.24000000,6.75500000,6.27000000,6.75400000,1.48000000,6.76400000,16.54000000,6.76500000,1.49000000,6.76600000,1.48000000,6.76700000,1.48000000,6.76800000,1.48000000,6.76900000,1.48000000,6.77000000,1.48000000,6.77100000,170.83000000,6.77200000,1.48000000,6.77300000,1.48000000,,,,,,,,,,,,,,,,,,,,,,,,,,,,,,,,,,,,,,,,,-0.00001235,1774137600000
0,3,163,6.76300000,6.7595,-0.0518,1774134284000,6.76100000,3.67000000,6.76000000,1.49000000,6.75900000,1.49000000,6.75800000,1.49000000,6.75700000,1.49000000,6.75600000,7.62000000,6.75500000,6.27000000,6.75400000,1.48000000,6.75300000,6.31000000,6.75200000,1.49000000,6.76200000,16.54000000,6.76300000,1.49000000,6.76400000,1.49000000,6.76500000,1.49000000,6.76600000,1.48000000,6.76700000,1.48000000,6.76800000,1.48000000,6.76900000,1.48000000,6.77000000,1.48000000,6.77100000,170.83000000,6.7609,7.1,6.7591,3.8,6.7590,4.8,6.7585,3.8,6.7580,3.8,6.7576,3.8,6.7574,3.8,6.7571,3.8,6.7570,17.3,6.7569,10.8,6.7610,6.2,6.7622,3.8,6.7629,4.6,6.7630,3.8,6.7636,3.8,6.7639,3.8,6.7644,7.6,6.7646,7.1,6.7650,3.8,6.7651,3.8,-0.00001235,1774137600000
0,3,163,6.76300000,6.7603,-0.0399,1774134285000,6.76100000,3.67000000,6.76000000,1.49000000,6.75900000,1.49000000,6.75800000,1.49000000,6.75700000,1.49000000,6.75600000,7.62000000,6.75500000,6.27000000,6.75400000,1.48000000,6.75300000,6.31000000,6.75200000,1.49000000,6.76200000,16.54000000,6.76300000,1.49000000,6.76400000,1.49000000,6.76500000,1.49000000,6.76600000,1.48000000,6.76700000,1.48000000,6.76800000,1.48000000,6.76900000,1.48000000,6.77000000,1.48000000,6.77100000,170.83000000,6.7594,7.1,6.7590,4.8,6.7577,3.8,6.7572,3.8,6.7567,3.8,6.7566,3.8,6.7562,3.8,6.7561,3.8,6.7557,3.8,6.7556,3.8,6.7605,7.1,6.7610,0.1,6.7617,3.8,6.7622,3.8,6.7624,1.6,6.7630,3.8,6.7634,3.8,6.7636,3.8,6.7639,3.8,6.7641,3.8,,
0,3,163,6.76300000,6.7609,-0.0311,1774134286000,6.76100000,3.67000000,6.76000000,1.49000000,6.75900000,1.49000000,6.75800000,1.49000000,6.75700000,5.87000000,6.75600000,6.29000000,6.75500000,6.27000000,6.75400000,1.48000000,6.75300000,6.31000000,6.75200000,1.49000000,6.76300000,1.49000000,6.76400000,1.49000000,6.76500000,1.49000000,6.76600000,1.48000000,6.76700000,1.48000000,6.76800000,1.48000000,6.76900000,1.48000000,6.77000000,6.28000000,6.77100000,170.83000000,6.77200000,1.48000000,6.7609,7.1,6.7590,4.8,6.7587,3.8,6.7582,3.8,6.7577,3.8,6.7575,17.2,6.7572,3.8,6.7567,3.8,6.7566,3.8,6.7562,3.8,6.7610,7.2,6.7624,1.6,6.7625,3.8,6.7630,3.8,6.7635,3.8,6.7640,3.8,6.7645,3.8,6.7646,7.1,6.7650,3.8,6.7651,3.8,-0.00001235,1774137600000
0,3,163,6.76300000,6.7602,-0.0414,1774134287000,6.76100000,10.98000000,6.76000000,1.49000000,6.75900000,1.49000000,6.75800000,1.49000000,6.75700000,5.87000000,6.75600000,6.29000000,6.75500000,6.27000000,6.75400000,1.48000000,6.75300000,6.31000000,6.75200000,37.82000000,6.76300000,1.49000000,6.76400000,1.49000000,6.76500000,1.49000000,6.76600000,1.48000000,6.76700000,1.48000000,6.76800000,1.48000000,6.76900000,1.48000000,6.77000000,6.28000000,6.77100000,170.83000000,6.77200000,1.48000000,6.7601,7.1,6.7590,4.8,6.7582,3.8,6.7577,3.8,6.7572,3.8,6.7567,3.8,6.7562,3.8,6.7561,3.8,6.7557,3.8,6.7556,21.0,6.7608,7.1,6.7610,0.1,6.7620,3.8,6.7625,3.8,6.7628,1.6,6.7630,3.8,6.7635,3.8,6.7640,3.8,6.7645,3.8,6.7646,7.1,-0.00001235,1774137600000
0,3,163,6.76900000,6.7635,-0.0813,1774134292000,6.77000000,7.22000000,6.76800000,1.49000000,6.76700000,3.67000000,6.76600000,1.49000000,6.76500000,5.86000000,6.76400000,7.12000000,6.76300000,1.49000000,6.76200000,3.46000000,6.76100000,6.38000000,6.76000000,43.09000000,6.77100000,18.02000000,6.77200000,1.48000000,6.77300000,1.48000000,6.77400000,37.77000000,6.77500000,1.48000000,6.77600000,96.51000000,6.77700000,134.50000000,6.77800000,1.48000000,6.77900000,1.48000000,6.78000000,1.48000000,6.7647,7.1,6.7639,4.8,6.7635,7.1,6.7629,3.8,6.7623,3.8,6.7617,3.8,6.7616,3.8,6.7612,19.6,6.7611,21.0,6.7607,9.1,6.7672,3.0,6.7677,3.9,6.7681,0.1,6.7682,3.8,6.7687,3.8,6.7688,3.8,6.7693,3.8,6.7694,3.8,6.7698,7.1,6.7699,7.6,-0.00001235,1774137600000
0,3,163,6.76600000,6.7564,-0.1419,1774134293000,6.76200000,1.49000000,6.76100000,1.49000000,6.76000000,1.49000000,6.75900000,1.49000000,6.75800000,5.86000000,6.75700000,1.49000000,6.75600000,3.24000000,6.75500000,6.37000000,6.75400000,61.46000000,6.75300000,196.12000000,6.76300000,16.54000000,6.76500000,1.48000000,6.76600000,1.48000000,6.76700000,1.48000000,6.76800000,1.48000000,6.76900000,2.70000000,6.77000000,1.48000000,6.77100000,1.48000000,6.77200000,4.66000000,6.77300000,1.48000000,6.7612,7.1,6.7611,7.1,6.7587,3.8,6.7582,3.8,6.7579,7.1,6.7578,15.8,6.7577,3.8,6.7576,15.8,6.7572,3.8,6.7571,3.8,6.7617,7.1,6.7633,3.8,6.7638,3.8,6.7642,3.8,6.7643,3.8,6.7647,3.8,6.7648,3.8,6.7652,3.8,6.7653,3.8,6.7655,6.4,-0.00001235,1774137600000
0,3,163,6.76400000,6.7611,-0.0429,1774134296000,6.76200000,8.71000000,6.76100000,1.49000000,6.76000000,1.49000000,6.75900000,1.49000000,6.75800000,5.86000000,6.75700000,1.49000000,6.75600000,3.24000000,6.75500000,6.37000000,6.75400000,61.46000000,6.75300000,196.12000000,6.76300000,16.54000000,6.76400000,1.49000000,6.76500000,1.48000000,6.76600000,1.48000000,6.76700000,1.48000000,6.76800000,1.48000000,6.76900000,2.70000000,6.77000000,1.48000000,6.77100000,1.48000000,6.77200000,4.66000000,6.7588,1.3,6.7572,4.8,6.7568,3.8,6.7563,3.8,6.7558,3.8,6.7556,3.8,6.7555,7.1,6.7552,3.8,6.7549,3.8,6.7548,9.1,6.7589,7.1,6.7607,3.8,6.7612,3.8,6.7617,3.8,6.7618,3.8,6.7622,3.8,6.7624,3.8,6.7625,7.1,6.7627,3.8,6.7632,3.8,-0.00001235,1774137600000
0,3,163,6.76500000,6.7715,0.0961,1774134299000,6.76400000,7.22000000,6.76300000,1.49000000,6.76200000,1.49000000,6.76100000,1.49000000,6.76000000,1.49000000,6.75900000,5.87000000,6.75800000,1.49000000,6.75700000,5.95000000,6.75600000,3.24000000,6.75500000,6.36000000,6.76500000,18.02000000,6.76600000,1.48000000,6.76700000,1.48000000,6.76800000,1.48000000,6.76900000,2.70000000,6.77000000,1.48000000,6.77100000,1.48000000,6.77200000,4.66000000,6.77300000,1.48000000,6.77400000,37.77000000,6.7930,6.7,6.7920,6.7,6.7910,6.7,6.7900,6.7,6.7890,6.7,6.7881,2.0,6.7878,6.7,6.7868,15.8,6.7858,6.7,6.7848,6.7,6.7951,4.4,6.7965,0.1,6.7971,6.2,6.7983,5.0,6.7990,0.1,6.7999,3.8,6.8000,5.2,6.8019,3.8,6.8021,3.8,6.8023,0.1,-0.00001235,1774137600000
0,3,163,6.78000000,6.7773,-0.0398,1774134300000,6.77900000,1.48000000,6.77800000,1.48000000,6.77700000,1.48000000,6.77600000,1.48000000,6.77500000,1.48000000,6.77400000,5.86000000,6.77300000,4.02000000,6.77200000,6.76000000,6.77100000,1.48000000,6.77000000,6.34000000,6.78000000,23.91000000,6.78100000,1.48000000,6.78200000,1.48000000,6.78300000,1.48000000,6.78400000,1.48000000,6.78500000,1.48000000,6.78600000,0.33000000,6.78700000,1.48000000,6.78800000,1.48000000,6.78900000,37.71000000,6.7731,7.1,6.7720,10.7,6.7717,8.1,6.7712,3.8,6.7708,4.5,6.7707,3.8,6.7705,3.8,6.7704,7.6,6.7703,7.1,6.7702,3.8,6.7770,14.3,6.7782,4.6,6.7786,3.8,6.7793,3.8,6.7797,3.8,6.7799,3.8,6.7801,3.8,6.7803,3.8,6.7805,3.8,6.7807,3.8,-0.00001235,1774137600000
0,3,163,6.78400000,6.776,-0.1179,1774134301000,6.77900000,1.48000000,6.77800000,1.48000000,6.77700000,1.48000000,6.77600000,1.48000000,6.77500000,5.85000000,6.77400000,1.48000000,6.77300000,6.33000000,6.77200000,1.48000000,6.77100000,6.33000000,6.77000000,1.48000000,6.78000000,3.41000000,6.78200000,1.48000000,6.78300000,1.48000000,6.78500000,0.30000000,6.78600000,0.33000000,6.78700000,1.48000000,6.78800000,1.48000000,6.78900000,1.50000000,6.79000000,1.50000000,6.79100000,2.48000000,6.7781,14.1,6.7780,8.1,6.7761,3.8,6.7756,3.8,6.7755,7.0,6.7748,3.8,6.7746,3.8,6.7743,3.8,6.7741,3.8,6.7739,10.8,6.7822,14.3,6.7823,0.1,6.7824,32.2,6.7844,3.8,6.7849,3.8,6.7853,14.6,6.7854,3.8,6.7856,3.8,6.7858,3.8,6.7860,3.8,-0.00001235,1774137600000
0,3,163,6.78500000,6.776,-0.1326,1774134302000,6.78400000,1.48000000,6.78300000,1.48000000,6.78200000,1.48000000,6.78100000,1.48000000,6.78000000,1.48000000,6.77900000,9.14000000,6.77800000,1.48000000,6.77700000,6.29000000,6.77600000,1.48000000,6.77500000,4.13000000,6.78500000,16.54000000,6.78600000,1.48000000,6.78700000,1.48000000,6.78800000,1.48000000,6.78900000,0.95000000,6.79000000,1.50000000,6.79100000,38.69000000,6.79200000,88.50000000,6.79300000,134.25000000,6.79400000,1.50000000,6.7800,7.1,6.7785,3.8,6.7782,6.3,6.7780,3.8,6.7775,3.8,6.7771,3.8,6.7770,9.6,6.7769,5.8,6.7766,3.8,6.7761,3.8,6.7820,7.1,6.7823,0.1,6.7824,32.2,6.7849,3.8,6.7855,3.8,6.7860,3.8,6.7863,3.8,6.7865,3.8,6.7868,3.8,6.7870,3.8,-0.00001235,1774137600000
0,3,163,6.78100000,6.7746,-0.0944,1774134305000,6.77900000,4.77000000,6.77800000,2.22000000,6.77700000,1.48000000,6.77600000,1.48000000,6.77500000,5.84000000,6.77400000,5.21000000,6.77300000,1.48000000,6.77200000,6.32000000,6.77100000,1.48000000,6.77000000,6.28000000,6.78000000,16.54000000,6.78100000,1.48000000,6.78200000,1.48000000,6.78300000,1.48000000,6.78400000,1.48000000,6.78500000,1.48000000,6.78600000,88.54000000,6.78700000,134.13000000,6.78800000,1.48000000,6.78900000,0.95000000,,,,,,,,,,,,,,,,,,,,,,,,,,,,,,,,,,,,,,,,,-0.00001235,1774137600000
0,3,163,6.78000000,6.7711,-0.1313,1774134306000,6.77900000,4.77000000,6.77800000,2.22000000,6.77700000,1.48000000,6.77600000,1.48000000,6.77500000,5.84000000,6.77400000,5.21000000,6.77300000,1.48000000,6.77200000,6.32000000,6.77100000,1.48000000,6.77000000,6.28000000,6.78000000,16.54000000,6.78100000,1.48000000,6.78200000,1.48000000,6.78300000,1.48000000,6.78400000,1.48000000,6.78500000,1.48000000,6.78600000,88.54000000,6.78700000,134.13000000,6.78800000,1.48000000,6.78900000,0.95000000,6.7744,0.6,6.7743,4.2,6.7733,3.8,6.7727,3.8,6.7723,6.2,6.7722,3.8,6.7720,3.8,6.7716,3.8,6.7715,3.8,6.7713,6.8,6.7771,7.1,6.7790,3.8,6.7794,2.4,6.7795,3.8,6.7796,3.8,6.7800,3.8,6.7802,3.8,6.7806,3.8,6.7808,3.8,6.7811,3.8,-0.00001235,1774137600000
0,3,163,6.77800000,6.7759,-0.031,1774134307000,6.77700000,7.22000000,6.77600000,1.48000000,6.77500000,1.48000000,6.77400000,1.48000000,6.77300000,1.48000000,6.77200000,5.84000000,6.77100000,5.07000000,6.77000000,1.48000000,6.76900000,6.30000000,6.76800000,1.48000000,6.77800000,1.48000000,6.77900000,1.48000000,6.78000000,1.48000000,6.78100000,1.48000000,6.78200000,1.48000000,6.78300000,1.48000000,6.78400000,1.48000000,6.78500000,1.48000000,6.78600000,88.54000000,6.78700000,134.13000000,6.7759,7.1,6.7744,4.4,6.7743,4.2,6.7738,3.8,6.7733,10.6,6.7727,3.8,6.7725,3.8,6.7723,6.2,6.7722,3.8,6.7720,3.8,6.7760,0.8,6.7775,3.8,6.7777,1.6,6.7780,3.8,6.7785,3.8,6.7789,3.8,6.7790,3.8,6.7794,3.8,6.7795,3.8,6.7800,3.8,-0.00001235,1774137600000
0,3,163,6.78100000,6.7759,-0.0752,1774134308000,6.77900000,8.70000000,6.77800000,1.48000000,6.77700000,1.48000000,6.77600000,1.48000000,6.77500000,5.84000000,6.77400000,8.85000000,6.77300000,1.48000000,6.77200000,6.29000000,6.77100000,7.10000000,6.77000000,1.48000000,6.78000000,18.50000000,6.78100000,1.48000000,6.78200000,1.48000000,6.78300000,1.48000000,6.78400000,1.48000000,6.78500000,1.48000000,6.78600000,134.27000000,6.78700000,1.48000000,6.78800000,1.48000000,6.78900000,4.62000000,,,,,,,,,,,,,,,,,,,,,,,,,,,,,,,,,,,,,,,,,-0.00000684,1774137600000
0,3,163,6.78400000,6.7783,-0.084,1774134310000,6.77900000,8.70000000,6.77800000,1.48000000,6.77700000,1.48000000,6.77600000,1.48000000,6.77500000,5.84000000,6.77400000,1.48000000,6.77300000,1.48000000,6.77200000,1.48000000,6.77100000,1.48000000,6.77000000,1.48000000,6.78000000,16.54000000,6.78100000,1.48000000,6.78200000,1.48000000,6.78300000,1.48000000,6.78400000,1.48000000,6.78500000,1.48000000,6.78600000,1.48000000,6.78700000,4.33000000,6.78800000,1.48000000,6.78900000,5.76000000,6.7758,7.1,6.7743,7.1,6.7742,3.8,6.7735,3.8,6.7730,3.8,6.7728,9.8,6.7725,3.8,6.7723,3.8,6.7719,3.8,6.7716,10.9,6.7813,7.1,6.7823,0.1,6.7832,3.8,6.7837,10.1,6.7841,4.4,6.7842,3.8,6.7847,9.8,6.7861,12.2,6.7862,3.8,6.7864,3.8,-0.00000684,1774137600000
0,3,163,6.78100000,6.7788,-0.0324,1774134311000,6.77900000,8.70000000,6.77800000,1.48000000,6.77700000,1.48000000,6.77600000,1.48000000,6.77500000,5.84000000,6.77400000,1.48000000,6.77300000,6.32000000,6.77200000,1.48000000,6.77100000,1.48000000,6.77000000,6.34000000,6.78000000,16.54000000,6.78100000,1.48000000,6.78200000,1.48000000,6.78300000,4.95000000,6.78400000,0.81000000,6.78500000,1.48000000,6.78600000,1.48000000,6.78700000,1.48000000,6.78800000,1.48000000,6.78900000,5.79000000,,,,,,,,,,,,,,,,,,,,,,,,,,,,,,,,,,,,,,,,,-0.00000684,1774137600000
0,3,163,6.78000000,6.7788,-0.0177,1774134312000,6.77900000,8.70000000,6.77800000,1.48000000,6.77700000,1.48000000,6.77600000,1.48000000,6.77500000,5.84000000,6.77400000,1.48000000,6.77300000,6.32000000,6.77200000,1.48000000,6.77100000,1.48000000,6.77000000,6.34000000,6.78100000,1.48000000,6.78200000,1.48000000,6.78300000,4.95000000,6.78400000,0.81000000,6.78500000,1.48000000,6.78600000,1.48000000,6.78700000,1.48000000,6.78800000,6.32000000,6.78900000,5.79000000,6.79000000,88.57000000,6.7777,7.1,6.7776,7.1,6.7759,3.8,6.7758,4.1,6.7753,3.8,6.7748,3.8,6.7745,3.8,6.7743,7.1,6.7742,3.8,6.7738,3.8,6.7807,7.1,6.7810,17.2,6.7819,3.4,6.7823,0.1,6.7826,3.8,6.7830,14.4,6.7831,3.8,6.7836,3.8,6.7837,3.8,6.7841,3.8,-0.00000684,1774137600000
0,3,163,6.78100000,6.777,-0.059,1774134313000,6.78200000,8.70000000,6.78100000,1.48000000,6.77900000,1.48000000,6.77800000,1.48000000,6.77700000,5.83000000,6.77600000,1.48000000,6.77500000,205.33000000,6.77400000,1.48000000,6.77300000,6.33000000,6.77200000,1.48000000,6.78300000,16.54000000,6.78500000,1.48000000,6.78600000,1.48000000,6.78700000,1.48000000,6.78800000,1.48000000,6.79100000,7.33000000,6.79200000,6.12000000,6.79300000,134.25000000,6.79400000,1.50000000,6.79500000,12.75000000,6.7788,4.1,6.7758,3.8,6.7754,7.1,6.7753,3.8,6.7749,9.1,6.7748,3.8,6.7745,3.8,6.7744,10.9,6.7743,7.1,6.7742,3.8,6.7789,7.1,6.7810,3.8,6.7815,3.8,6.7818,3.8,6.7819,3.4,6.7821,3.8,6.7823,0.1,6.7825,3.8,6.7826,3.8,6.7827,3.8,-0.00000684,1774137600000
0,3,163,6.77800000,6.7753,-0.0398,1774134314000,6.77700000,1.48000000,6.77600000,1.48000000,6.77500000,1.48000000,6.77400000,1.48000000,6.77300000,1.48000000,6.77200000,1.48000000,6.77100000,1.48000000,6.77000000,1.48000000,6.76900000,6.27000000,6.76800000,1.48000000,6.77800000,16.54000000,6.78100000,1.48000000,6.78200000,1.48000000,6.78300000,1.48000000,6.78400000,1.48000000,6.78500000,1.48000000,6.78600000,1.48000000,6.78700000,1.48000000,6.78800000,1.48000000,6.78900000,1.48000000,,,,,,,,,,,,,,,,,,,,,,,,,,,,,,,,,,,,,,,,,-0.00000684,1774137600000
0,3,163,6.78100000,6.7766,-0.0649,1774134315000,6.78000000,11.78000000,6.77900000,1.48000000,6.77800000,1.48000000,6.77700000,1.48000000,6.77600000,1.48000000,6.77500000,5.83000000,6.77400000,1.48000000,6.77300000,1.48000000,6.77200000,42.52000000,6.77100000,1.48000000,6.78100000,1.48000000,6.78200000,1.48000000,6.78300000,1.48000000,6.78400000,1.48000000,6.78500000,1.48000000,6.78600000,1.48000000,6.78700000,5.61000000,6.78800000,6.31000000,6.78900000,1.48000000,6.79000000,6.25000000,6.7791,7.1,6.7788,4.1,6.7764,3.8,6.7758,9.8,6.7755,3.8,6.7754,7.1,6.7753,3.8,6.7750,3.8,6.7749,9.1,6.7748,3.8,6.7804,7.1,6.7807,2.0,6.7815,3.8,6.7823,0.1,6.7825,3.8,6.7826,3.8,6.7830,3.8,6.7831,3.8,6.7836,3.8,6.7837,3.8,-0.00000684,1774137600000
0,3,163,6.77800000,6.7752,-0.0413,1774134316000,6.77700000,1.48000000,6.77600000,1.48000000,6.77500000,1.48000000,6.77400000,1.48000000,6.77300000,1.48000000,6.77200000,5.83000000,6.77100000,1.48000000,6.77000000,1.48000000,6.76900000,6.32000000,6.76800000,6.32000000,6.77800000,16.54000000,6.77900000,1.48000000,6.78000000,1.48000000,6.78100000,1.48000000,6.78200000,1.48000000,6.78300000,1.48000000,6.78400000,1.48000000,6.78500000,83.90000000,6.78600000,1.48000000,6.78700000,1.48000000,6.7752,0.1,6.7736,4.0,6.7735,3.8,6.7730,3.8,6.7725,3.8,6.7720,3.8,6.7717,5.6,6.7716,7.1,6.7715,3.8,6.7710,3.8,6.7767,7.1,6.7786,3.8,6.7791,3.8,6.7795,3.8,6.7796,3.8,6.7800,3.8,6.7801,3.8,6.7804,7.6,6.7805,3.8,6.7806,3.8,-0.00000684,1774137600000
0,3,163,6.77300000,6.769,-0.0591,1774134317000,6.77200000,1.48000000,6.77100000,1.48000000,6.77000000,1.48000000,6.76900000,1.48000000,6.76800000,1.48000000,6.76700000,5.83000000,6.76600000,1.48000000,6.76500000,60.02000000,6.76400000,272.54000000,6.76300000,134.53000000,6.77300000,16.54000000,6.77400000,1.48000000,6.77500000,1.48000000,6.77600000,1.48000000,6.77700000,1.48000000,6.77800000,1.48000000,6.77900000,1.48000000,6.78000000,6.34000000,6.78100000,1.48000000,6.78200000,6.34000000,6.7756,4.0,6.7752,0.1,6.7731,3.8,6.7725,3.8,6.7717,11.4,6.7716,7.1,6.7710,3.8,6.7709,3.8,6.7705,3.8,6.7704,3.8,6.7757,7.1,6.7775,3.8,6.7780,3.8,6.7784,3.8,6.7785,3.8,6.7787,5.9,6.7788,3.8,6.7790,3.8,6.7792,3.8,6.7795,3.8,-0.00000684,1774137600000
0,3,163,6.77200000,6.7681,-0.0576,1774134318000,6.77100000,1.48000000,6.77000000,2.22000000,6.76900000,1.48000000,6.76800000,1.48000000,6.76700000,5.83000000,6.76600000,1.48000000,6.76500000,60.02000000,6.76400000,77.90000000,6.76300000,134.53000000,6.76200000,1.49000000,6.77200000,16.54000000,6.77300000,1.48000000,6.77400000,1.48000000,6.77500000,1.48000000,6.77600000,1.48000000,6.77700000,1.48000000,6.77800000,1.48000000,6.77900000,4.03000000,6.78000000,6.34000000,6.78100000,1.48000000,6.7691,7.1,6.7681,0.1,6.7677,0.1,6.7674,3.8,6.7672,3.7,6.7668,10.9,6.7663,3.8,6.7662,3.8,6.7660,7.1,6.7659,3.8,6.7703,7.1,6.7710,23.2,6.7719,3.8,6.7723,3.8,6.7727,3.8,6.7729,3.8,6.7731,3.8,6.7734,3.8,6.7735,3.8,6.7738,3.8,-0.00000684,1774137600000
0,3,163,6.77200000,6.7682,-0.0561,1774134319000,6.77100000,8.70000000,6.77000000,2.22000000,6.76900000,1.48000000,6.76800000,1.48000000,6.76700000,5.83000000,6.76600000,1.48000000,6.76500000,1.48000000,6.76400000,77.90000000,6.76300000,134.53000000,6.76200000,1.49000000,6.77200000,16.54000000,6.77300000,1.48000000,6.77400000,1.48000000,6.77500000,1.48000000,6.77600000,1.48000000,6.77700000,1.48000000,6.77800000,1.48000000,6.77900000,4.03000000,6.78000000,6.34000000,6.78100000,1.48000000,6.7682,8.3,6.7681,0.1,6.7677,0.1,6.7668,3.8,6.7663,3.7,6.7660,7.1,6.7659,3.8,6.7656,3.8,6.7655,3.8,6.7652,3.8,6.7702,7.1,6.7710,23.2,6.7719,3.8,6.7723,3.8,6.7727,3.8,6.7729,3.8,6.7731,3.8,6.7734,3.8,6.7735,3.8,6.7738,3.8,-0.00000684,1774137600000
0,3,163,6.77100000,6.765,-0.0886,1774134320000,6.77000000,2.22000000,6.76900000,1.48000000,6.76800000,1.48000000,6.76700000,1.48000000,6.76600000,1.48000000,6.76500000,5.83000000,6.76400000,41.64000000,6.76300000,170.80000000,6.76200000,1.49000000,6.76100000,1.49000000,6.77100000,16.54000000,6.77200000,1.48000000,6.77300000,1.48000000,6.77400000,1.48000000,6.77500000,1.48000000,6.77600000,1.48000000,6.77700000,134.38000000,6.77800000,79.14000000,6.77900000,1.48000000,6.78000000,1.48000000,6.7681,0.1,6.7677,0.1,6.7668,3.8,6.7664,2.0,6.7663,3.7,6.7660,7.1,6.7659,3.8,6.7655,3.8,6.7651,3.8,6.7650,2.6,6.7683,7.1,6.7699,3.8,6.7703,3.8,6.7707,3.8,6.7708,3.8,6.7710,23.2,6.7711,3.8,6.7713,3.8,6.7715,3.8,6.7717,3.8,-0.00000684,1774137600000
0,3,163,6.76900000,6.7667,-0.034,1774134321000,6.76800000,8.70000000,6.76700000,1.48000000,6.76600000,1.48000000,6.76500000,1.48000000,6.76400000,1.48000000,6.76300000,5.84000000,6.76200000,1.49000000,6.76100000,1.49000000,6.76000000,37.77000000,6.75900000,34.77000000,6.76900000,16.54000000,6.77000000,1.48000000,6.77100000,1.48000000,6.77200000,1.48000000,6.77300000,1.48000000,6.77400000,1.48000000,6.77500000,1.48000000,6.77600000,4.49000000,6.77700000,134.38000000,6.77800000,79.14000000,6.7667,7.1,6.7650,2.6,6.7645,3.8,6.7641,3.8,6.7637,3.8,6.7633,3.8,6.7629,3.8,6.7628,3.8,6.7624,7.6,6.7623,7.1,6.7670,7.1,6.7687,3.8,6.7691,3.8,6.7695,3.8,6.7696,3.8,6.7699,3.8,6.7700,3.8,6.7703,3.8,6.7704,3.8,6.7707,3.8,-0.00000684,1774137600000
0,3,163,6.77200000,6.7683,-0.0546,1774134323000,6.77100000,1.48000000,6.77000000,16.66000000,6.76900000,1.48000000,6.76800000,1.48000000,6.76700000,5.83000000,6.76600000,1.48000000,6.76500000,1.48000000,6.76400000,1.48000000,6.76300000,1.49000000,6.76200000,1.49000000,6.77200000,18.53000000,6.77300000,1.48000000,6.77400000,1.48000000,6.77500000,4.53000000,6.77600000,1.40000000,6.77700000,1.48000000,6.77800000,1.48000000,6.77900000,1.48000000,6.78000000,4.18000000,6.78100000,1.48000000,6.7712,3.6,6.7682,3.8,6.7678,3.8,6.7674,10.9,6.7671,3.8,6.7670,12.9,6.7669,11.4,6.7667,3.8,6.7666,3.8,6.7662,7.6,6.7713,7.1,6.7730,3.8,6.7734,3.8,6.7738,3.8,6.7739,3.8,6.7742,3.8,6.7743,3.8,6.7746,3.8,6.7747,3.8,6.7749,7.6,-0.00000684,1774137600000
0,3,163,6.76900000,6.7635,-0.0813,1774134324000,6.76800000,3.43000000,6.76700000,24.24000000,6.76600000,1.48000000,6.76500000,1.48000000,6.76400000,1.48000000,6.76300000,5.83000000,6.76200000,1.49000000,6.76100000,1.49000000,6.76000000,37.77000000,6.75900000,34.77000000,6.77000000,1.48000000,6.77100000,1.48000000,6.77200000,1.48000000,6.77300000,1.48000000,6.77400000,1.48000000,6.77500000,8.51000000,6.77600000,1.40000000,6.77700000,6.31000000,6.77800000,1.48000000,6.77900000,77.16000000,6.7670,7.1,6.7653,3.8,6.7652,3.5,6.7650,2.6,6.7649,3.8,6.7645,3.8,6.7641,3.8,6.7637,3.8,6.7635,7.1,6.7633,3.8,6.7680,7.1,6.7695,3.8,6.7699,3.8,6.7703,3.8,6.7705,3.8,6.7707,3.8,6.7712,3.8,6.7713,3.8,6.7716,3.8,6.7717,3.8,-0.00000684,1774137600000
0,3,163,6.76800000,6.7643,-0.0547,1774134325000,6.76700000,21.04000000,6.76600000,1.48000000,6.76500000,1.48000000,6.76400000,1.48000000,6.76300000,5.83000000,6.76200000,1.49000000,6.76100000,1.49000000,6.76000000,37.77000000,6.75900000,34.77000000,6.75800000,1.49000000,6.76800000,16.54000000,6.76900000,1.48000000,6.77000000,1.48000000,6.77100000,1.48000000,6.77200000,1.48000000,6.77300000,1.48000000,6.77400000,1.48000000,6.77500000,4.53000000,6.77600000,1.40000000,6.77700000,6.31000000,6.7641,7.1,6.7627,5.3,6.7626,7.1,6.7623,3.8,6.7620,22.3,6.7618,3.8,6.7617,4.0,6.7614,3.8,6.7613,3.8,6.7610,15.4,6.7675,7.1,6.7691,3.8,6.7695,3.8,6.7699,3.8,6.7701,3.8,6.7703,9.4,6.7705,3.8,6.7707,3.8,6.7710,3.8,6.7712,9.4,-0.00000684,1774137600000
0,3,163,6.77100000,6.7683,-0.0399,1774134326000,6.76900000,3.44000000,6.76800000,46.84000000,6.76700000,25.12000000,6.76600000,1.48000000,6.76500000,1.48000000,6.76400000,5.82000000,6.76300000,1.49000000,6.76200000,1.49000000,6.76100000,1.49000000,6.76000000,37.77000000,6.77200000,4.92000000,6.77300000,1.48000000,6.77400000,1.48000000,6.77500000,1.48000000,6.77600000,6.28000000,6.77700000,71.43000000,6.77800000,1.48000000,6.77900000,1.48000000,6.78000000,1.48000000,6.78100000,1.48000000,6.7672,7.1,6.7655,7.1,6.7654,3.8,6.7650,3.8,6.7646,3.8,6.7633,3.8,6.7632,3.8,6.7629,3.8,6.7628,9.5,6.7626,7.1,6.7694,7.1,6.7712,3.8,6.7716,3.8,6.7718,3.8,6.7720,3.8,6.7723,3.8,6.7724,3.8,6.7726,10.1,6.7728,7.6,6.7732,7.6,-0.00000684,1774137600000
0,3,163,6.77700000,6.7765,-0.0074,1774134327000,,,,,,,,,,,,,,,,,,,,,,,,,,,,,,,,,,,,,,,,,6.7688,7.1,6.7683,1.2,6.7659,3.8,6.7658,2.4,6.7656,11.5,6.7655,7.1,6.7654,3.8,6.7650,3.8,6.7646,3.8,6.7637,3.8,6.7693,7.1,6.7708,3.8,6.7712,3.8,6.7716,3.8,6.7718,3.8,6.7720,3.8,6.7723,3.8,6.7724,3.8,6.7728,7.6,6.7732,7.6,-0.00000684,1774137600000
0,3,163,6.78200000,6.7769,-0.0752,1774134328000,6.77600000,16.09000000,6.77500000,1.48000000,6.77400000,4.39000000,6.77300000,1.48000000,6.77200000,1.48000000,6.77100000,1.48000000,6.77000000,5.82000000,6.76900000,8.85000000,6.76800000,1.48000000,6.76700000,2.56000000,6.77700000,0.56000000,6.77800000,1.48000000,6.77900000,1.48000000,6.78000000,1.48000000,6.78100000,1.48000000,6.78200000,1.48000000,6.78300000,1.48000000,6.78400000,205.00000000,6.78500000,1.48000000,6.78600000,1.48000000,6.7713,7.1,6.7683,1.2,6.7675,2.0,6.7674,3.3,6.7671,3.8,6.7670,3.8,6.7669,5.7,6.7668,11.5,6.7667,9.1,6.7666,3.8,6.7727,7.1,6.7744,3.8,6.7749,3.8,6.7752,0.1,6.7753,3.8,6.7754,3.8,6.7757,3.8,6.7758,3.8,6.7761,3.8,6.7762,3.8,-0.00000684,1774137600000
0,3,163,6.79200000,6.7877,-0.0633,1774134329000,6.79000000,10.65000000,6.78900000,1.48000000,6.78800000,6.92000000,6.78700000,1.48000000,6.78600000,1.48000000,6.78500000,5.81000000,6.78400000,1.48000000,6.78300000,1.48000000,6.78200000,42.25000000,6.78100000,134.09000000,6.79100000,2.48000000,6.79200000,1.50000000,6.79300000,1.50000000,6.79400000,1.50000000,6.79500000,12.75000000,6.79600000,1.50000000,6.79700000,1.50000000,6.79800000,1.50000000,6.79900000,134.15000000,6.80000000,1.49000000,,,,,,,,,,,,,,,,,,,,,,,,,,,,,,,,,,,,,,,,,-0.00000684,1774137600000
0,3,163,6.80200000,6.7965,-0.0809,1774134330000,6.80000000,10.65000000,6.79900000,1.48000000,6.79800000,1.48000000,6.79700000,1.48000000,6.79600000,1.48000000,6.79500000,5.80000000,6.79400000,1.48000000,6.79300000,1.48000000,6.79200000,1.48000000,6.79100000,6.30000000,6.80100000,16.54000000,6.80200000,1.49000000,6.80300000,1.49000000,6.80400000,1.49000000,6.80500000,1.49000000,6.80600000,1.49000000,6.80700000,1.49000000,6.80800000,4.77000000,6.80900000,134.75000000,6.81000000,8.78000000,6.7804,7.1,6.7777,3.8,6.7773,3.8,6.7769,3.8,6.7765,3.8,6.7762,3.8,6.7761,3.8,6.7756,3.8,6.7755,3.8,6.7752,0.2,6.7805,7.1,6.7822,2.4,6.7823,3.9,6.7833,3.8,6.7847,5.6,6.7848,3.8,6.7850,3.8,6.7852,3.8,6.7854,5.4,6.7855,3.8,-0.00000684,1774137600000
0,3,163,6.79300000,6.7896,-0.0501,1774134331000,6.79000000,4.54000000,6.78900000,1.48000000,6.78800000,20.30000000,6.78700000,1.48000000,6.78600000,1.48000000,6.78500000,5.80000000,6.78400000,1.48000000,6.78300000,1.48000000,6.78200000,88.18000000,6.78100000,134.09000000,6.79100000,1.48000000,6.79200000,1.48000000,6.79300000,1.48000000,6.79400000,1.48000000,6.79500000,1.48000000,6.79600000,6.31000000,6.79700000,5.67000000,6.79800000,6.31000000,6.79900000,1.48000000,6.80000000,6.32000000,6.7931,7.1,6.7927,3.3,6.7913,3.8,6.7909,7.1,6.7908,3.8,6.7905,3.8,6.7904,3.8,6.7901,3.8,6.7900,3.8,6.7897,3.8,6.7953,7.1,6.7965,0.1,6.7968,3.8,6.7973,3.8,6.7978,3.8,6.7981,3.8,6.7982,3.8,6.7983,5.0,6.7985,3.8,6.7986,3.8,-0.00000684,1774137600000
0,3,163,6.68900000,6.7909,1.5234,1774134331448,6.69400000,3.43000000,6.69100000,5.82000000,6.68800000,5.82000000,6.68700000,8.74000000,6.68600000,1.50000000,6.68500000,10.26000000,6.68400000,7.32000000,6.68300000,4.11000000,6.68200000,7.32000000,6.68100000,5.88000000,6.69800000,16.54000000,6.70000000,1.50000000,6.70100000,1.50000000,6.70500000,1.50000000,6.70600000,1.50000000,6.70800000,18.22000000,6.71100000,235.06000000,6.71200000,14.86000000,6.71400000,18.22000000,6.71500000,37.86000000,6.7908,7.1,6.7894,0.1,6.7891,3.8,6.7886,3.8,6.7885,3.2,6.7881,3.8,6.7876,3.8,6.7873,3.8,6.7871,3.8,6.7868,3.8,6.7922,7.1,6.7923,0.8,6.7937,3.8,6.7941,4.8,6.7942,3.8,6.7947,3.8,6.7948,3.8,6.7952,3.8,6.7954,3.8,6.7958,10.1,-0.00000684,1774137600000
0,3,163,6.69000000,6.6844,-0.0837,1774134331941,6.69400000,3.43000000,6.69100000,5.82000000,6.68800000,5.82000000,6.68700000,8.74000000,6.68600000,1.50000000,6.68500000,10.26000000,6.68400000,7.32000000,6.68300000,4.11000000,6.68200000,7.32000000,6.68100000,5.88000000,6.69800000,16.54000000,6.70000000,1.50000000,6.70100000,1.50000000,6.70500000,1.50000000,6.70600000,1.50000000,6.70800000,18.22000000,6.71100000,235.06000000,6.71200000,14.86000000,6.71400000,18.22000000,6.71500000,37.86000000,6.7908,7.1,6.7894,0.1,6.7891,3.8,6.7886,3.8,6.7885,3.2,6.7881,3.8,6.7876,3.8,6.7873,3.8,6.7871,3.8,6.7868,3.8,6.7922,7.1,6.7923,0.8,6.7937,3.8,6.7941,4.8,6.7942,3.8,6.7947,3.8,6.7948,3.8,6.7952,3.8,6.7954,3.8,6.7958,10.1,-0.00000684,1774137600000
0,3,163,6.68900000,6.6899,0.0135,1774134332259,6.68700000,24.90000000,6.68600000,1.50000000,6.68500000,1.50000000,6.68400000,16.43000000,6.68300000,5.88000000,6.68200000,1.50000000,6.68100000,1.50000000,6.68000000,1.48000000,6.67900000,1.48000000,6.67800000,1.50000000,6.69000000,4.93000000,6.69100000,1.50000000,6.69200000,1.50000000,6.69300000,1.50000000,6.69400000,7.26000000,6.69500000,7.32000000,6.69600000,11.48000000,6.69700000,1.50000000,6.69800000,7.28000000,6.69900000,1.50000000,6.6884,14.8,6.6837,15.0,6.6827,5.0,6.6818,5.0,6.6814,5.1,6.6813,3.8,6.6804,15.0,6.6803,7.1,6.6802,7.4,6.6800,3.8,6.6900,18.8,6.6917,9.1,6.6934,9.5,6.6943,14.9,6.6944,6.7,6.6958,3.8,6.6959,7.9,6.6963,0.1,6.6965,3.8,6.6969,6.2,-0.00000684,1774137600000
