spot_exch,fut_exch,symbol,ask_spot,bid_futures,spread_pct,ts
binance,gate,FUNUSDT,0.00137300,0.03072,2137.4363,1774039667000
binance,gate,FUNUSDT,0.00137300,0.03072,2137.4363,1774039667924
binance,gate,FUNUSDT,0.00137300,0.03072,2137.4363,1774039668225
binance,gate,FUNUSDT,0.00137300,0.03072,2137.4363,1774039668525
binance,gate,FUNUSDT,0.00137300,0.03072,2137.4363,1774039668825
binance,gate,FUNUSDT,0.00137300,0.03072,2137.4363,1774039669125
binance,gate,FUNUSDT,0.00137300,0.03072,2137.4363,1774039669426
binance,gate,FUNUSDT,0.00137300,0.03072,2137.4363,1774039669726
binance,gate,FUNUSDT,0.00137300,0.03072,2137.4363,1774039670026
binance,gate,FUNUSDT,0.00137300,0.03072,2137.4363,1774039670326
binance,gate,FUNUSDT,0.00137300,0.03072,2137.4363,1774039670626
binance,gate,FUNUSDT,0.00137300,0.03072,2137.4363,1774039670926
binance,gate,FUNUSDT,0.00137300,0.03072,2137.4363,1774039671226
binance,gate,FUNUSDT,0.00137300,0.03072,2137.4363,1774039671526
binance,gate,FUNUSDT,0.00137300,0.03072,2137.4363,1774039671826
binance,gate,FUNUSDT,0.00137300,0.03072,2137.4363,1774039672127
binance,gate,FUNUSDT,0.00137300,0.03072,2137.4363,1774039672427
binance,gate,FUNUSDT,0.00137300,0.03072,2137.4363,1774039672727
binance,gate,FUNUSDT,0.00137300,0.03072,2137.4363,1774039673028
binance,gate,FUNUSDT,0.00137300,0.03072,2137.4363,1774039673328
binance,gate,FUNUSDT,0.00137300,0.03072,2137.4363,1774039673629
binance,gate,FUNUSDT,0.00137300,0.03072,2137.4363,1774039673929
binance,gate,FUNUSDT,0.00137300,0.03072,2137.4363,1774039674229
binance,gate,FUNUSDT,0.00137300,0.03072,2137.4363,1774039674529
binance,gate,FUNUSDT,0.00137300,0.03072,2137.4363,1774039674829
binance,gate,FUNUSDT,0.00137300,0.03072,2137.4363,1774039675130
binance,gate,FUNUSDT,0.00137300,0.03075,2139.6213,1774039675430
binance,gate,FUNUSDT,0.00137300,0.03072,2137.4363,1774039675730
binance,gate,FUNUSDT,0.00137300,0.03072,2137.4363,1774039676030
binance,gate,FUNUSDT,0.00137300,0.03072,2137.4363,1774039676331
binance,gate,FUNUSDT,0.00137300,0.03072,2137.4363,1774039676631
binance,gate,FUNUSDT,0.00137300,0.03072,2137.4363,1774039676932
binance,gate,FUNUSDT,0.00137300,0.03072,2137.4363,1774039677232
binance,gate,FUNUSDT,0.00137300,0.03072,2137.4363,1774039677532
binance,gate,FUNUSDT,0.00137300,0.03072,2137.4363,1774039677832
binance,gate,FUNUSDT,0.00137300,0.03072,2137.4363,1774039678132
binance,gate,FUNUSDT,0.00137300,0.03072,2137.4363,1774039678432
binance,gate,FUNUSDT,0.00137300,0.03072,2137.4363,1774039678735
binance,gate,FUNUSDT,0.00137300,0.03072,2137.4363,1774039679035
binance,gate,FUNUSDT,0.00137300,0.03072,2137.4363,1774039679335
binance,gate,FUNUSDT,0.00137300,0.03072,2137.4363,1774039679637
binance,gate,FUNUSDT,0.00137300,0.03072,2137.4363,1774039679937
binance,gate,FUNUSDT,0.00137300,0.03072,2137.4363,1774039680237
binance,gate,FUNUSDT,0.00137300,0.03072,2137.4363,1774039680537
binance,gate,FUNUSDT,0.00137300,0.03072,2137.4363,1774039680838
binance,gate,FUNUSDT,0.00137300,0.03072,2137.4363,1774039681138
binance,gate,FUNUSDT,0.00137300,0.03072,2137.4363,1774039681439
binance,gate,FUNUSDT,0.00137300,0.03072,2137.4363,1774039681739
binance,gate,FUNUSDT,0.00137300,0.03072,2137.4363,1774039682039
binance,gate,FUNUSDT,0.00137300,0.03072,2137.4363,1774039682339
binance,gate,FUNUSDT,0.00137300,0.03072,2137.4363,1774039682640
binance,gate,FUNUSDT,0.00137300,0.03072,2137.4363,1774039682940
binance,gate,FUNUSDT,0.00137300,0.03073,2138.1646,1774039683240
binance,gate,FUNUSDT,0.00137300,0.03074,2138.8929,1774039683541
binance,gate,FUNUSDT,0.00137300,0.03074,2138.8929,1774039683842
binance,gate,FUNUSDT,0.00137300,0.03074,2138.8929,1774039684142
binance,gate,FUNUSDT,0.00137300,0.03074,2138.8929,1774039684442
binance,gate,FUNUSDT,0.00137300,0.03074,2138.8929,1774039684742
binance,gate,FUNUSDT,0.00137300,0.03074,2138.8929,1774039685042
binance,gate,FUNUSDT,0.00137300,0.03074,2138.8929,1774039685342
binance,gate,FUNUSDT,0.00137300,0.03074,2138.8929,1774039685643
binance,gate,FUNUSDT,0.00137300,0.03074,2138.8929,1774039685943
binance,gate,FUNUSDT,0.00137300,0.03074,2138.8929,1774039686244
binance,gate,FUNUSDT,0.00137300,0.03074,2138.8929,1774039686544
binance,gate,FUNUSDT,0.00137300,0.03074,2138.8929,1774039686844
binance,gate,FUNUSDT,0.00137300,0.03074,2138.8929,1774039687144
binance,gate,FUNUSDT,0.00137300,0.03074,2138.8929,1774039687445
binance,gate,FUNUSDT,0.00137300,0.03074,2138.8929,1774039687745
binance,gate,FUNUSDT,0.00137300,0.03074,2138.8929,1774039688045
binance,gate,FUNUSDT,0.00137300,0.03074,2138.8929,1774039688345
binance,gate,FUNUSDT,0.00137300,0.03074,2138.8929,1774039688646
binance,gate,FUNUSDT,0.00137300,0.03074,2138.8929,1774039688947
binance,gate,FUNUSDT,0.00137300,0.03074,2138.8929,1774039689247
binance,gate,FUNUSDT,0.00137300,0.03074,2138.8929,1774039689547
binance,gate,FUNUSDT,0.00137300,0.03074,2138.8929,1774039689848
binance,gate,FUNUSDT,0.00137300,0.03074,2138.8929,1774039690148
binance,gate,FUNUSDT,0.00137300,0.03074,2138.8929,1774039690448
binance,gate,FUNUSDT,0.00137300,0.03074,2138.8929,1774039690748
binance,gate,FUNUSDT,0.00137300,0.03074,2138.8929,1774039691049
binance,gate,FUNUSDT,0.00137300,0.03074,2138.8929,1774039691349
binance,gate,FUNUSDT,0.00137300,0.03074,2138.8929,1774039691650
binance,gate,FUNUSDT,0.00137300,0.03074,2138.8929,1774039691951
binance,gate,FUNUSDT,0.00137300,0.03074,2138.8929,1774039692251
binance,gate,FUNUSDT,0.00137300,0.03074,2138.8929,1774039692551
binance,gate,FUNUSDT,0.00137300,0.03074,2138.8929,1774039692851
binance,gate,FUNUSDT,0.00137300,0.03074,2138.8929,1774039693152
binance,gate,FUNUSDT,0.00137300,0.03074,2138.8929,1774039693452
binance,gate,FUNUSDT,0.00137300,0.03074,2138.8929,1774039693752
binance,gate,FUNUSDT,0.00137300,0.03074,2138.8929,1774039694052
binance,gate,FUNUSDT,0.00137300,0.03074,2138.8929,1774039694352
binance,gate,FUNUSDT,0.00137300,0.03074,2138.8929,1774039694653
binance,gate,FUNUSDT,0.00137300,0.03074,2138.8929,1774039694953
binance,gate,FUNUSDT,0.00137300,0.03074,2138.8929,1774039695253
binance,gate,FUNUSDT,0.00137300,0.03074,2138.8929,1774039695553
binance,gate,FUNUSDT,0.00137300,0.03074,2138.8929,1774039695854
binance,gate,FUNUSDT,0.00137300,0.03074,2138.8929,1774039696155
binance,gate,FUNUSDT,0.00137300,0.03074,2138.8929,1774039696455
binance,gate,FUNUSDT,0.00137300,0.03074,2138.8929,1774039696755
binance,gate,FUNUSDT,0.00137300,0.03074,2138.8929,1774039697056
binance,gate,FUNUSDT,0.00137300,0.03074,2138.8929,1774039697356
binance,gate,FUNUSDT,0.00137300,0.03074,2138.8929,1774039697656
binance,gate,FUNUSDT,0.00137300,0.03074,2138.8929,1774039697957
binance,gate,FUNUSDT,0.00137300,0.03074,2138.8929,1774039698257
binance,gate,FUNUSDT,0.00137300,0.03074,2138.8929,1774039698557
binance,gate,FUNUSDT,0.00137300,0.03074,2138.8929,1774039698857
binance,gate,FUNUSDT,0.00137300,0.03074,2138.8929,1774039699158
binance,gate,FUNUSDT,0.00137300,0.03074,2138.8929,1774039699458
binance,gate,FUNUSDT,0.00137300,0.03074,2138.8929,1774039699758
binance,gate,FUNUSDT,0.00137300,0.03074,2138.8929,1774039700058
binance,gate,FUNUSDT,0.00137300,0.03074,2138.8929,1774039700359
binance,gate,FUNUSDT,0.00137300,0.03074,2138.8929,1774039700660
binance,gate,FUNUSDT,0.00137300,0.03074,2138.8929,1774039700960
binance,gate,FUNUSDT,0.00137300,0.03074,2138.8929,1774039701260
binance,gate,FUNUSDT,0.00137300,0.03074,2138.8929,1774039701560
binance,gate,FUNUSDT,0.00137300,0.03074,2138.8929,1774039701861
binance,gate,FUNUSDT,0.00137300,0.03074,2138.8929,1774039702161
binance,gate,FUNUSDT,0.00137300,0.03074,2138.8929,1774039702461
binance,gate,FUNUSDT,0.00137300,0.03074,2138.8929,1774039702761
binance,gate,FUNUSDT,0.00137300,0.03074,2138.8929,1774039703061
binance,gate,FUNUSDT,0.00137300,0.03074,2138.8929,1774039703362
binance,gate,FUNUSDT,0.00137300,0.03074,2138.8929,1774039703662
binance,gate,FUNUSDT,0.00137300,0.03074,2138.8929,1774039703962
binance,gate,FUNUSDT,0.00137300,0.03074,2138.8929,1774039704262
binance,gate,FUNUSDT,0.00137300,0.03074,2138.8929,1774039704562
binance,gate,FUNUSDT,0.00137300,0.03074,2138.8929,1774039704862
binance,gate,FUNUSDT,0.00137300,0.03074,2138.8929,1774039705162
binance,gate,FUNUSDT,0.00137300,0.03074,2138.8929,1774039705463
binance,gate,FUNUSDT,0.00137300,0.03074,2138.8929,1774039705764
binance,gate,FUNUSDT,0.00137300,0.03074,2138.8929,1774039706065
binance,gate,FUNUSDT,0.00137300,0.03074,2138.8929,1774039706366
binance,gate,FUNUSDT,0.00137300,0.03074,2138.8929,1774039706666
binance,gate,FUNUSDT,0.00137300,0.03074,2138.8929,1774039706966
binance,gate,FUNUSDT,0.00137300,0.03074,2138.8929,1774039707266
binance,gate,FUNUSDT,0.00137300,0.03074,2138.8929,1774039707566
binance,gate,FUNUSDT,0.00137300,0.03074,2138.8929,1774039707866
binance,gate,FUNUSDT,0.00137300,0.03074,2138.8929,1774039708166
binance,gate,FUNUSDT,0.00137300,0.03074,2138.8929,1774039708467
binance,gate,FUNUSDT,0.00137300,0.03074,2138.8929,1774039708767
binance,gate,FUNUSDT,0.00137300,0.03074,2138.8929,1774039709067
binance,gate,FUNUSDT,0.00137300,0.03074,2138.8929,1774039709368
binance,gate,FUNUSDT,0.00137300,0.03074,2138.8929,1774039709668
binance,gate,FUNUSDT,0.00137300,0.03074,2138.8929,1774039709968
binance,gate,FUNUSDT,0.00137300,0.03074,2138.8929,1774039710269
binance,gate,FUNUSDT,0.00137300,0.03074,2138.8929,1774039710569
binance,gate,FUNUSDT,0.00137300,0.03074,2138.8929,1774039710869
binance,gate,FUNUSDT,0.00137300,0.03074,2138.8929,1774039711169
binance,gate,FUNUSDT,0.00137300,0.03074,2138.8929,1774039711469
binance,gate,FUNUSDT,0.00137300,0.03074,2138.8929,1774039711770
binance,gate,FUNUSDT,0.00137300,0.03074,2138.8929,1774039712070
binance,gate,FUNUSDT,0.00137300,0.03074,2138.8929,1774039712370
binance,gate,FUNUSDT,0.00137300,0.03074,2138.8929,1774039712670
binance,gate,FUNUSDT,0.00137300,0.03074,2138.8929,1774039712971
binance,gate,FUNUSDT,0.00137300,0.03074,2138.8929,1774039713271
binance,gate,FUNUSDT,0.00137300,0.03074,2138.8929,1774039713571
binance,gate,FUNUSDT,0.00137300,0.03074,2138.8929,1774039713871
binance,gate,FUNUSDT,0.00137300,0.03074,2138.8929,1774039714171
binance,gate,FUNUSDT,0.00137300,0.03074,2138.8929,1774039714472
binance,gate,FUNUSDT,0.00137300,0.03074,2138.8929,1774039714772
binance,gate,FUNUSDT,0.00137300,0.03074,2138.8929,1774039715073
binance,gate,FUNUSDT,0.00137300,0.03074,2138.8929,1774039715373
binance,gate,FUNUSDT,0.00137300,0.03074,2138.8929,1774039715673
binance,gate,FUNUSDT,0.00137300,0.03074,2138.8929,1774039715974
binance,gate,FUNUSDT,0.00137300,0.03074,2138.8929,1774039716274
binance,gate,FUNUSDT,0.00137300,0.03074,2138.8929,1774039716574
binance,gate,FUNUSDT,0.00137300,0.03074,2138.8929,1774039716875
binance,gate,FUNUSDT,0.00137300,0.03074,2138.8929,1774039717176
binance,gate,FUNUSDT,0.00137300,0.03074,2138.8929,1774039717476
binance,gate,FUNUSDT,0.00137300,0.03074,2138.8929,1774039717776
binance,gate,FUNUSDT,0.00137300,0.03074,2138.8929,1774039718077
binance,gate,FUNUSDT,0.00137300,0.03074,2138.8929,1774039718377
binance,gate,FUNUSDT,0.00137300,0.03074,2138.8929,1774039718677
binance,gate,FUNUSDT,0.00137300,0.03074,2138.8929,1774039718978
binance,gate,FUNUSDT,0.00137300,0.03074,2138.8929,1774039719278
binance,gate,FUNUSDT,0.00137300,0.03074,2138.8929,1774039719578
binance,gate,FUNUSDT,0.00137300,0.03074,2138.8929,1774039719878
binance,gate,FUNUSDT,0.00137300,0.03074,2138.8929,1774039720179
binance,gate,FUNUSDT,0.00137300,0.03074,2138.8929,1774039720479
binance,gate,FUNUSDT,0.00137300,0.03074,2138.8929,1774039720779
binance,gate,FUNUSDT,0.00137300,0.03074,2138.8929,1774039721079
binance,gate,FUNUSDT,0.00137300,0.03074,2138.8929,1774039721379
binance,gate,FUNUSDT,0.00137300,0.03074,2138.8929,1774039721680
binance,gate,FUNUSDT,0.00137300,0.03074,2138.8929,1774039721980
binance,gate,FUNUSDT,0.00137300,0.03074,2138.8929,1774039722280
binance,gate,FUNUSDT,0.00137300,0.03074,2138.8929,1774039722581
binance,gate,FUNUSDT,0.00137300,0.03074,2138.8929,1774039722881
binance,gate,FUNUSDT,0.00137300,0.03074,2138.8929,1774039723182
binance,gate,FUNUSDT,0.00137300,0.03074,2138.8929,1774039723482
binance,gate,FUNUSDT,0.00137300,0.03074,2138.8929,1774039723783
binance,gate,FUNUSDT,0.00137300,0.03074,2138.8929,1774039724083
binance,gate,FUNUSDT,0.00137300,0.03074,2138.8929,1774039724383
binance,gate,FUNUSDT,0.00137300,0.03074,2138.8929,1774039724684
binance,gate,FUNUSDT,0.00137300,0.03074,2138.8929,1774039724984
binance,gate,FUNUSDT,0.00137300,0.03074,2138.8929,1774039725284
binance,gate,FUNUSDT,0.00137300,0.03074,2138.8929,1774039725584
binance,gate,FUNUSDT,0.00137300,0.03074,2138.8929,1774039725884
binance,gate,FUNUSDT,0.00137300,0.03074,2138.8929,1774039726185
binance,gate,FUNUSDT,0.00137300,0.03074,2138.8929,1774039726485
binance,gate,FUNUSDT,0.00137300,0.03074,2138.8929,1774039726785
binance,gate,FUNUSDT,0.00137300,0.03074,2138.8929,1774039727086
binance,gate,FUNUSDT,0.00137300,0.03074,2138.8929,1774039727386
binance,gate,FUNUSDT,0.00137300,0.03074,2138.8929,1774039727686
binance,gate,FUNUSDT,0.00137300,0.03074,2138.8929,1774039727987
binance,gate,FUNUSDT,0.00137300,0.03074,2138.8929,1774039728287
binance,gate,FUNUSDT,0.00137300,0.03074,2138.8929,1774039728587
binance,gate,FUNUSDT,0.00137300,0.03074,2138.8929,1774039728888
binance,gate,FUNUSDT,0.00137300,0.03074,2138.8929,1774039729189
binance,gate,FUNUSDT,0.00137300,0.03074,2138.8929,1774039729489
binance,gate,FUNUSDT,0.00137300,0.03074,2138.8929,1774039729789
binance,gate,FUNUSDT,0.00137300,0.03074,2138.8929,1774039730089
binance,gate,FUNUSDT,0.00137300,0.03074,2138.8929,1774039730389
binance,gate,FUNUSDT,0.00137300,0.03074,2138.8929,1774039730691
binance,gate,FUNUSDT,0.00137300,0.03074,2138.8929,1774039730991
binance,gate,FUNUSDT,0.00137300,0.03074,2138.8929,1774039731291
binance,gate,FUNUSDT,0.00137300,0.03074,2138.8929,1774039731592
binance,gate,FUNUSDT,0.00137300,0.03074,2138.8929,1774039731892
binance,gate,FUNUSDT,0.00137300,0.03074,2138.8929,1774039732192
binance,gate,FUNUSDT,0.00137300,0.03074,2138.8929,1774039732493
binance,gate,FUNUSDT,0.00137300,0.03074,2138.8929,1774039732793
binance,gate,FUNUSDT,0.00137300,0.03074,2138.8929,1774039733093
binance,gate,FUNUSDT,0.00137300,0.03074,2138.8929,1774039733394
binance,gate,FUNUSDT,0.00137300,0.03074,2138.8929,1774039733694
binance,gate,FUNUSDT,0.00137300,0.03074,2138.8929,1774039733995
binance,gate,FUNUSDT,0.00137300,0.03074,2138.8929,1774039734295
binance,gate,FUNUSDT,0.00137300,0.03074,2138.8929,1774039734595
binance,gate,FUNUSDT,0.00137300,0.03074,2138.8929,1774039734895
binance,gate,FUNUSDT,0.00137300,0.03074,2138.8929,1774039735195
binance,gate,FUNUSDT,0.00137300,0.03074,2138.8929,1774039735496
binance,gate,FUNUSDT,0.00137300,0.03074,2138.8929,1774039735796
binance,gate,FUNUSDT,0.00137300,0.03075,2139.6213,1774039736096
binance,gate,FUNUSDT,0.00137300,0.03072,2137.4363,1774039736396
binance,gate,FUNUSDT,0.00137300,0.03073,2138.1646,1774039736697
binance,gate,FUNUSDT,0.00137300,0.03074,2138.8929,1774039736997
binance,gate,FUNUSDT,0.00137300,0.03074,2138.8929,1774039737298
binance,gate,FUNUSDT,0.00137300,0.03074,2138.8929,1774039737598
binance,gate,FUNUSDT,0.00137300,0.03074,2138.8929,1774039737899
binance,gate,FUNUSDT,0.00137300,0.03074,2138.8929,1774039738199
binance,gate,FUNUSDT,0.00137300,0.03074,2138.8929,1774039738499
binance,gate,FUNUSDT,0.00137300,0.03074,2138.8929,1774039738799
binance,gate,FUNUSDT,0.00137300,0.03074,2138.8929,1774039739100
binance,gate,FUNUSDT,0.00137300,0.03074,2138.8929,1774039739400
binance,gate,FUNUSDT,0.00137300,0.03074,2138.8929,1774039739700
binance,gate,FUNUSDT,0.00137300,0.03074,2138.8929,1774039740000
binance,gate,FUNUSDT,0.00137300,0.03074,2138.8929,1774039740301
binance,gate,FUNUSDT,0.00137300,0.03074,2138.8929,1774039740601
binance,gate,FUNUSDT,0.00137300,0.03074,2138.8929,1774039740902
binance,gate,FUNUSDT,0.00137300,0.03074,2138.8929,1774039741202
binance,gate,FUNUSDT,0.00137300,0.03074,2138.8929,1774039741502
binance,gate,FUNUSDT,0.00137300,0.03074,2138.8929,1774039741802
binance,gate,FUNUSDT,0.00137300,0.03074,2138.8929,1774039742102
binance,gate,FUNUSDT,0.00137300,0.03074,2138.8929,1774039742403
binance,gate,FUNUSDT,0.00137300,0.03074,2138.8929,1774039742703
binance,gate,FUNUSDT,0.00137300,0.03074,2138.8929,1774039743003
binance,gate,FUNUSDT,0.00137300,0.03074,2138.8929,1774039743303
binance,gate,FUNUSDT,0.00137300,0.03074,2138.8929,1774039743604
binance,gate,FUNUSDT,0.00137300,0.03074,2138.8929,1774039743904
binance,gate,FUNUSDT,0.00137300,0.03074,2138.8929,1774039744204
binance,gate,FUNUSDT,0.00137300,0.03074,2138.8929,1774039744505
binance,gate,FUNUSDT,0.00137300,0.03074,2138.8929,1774039744805
binance,gate,FUNUSDT,0.00137300,0.03074,2138.8929,1774039745105
binance,gate,FUNUSDT,0.00137300,0.03074,2138.8929,1774039745405
binance,gate,FUNUSDT,0.00137300,0.03074,2138.8929,1774039745706
binance,gate,FUNUSDT,0.00137300,0.03074,2138.8929,1774039746006
binance,gate,FUNUSDT,0.00137300,0.03074,2138.8929,1774039746307
binance,gate,FUNUSDT,0.00137300,0.03074,2138.8929,1774039746608
binance,gate,FUNUSDT,0.00137300,0.03074,2138.8929,1774039746908
binance,gate,FUNUSDT,0.00137300,0.03074,2138.8929,1774039747212
binance,gate,FUNUSDT,0.00137300,0.03074,2138.8929,1774039747512
binance,gate,FUNUSDT,0.00137300,0.03074,2138.8929,1774039747813
binance,gate,FUNUSDT,0.00137300,0.03074,2138.8929,1774039748113
binance,gate,FUNUSDT,0.00137300,0.03074,2138.8929,1774039748413
binance,gate,FUNUSDT,0.00137300,0.03074,2138.8929,1774039748714
binance,gate,FUNUSDT,0.00137300,0.03074,2138.8929,1774039749014
binance,gate,FUNUSDT,0.00137300,0.03074,2138.8929,1774039749315
binance,gate,FUNUSDT,0.00137300,0.03074,2138.8929,1774039749615
binance,gate,FUNUSDT,0.00137300,0.03074,2138.8929,1774039749916
binance,gate,FUNUSDT,0.00137300,0.03074,2138.8929,1774039750216
binance,gate,FUNUSDT,0.00137300,0.03074,2138.8929,1774039750516
binance,gate,FUNUSDT,0.00137300,0.03074,2138.8929,1774039750816
binance,gate,FUNUSDT,0.00137300,0.03074,2138.8929,1774039751117
binance,gate,FUNUSDT,0.00137300,0.03074,2138.8929,1774039751417
binance,gate,FUNUSDT,0.00137300,0.03074,2138.8929,1774039751717
binance,gate,FUNUSDT,0.00137300,0.03074,2138.8929,1774039752017
binance,gate,FUNUSDT,0.00137300,0.03074,2138.8929,1774039752318
binance,gate,FUNUSDT,0.00137300,0.03074,2138.8929,1774039752618
binance,gate,FUNUSDT,0.00137300,0.03074,2138.8929,1774039752918
binance,gate,FUNUSDT,0.00137300,0.03074,2138.8929,1774039753218
binance,gate,FUNUSDT,0.00137300,0.03076,2140.3496,1774039753518
binance,gate,FUNUSDT,0.00137300,0.03076,2140.3496,1774039753818
binance,gate,FUNUSDT,0.00137300,0.03076,2140.3496,1774039754119
binance,gate,FUNUSDT,0.00137300,0.03076,2140.3496,1774039754419
binance,gate,FUNUSDT,0.00137300,0.03076,2140.3496,1774039754719
binance,gate,FUNUSDT,0.00137300,0.03076,2140.3496,1774039755020
binance,gate,FUNUSDT,0.00137300,0.03076,2140.3496,1774039755320
binance,gate,FUNUSDT,0.00137300,0.03076,2140.3496,1774039755620
binance,gate,FUNUSDT,0.00137300,0.03076,2140.3496,1774039755920
binance,gate,FUNUSDT,0.00137300,0.03076,2140.3496,1774039756221
binance,gate,FUNUSDT,0.00137300,0.03076,2140.3496,1774039756521
binance,gate,FUNUSDT,0.00137300,0.03073,2138.1646,1774039756821
binance,gate,FUNUSDT,0.00137300,0.03073,2138.1646,1774039757122
binance,gate,FUNUSDT,0.00137300,0.03076,2140.3496,1774039757422
binance,gate,FUNUSDT,0.00137300,0.03076,2140.3496,1774039757722
binance,gate,FUNUSDT,0.00137300,0.03076,2140.3496,1774039758023
binance,gate,FUNUSDT,0.00137300,0.03076,2140.3496,1774039758324
binance,gate,FUNUSDT,0.00137300,0.03076,2140.3496,1774039758624
binance,gate,FUNUSDT,0.00137300,0.03076,2140.3496,1774039758925
binance,gate,FUNUSDT,0.00137300,0.03076,2140.3496,1774039759225
binance,gate,FUNUSDT,0.00137300,0.03076,2140.3496,1774039759525
binance,gate,FUNUSDT,0.00137300,0.03076,2140.3496,1774039759826
binance,gate,FUNUSDT,0.00137300,0.03076,2140.3496,1774039760126
binance,gate,FUNUSDT,0.00137300,0.03076,2140.3496,1774039760427
binance,gate,FUNUSDT,0.00137300,0.03076,2140.3496,1774039760727
binance,gate,FUNUSDT,0.00137300,0.03076,2140.3496,1774039761027
binance,gate,FUNUSDT,0.00137300,0.03076,2140.3496,1774039761327
binance,gate,FUNUSDT,0.00137300,0.03076,2140.3496,1774039761627
binance,gate,FUNUSDT,0.00137300,0.03076,2140.3496,1774039761928
binance,gate,FUNUSDT,0.00137300,0.03076,2140.3496,1774039762228
binance,gate,FUNUSDT,0.00137300,0.03076,2140.3496,1774039762528
binance,gate,FUNUSDT,0.00137300,0.03076,2140.3496,1774039762828
binance,gate,FUNUSDT,0.00137300,0.03076,2140.3496,1774039763129
binance,gate,FUNUSDT,0.00137300,0.03076,2140.3496,1774039763429
binance,gate,FUNUSDT,0.00137300,0.03076,2140.3496,1774039763729
binance,gate,FUNUSDT,0.00137300,0.03076,2140.3496,1774039764030
binance,gate,FUNUSDT,0.00137300,0.03076,2140.3496,1774039764330
binance,gate,FUNUSDT,0.00137300,0.03076,2140.3496,1774039764630
binance,gate,FUNUSDT,0.00137300,0.03076,2140.3496,1774039764931
binance,gate,FUNUSDT,0.00137300,0.03076,2140.3496,1774039765232
binance,gate,FUNUSDT,0.00137300,0.03076,2140.3496,1774039765532
binance,gate,FUNUSDT,0.00137300,0.03076,2140.3496,1774039765832
binance,gate,FUNUSDT,0.00137300,0.03076,2140.3496,1774039766133
binance,gate,FUNUSDT,0.00137300,0.03076,2140.3496,1774039766433
binance,gate,FUNUSDT,0.00137300,0.03076,2140.3496,1774039766733
binance,gate,FUNUSDT,0.00137300,0.03076,2140.3496,1774039767033
binance,gate,FUNUSDT,0.00137300,0.03076,2140.3496,1774039767334
binance,gate,FUNUSDT,0.00137300,0.03076,2140.3496,1774039767634
binance,gate,FUNUSDT,0.00137300,0.03076,2140.3496,1774039767934
binance,gate,FUNUSDT,0.00137300,0.03076,2140.3496,1774039768234
binance,gate,FUNUSDT,0.00137300,0.03076,2140.3496,1774039768535
binance,gate,FUNUSDT,0.00137300,0.03076,2140.3496,1774039768835
binance,gate,FUNUSDT,0.00137300,0.03076,2140.3496,1774039769135
binance,gate,FUNUSDT,0.00137300,0.03076,2140.3496,1774039769435
binance,gate,FUNUSDT,0.00137300,0.03076,2140.3496,1774039769736
binance,gate,FUNUSDT,0.00137300,0.03076,2140.3496,1774039770036
binance,gate,FUNUSDT,0.00137300,0.03076,2140.3496,1774039770336
binance,gate,FUNUSDT,0.00137300,0.03076,2140.3496,1774039770636
binance,gate,FUNUSDT,0.00137300,0.03076,2140.3496,1774039770937
binance,gate,FUNUSDT,0.00137300,0.03076,2140.3496,1774039771237
binance,gate,FUNUSDT,0.00137300,0.03076,2140.3496,1774039771537
binance,gate,FUNUSDT,0.00137300,0.03076,2140.3496,1774039771837
binance,gate,FUNUSDT,0.00137300,0.03076,2140.3496,1774039772137
binance,gate,FUNUSDT,0.00137300,0.03076,2140.3496,1774039772438
binance,gate,FUNUSDT,0.00137300,0.03076,2140.3496,1774039772739
binance,gate,FUNUSDT,0.00137300,0.03076,2140.3496,1774039773039
binance,gate,FUNUSDT,0.00137300,0.03076,2140.3496,1774039773339
binance,gate,FUNUSDT,0.00137300,0.03076,2140.3496,1774039773640
binance,gate,FUNUSDT,0.00137300,0.03076,2140.3496,1774039773940
binance,gate,FUNUSDT,0.00137300,0.03076,2140.3496,1774039774240
binance,gate,FUNUSDT,0.00137300,0.03076,2140.3496,1774039774541
binance,gate,FUNUSDT,0.00137300,0.03076,2140.3496,1774039774841
binance,gate,FUNUSDT,0.00137300,0.03076,2140.3496,1774039775141
binance,gate,FUNUSDT,0.00137300,0.03076,2140.3496,1774039775441
binance,gate,FUNUSDT,0.00137300,0.03076,2140.3496,1774039775742
binance,gate,FUNUSDT,0.00137300,0.03076,2140.3496,1774039776042
binance,gate,FUNUSDT,0.00137300,0.03076,2140.3496,1774039776342
binance,gate,FUNUSDT,0.00137300,0.03076,2140.3496,1774039776642
binance,gate,FUNUSDT,0.00137300,0.03076,2140.3496,1774039776942
binance,gate,FUNUSDT,0.00137300,0.03076,2140.3496,1774039777242
binance,gate,FUNUSDT,0.00137300,0.03076,2140.3496,1774039777543
binance,gate,FUNUSDT,0.00137300,0.03076,2140.3496,1774039777843
binance,gate,FUNUSDT,0.00137300,0.03076,2140.3496,1774039778143
binance,gate,FUNUSDT,0.00137300,0.03076,2140.3496,1774039778444
binance,gate,FUNUSDT,0.00137300,0.03076,2140.3496,1774039778744
binance,gate,FUNUSDT,0.00137300,0.03076,2140.3496,1774039779044
binance,gate,FUNUSDT,0.00137300,0.03076,2140.3496,1774039779345
binance,gate,FUNUSDT,0.00137300,0.03076,2140.3496,1774039779645
binance,gate,FUNUSDT,0.00137300,0.03076,2140.3496,1774039779945
binance,gate,FUNUSDT,0.00137300,0.03076,2140.3496,1774039780245
binance,gate,FUNUSDT,0.00137300,0.03076,2140.3496,1774039780546
binance,gate,FUNUSDT,0.00137300,0.03076,2140.3496,1774039780847
binance,gate,FUNUSDT,0.00137300,0.03076,2140.3496,1774039781147
binance,gate,FUNUSDT,0.00137300,0.03076,2140.3496,1774039781447
binance,gate,FUNUSDT,0.00137300,0.03076,2140.3496,1774039781748
binance,gate,FUNUSDT,0.00137300,0.03076,2140.3496,1774039782048
binance,gate,FUNUSDT,0.00137300,0.03076,2140.3496,1774039782349
binance,gate,FUNUSDT,0.00137300,0.03076,2140.3496,1774039782649
binance,gate,FUNUSDT,0.00137300,0.03076,2140.3496,1774039782949
binance,gate,FUNUSDT,0.00137300,0.03076,2140.3496,1774039783250
binance,gate,FUNUSDT,0.00137300,0.03076,2140.3496,1774039783550
binance,gate,FUNUSDT,0.00137300,0.03076,2140.3496,1774039783850
binance,gate,FUNUSDT,0.00137300,0.03076,2140.3496,1774039784151
binance,gate,FUNUSDT,0.00137300,0.03076,2140.3496,1774039784451
binance,gate,FUNUSDT,0.00137300,0.03076,2140.3496,1774039784751
binance,gate,FUNUSDT,0.00137300,0.03076,2140.3496,1774039785052
binance,gate,FUNUSDT,0.00137300,0.03076,2140.3496,1774039785352
binance,gate,FUNUSDT,0.00137300,0.03076,2140.3496,1774039785652
binance,gate,FUNUSDT,0.00137300,0.03076,2140.3496,1774039785953
binance,gate,FUNUSDT,0.00137300,0.03076,2140.3496,1774039786253
binance,gate,FUNUSDT,0.00137300,0.03076,2140.3496,1774039786553
binance,gate,FUNUSDT,0.00137300,0.03076,2140.3496,1774039786853
binance,gate,FUNUSDT,0.00137300,0.03076,2140.3496,1774039787154
binance,gate,FUNUSDT,0.00137300,0.03076,2140.3496,1774039787454
binance,gate,FUNUSDT,0.00137300,0.03076,2140.3496,1774039787754
binance,gate,FUNUSDT,0.00137300,0.03076,2140.3496,1774039788054
binance,gate,FUNUSDT,0.00137300,0.03076,2140.3496,1774039788355
binance,gate,FUNUSDT,0.00137300,0.03076,2140.3496,1774039788655
binance,gate,FUNUSDT,0.00137300,0.03076,2140.3496,1774039788955
binance,gate,FUNUSDT,0.00137300,0.03076,2140.3496,1774039789256
binance,gate,FUNUSDT,0.00137300,0.03076,2140.3496,1774039789556
binance,gate,FUNUSDT,0.00137300,0.03076,2140.3496,1774039789856
binance,gate,FUNUSDT,0.00137300,0.03076,2140.3496,1774039790157
binance,gate,FUNUSDT,0.00137300,0.03076,2140.3496,1774039790457
binance,gate,FUNUSDT,0.00137300,0.03076,2140.3496,1774039790758
binance,gate,FUNUSDT,0.00137300,0.03076,2140.3496,1774039791058
binance,gate,FUNUSDT,0.00137300,0.03076,2140.3496,1774039791359
binance,gate,FUNUSDT,0.00137300,0.03076,2140.3496,1774039791660
binance,gate,FUNUSDT,0.00137300,0.03076,2140.3496,1774039791961
binance,gate,FUNUSDT,0.00137300,0.03076,2140.3496,1774039792261
binance,gate,FUNUSDT,0.00137300,0.03076,2140.3496,1774039792562
binance,gate,FUNUSDT,0.00137300,0.03076,2140.3496,1774039792862
binance,gate,FUNUSDT,0.00137300,0.03076,2140.3496,1774039793162
binance,gate,FUNUSDT,0.00137300,0.03076,2140.3496,1774039793463
binance,gate,FUNUSDT,0.00137300,0.03076,2140.3496,1774039793764
binance,gate,FUNUSDT,0.00137300,0.03076,2140.3496,1774039794064
binance,gate,FUNUSDT,0.00137300,0.03076,2140.3496,1774039794364
binance,gate,FUNUSDT,0.00137300,0.03076,2140.3496,1774039794664
binance,gate,FUNUSDT,0.00137300,0.03076,2140.3496,1774039794965
binance,gate,FUNUSDT,0.00137300,0.03076,2140.3496,1774039795266
binance,gate,FUNUSDT,0.00137300,0.03076,2140.3496,1774039795566
binance,gate,FUNUSDT,0.00137300,0.03076,2140.3496,1774039795866
binance,gate,FUNUSDT,0.00137300,0.03076,2140.3496,1774039796167
binance,gate,FUNUSDT,0.00137300,0.03076,2140.3496,1774039796467
binance,gate,FUNUSDT,0.00137300,0.03076,2140.3496,1774039796767
binance,gate,FUNUSDT,0.00137300,0.03076,2140.3496,1774039797067
binance,gate,FUNUSDT,0.00137300,0.03076,2140.3496,1774039797367
binance,gate,FUNUSDT,0.00137300,0.03076,2140.3496,1774039797668
binance,gate,FUNUSDT,0.00137300,0.03076,2140.3496,1774039797968
binance,gate,FUNUSDT,0.00137300,0.03076,2140.3496,1774039798268
binance,gate,FUNUSDT,0.00137300,0.03076,2140.3496,1774039798568
binance,gate,FUNUSDT,0.00137300,0.03076,2140.3496,1774039798869
binance,gate,FUNUSDT,0.00137300,0.03076,2140.3496,1774039799169
binance,gate,FUNUSDT,0.00137300,0.03076,2140.3496,1774039799470
binance,gate,FUNUSDT,0.00137300,0.03076,2140.3496,1774039799770
binance,gate,FUNUSDT,0.00137300,0.03076,2140.3496,1774039800071
binance,gate,FUNUSDT,0.00137300,0.03076,2140.3496,1774039800373
binance,gate,FUNUSDT,0.00137500,0.03076,2137.0909,1774039800676
binance,gate,FUNUSDT,0.00137500,0.03076,2137.0909,1774039800976
binance,gate,FUNUSDT,0.00137500,0.03076,2137.0909,1774039801277
binance,gate,FUNUSDT,0.00137500,0.03076,2137.0909,1774039801577
binance,gate,FUNUSDT,0.00137500,0.03076,2137.0909,1774039801877
binance,gate,FUNUSDT,0.00137500,0.03076,2137.0909,1774039802177
binance,gate,FUNUSDT,0.00137500,0.03076,2137.0909,1774039802478
binance,gate,FUNUSDT,0.00137500,0.03076,2137.0909,1774039802778
binance,gate,FUNUSDT,0.00137500,0.03076,2137.0909,1774039803078
binance,gate,FUNUSDT,0.00137500,0.03076,2137.0909,1774039803378
binance,gate,FUNUSDT,0.00137500,0.03076,2137.0909,1774039803679
binance,gate,FUNUSDT,0.00137500,0.03076,2137.0909,1774039803979
binance,gate,FUNUSDT,0.00137500,0.03076,2137.0909,1774039804287
binance,gate,FUNUSDT,0.00137500,0.03076,2137.0909,1774039804587
binance,gate,FUNUSDT,0.00137500,0.03076,2137.0909,1774039804887
binance,gate,FUNUSDT,0.00137500,0.03076,2137.0909,1774039805188
binance,gate,FUNUSDT,0.00137500,0.03076,2137.0909,1774039805488
binance,gate,FUNUSDT,0.00137500,0.03076,2137.0909,1774039805788
binance,gate,FUNUSDT,0.00137500,0.03076,2137.0909,1774039806088
binance,gate,FUNUSDT,0.00137500,0.03076,2137.0909,1774039806389
binance,gate,FUNUSDT,0.00137500,0.03076,2137.0909,1774039806689
binance,gate,FUNUSDT,0.00137500,0.03076,2137.0909,1774039806989
binance,gate,FUNUSDT,0.00137500,0.03076,2137.0909,1774039807289
binance,gate,FUNUSDT,0.00137500,0.03076,2137.0909,1774039807590
binance,gate,FUNUSDT,0.00137500,0.03076,2137.0909,1774039807890
binance,gate,FUNUSDT,0.00137500,0.03076,2137.0909,1774039808191
binance,gate,FUNUSDT,0.00137500,0.03076,2137.0909,1774039808491
binance,gate,FUNUSDT,0.00137500,0.03076,2137.0909,1774039808791
binance,gate,FUNUSDT,0.00137500,0.03076,2137.0909,1774039809091
binance,gate,FUNUSDT,0.00137500,0.03076,2137.0909,1774039809391
binance,gate,FUNUSDT,0.00137500,0.03076,2137.0909,1774039809692
binance,gate,FUNUSDT,0.00137500,0.03076,2137.0909,1774039809992
binance,gate,FUNUSDT,0.00137500,0.03076,2137.0909,1774039810292
binance,gate,FUNUSDT,0.00137500,0.03076,2137.0909,1774039810592
binance,gate,FUNUSDT,0.00137500,0.03072,2134.1818,1774039810892
binance,gate,FUNUSDT,0.00137500,0.03072,2134.1818,1774039811192
binance,gate,FUNUSDT,0.00137500,0.03074,2135.6364,1774039811492
binance,gate,FUNUSDT,0.00137500,0.03074,2135.6364,1774039811793
binance,gate,FUNUSDT,0.00137500,0.03074,2135.6364,1774039812093
binance,gate,FUNUSDT,0.00137500,0.03074,2135.6364,1774039812393
binance,gate,FUNUSDT,0.00137500,0.03074,2135.6364,1774039812693
binance,gate,FUNUSDT,0.00137500,0.03074,2135.6364,1774039812993
binance,gate,FUNUSDT,0.00137500,0.03074,2135.6364,1774039813294
binance,gate,FUNUSDT,0.00137500,0.03074,2135.6364,1774039813594
binance,gate,FUNUSDT,0.00137500,0.03074,2135.6364,1774039813894
binance,gate,FUNUSDT,0.00137500,0.03074,2135.6364,1774039814195
binance,gate,FUNUSDT,0.00137500,0.03074,2135.6364,1774039814495
binance,gate,FUNUSDT,0.00137500,0.03074,2135.6364,1774039814795
binance,gate,FUNUSDT,0.00137500,0.03074,2135.6364,1774039815095
binance,gate,FUNUSDT,0.00137500,0.03074,2135.6364,1774039815395
binance,gate,FUNUSDT,0.00137500,0.03074,2135.6364,1774039815696
binance,gate,FUNUSDT,0.00137500,0.03074,2135.6364,1774039815996
binance,gate,FUNUSDT,0.00137500,0.03074,2135.6364,1774039816297
binance,gate,FUNUSDT,0.00137500,0.03074,2135.6364,1774039816597
binance,gate,FUNUSDT,0.00137500,0.03074,2135.6364,1774039816897
binance,gate,FUNUSDT,0.00137500,0.03074,2135.6364,1774039817197
binance,gate,FUNUSDT,0.00137500,0.03074,2135.6364,1774039817498
binance,gate,FUNUSDT,0.00137500,0.03074,2135.6364,1774039817799
binance,gate,FUNUSDT,0.00137500,0.03074,2135.6364,1774039818099
binance,gate,FUNUSDT,0.00137500,0.03074,2135.6364,1774039818399
binance,gate,FUNUSDT,0.00137500,0.03074,2135.6364,1774039818699
binance,gate,FUNUSDT,0.00137500,0.03074,2135.6364,1774039819000
binance,gate,FUNUSDT,0.00137500,0.03074,2135.6364,1774039819300
binance,gate,FUNUSDT,0.00137500,0.03074,2135.6364,1774039819601
binance,gate,FUNUSDT,0.00137500,0.03074,2135.6364,1774039819901
binance,gate,FUNUSDT,0.00137500,0.03074,2135.6364,1774039820201
binance,gate,FUNUSDT,0.00137500,0.03074,2135.6364,1774039820501
binance,gate,FUNUSDT,0.00137500,0.03074,2135.6364,1774039820801
binance,gate,FUNUSDT,0.00137500,0.03074,2135.6364,1774039821102
binance,gate,FUNUSDT,0.00137500,0.03074,2135.6364,1774039821402
binance,gate,FUNUSDT,0.00137500,0.03074,2135.6364,1774039821702
binance,gate,FUNUSDT,0.00137500,0.03074,2135.6364,1774039822002
binance,gate,FUNUSDT,0.00137500,0.03074,2135.6364,1774039822302
binance,gate,FUNUSDT,0.00137500,0.03074,2135.6364,1774039822603
binance,gate,FUNUSDT,0.00137500,0.03074,2135.6364,1774039822903
binance,gate,FUNUSDT,0.00137500,0.03074,2135.6364,1774039823204
binance,gate,FUNUSDT,0.00137500,0.03074,2135.6364,1774039823504
binance,gate,FUNUSDT,0.00137500,0.03074,2135.6364,1774039823804
binance,gate,FUNUSDT,0.00137500,0.03074,2135.6364,1774039824104
binance,gate,FUNUSDT,0.00137500,0.03074,2135.6364,1774039824404
binance,gate,FUNUSDT,0.00137500,0.03074,2135.6364,1774039824705
binance,gate,FUNUSDT,0.00137500,0.03074,2135.6364,1774039825005
binance,gate,FUNUSDT,0.00137500,0.03074,2135.6364,1774039825305
binance,gate,FUNUSDT,0.00137500,0.03074,2135.6364,1774039825605
binance,gate,FUNUSDT,0.00137500,0.03074,2135.6364,1774039825906
binance,gate,FUNUSDT,0.00137500,0.03074,2135.6364,1774039826206
binance,gate,FUNUSDT,0.00137500,0.03074,2135.6364,1774039826506
binance,gate,FUNUSDT,0.00137500,0.03074,2135.6364,1774039826806
binance,gate,FUNUSDT,0.00137500,0.03074,2135.6364,1774039827106
binance,gate,FUNUSDT,0.00137500,0.03074,2135.6364,1774039827407
binance,gate,FUNUSDT,0.00137500,0.03074,2135.6364,1774039827707
binance,gate,FUNUSDT,0.00137500,0.03074,2135.6364,1774039828008
binance,gate,FUNUSDT,0.00137500,0.03074,2135.6364,1774039828308
binance,gate,FUNUSDT,0.00137500,0.03074,2135.6364,1774039828608
binance,gate,FUNUSDT,0.00137500,0.03074,2135.6364,1774039828909
binance,gate,FUNUSDT,0.00137500,0.03074,2135.6364,1774039829210
binance,gate,FUNUSDT,0.00137500,0.03074,2135.6364,1774039829510
binance,gate,FUNUSDT,0.00137500,0.03074,2135.6364,1774039829810
binance,gate,FUNUSDT,0.00137500,0.03074,2135.6364,1774039830111
binance,gate,FUNUSDT,0.00137500,0.03074,2135.6364,1774039830411
binance,gate,FUNUSDT,0.00137500,0.03074,2135.6364,1774039830711
binance,gate,FUNUSDT,0.00137500,0.03074,2135.6364,1774039831011
binance,gate,FUNUSDT,0.00137500,0.03074,2135.6364,1774039831311
binance,gate,FUNUSDT,0.00137500,0.03074,2135.6364,1774039831611
binance,gate,FUNUSDT,0.00137500,0.03074,2135.6364,1774039831912
binance,gate,FUNUSDT,0.00137500,0.03074,2135.6364,1774039832212
binance,gate,FUNUSDT,0.00137500,0.03074,2135.6364,1774039832512
binance,gate,FUNUSDT,0.00137500,0.03074,2135.6364,1774039832813
binance,gate,FUNUSDT,0.00137500,0.03074,2135.6364,1774039833113
binance,gate,FUNUSDT,0.00137500,0.03074,2135.6364,1774039833413
binance,gate,FUNUSDT,0.00137500,0.03074,2135.6364,1774039833713
binance,gate,FUNUSDT,0.00137500,0.03074,2135.6364,1774039834014
binance,gate,FUNUSDT,0.00137500,0.03074,2135.6364,1774039834314
binance,gate,FUNUSDT,0.00137500,0.03074,2135.6364,1774039834614
binance,gate,FUNUSDT,0.00137500,0.03074,2135.6364,1774039834915
binance,gate,FUNUSDT,0.00137500,0.03074,2135.6364,1774039835215
binance,gate,FUNUSDT,0.00137500,0.03074,2135.6364,1774039835515
binance,gate,FUNUSDT,0.00137500,0.03074,2135.6364,1774039835816
binance,gate,FUNUSDT,0.00137500,0.03074,2135.6364,1774039836117
binance,gate,FUNUSDT,0.00137500,0.03074,2135.6364,1774039836417
binance,gate,FUNUSDT,0.00137500,0.03074,2135.6364,1774039836717
binance,gate,FUNUSDT,0.00137500,0.03074,2135.6364,1774039837017
binance,gate,FUNUSDT,0.00137500,0.03074,2135.6364,1774039837318
binance,gate,FUNUSDT,0.00137500,0.03074,2135.6364,1774039837618
binance,gate,FUNUSDT,0.00137500,0.03074,2135.6364,1774039837919
binance,gate,FUNUSDT,0.00137500,0.03074,2135.6364,1774039838219
binance,gate,FUNUSDT,0.00137500,0.03074,2135.6364,1774039838519
binance,gate,FUNUSDT,0.00137500,0.03074,2135.6364,1774039838819
binance,gate,FUNUSDT,0.00137500,0.03074,2135.6364,1774039839119
binance,gate,FUNUSDT,0.00137500,0.03074,2135.6364,1774039839420
binance,gate,FUNUSDT,0.00137500,0.03074,2135.6364,1774039839720
binance,gate,FUNUSDT,0.00137500,0.03074,2135.6364,1774039840020
binance,gate,FUNUSDT,0.00137500,0.03074,2135.6364,1774039840320
binance,gate,FUNUSDT,0.00137500,0.03074,2135.6364,1774039840621
binance,gate,FUNUSDT,0.00137500,0.03074,2135.6364,1774039840921
binance,gate,FUNUSDT,0.00137500,0.03074,2135.6364,1774039841222
binance,gate,FUNUSDT,0.00137500,0.03074,2135.6364,1774039841522
binance,gate,FUNUSDT,0.00137500,0.03074,2135.6364,1774039841822
binance,gate,FUNUSDT,0.00137500,0.03074,2135.6364,1774039842123
binance,gate,FUNUSDT,0.00137500,0.03074,2135.6364,1774039842423
binance,gate,FUNUSDT,0.00137500,0.03074,2135.6364,1774039842723
binance,gate,FUNUSDT,0.00137500,0.03074,2135.6364,1774039843023
binance,gate,FUNUSDT,0.00137500,0.03074,2135.6364,1774039843323
binance,gate,FUNUSDT,0.00137500,0.03074,2135.6364,1774039843624
binance,gate,FUNUSDT,0.00137500,0.03074,2135.6364,1774039843924
binance,gate,FUNUSDT,0.00137500,0.03074,2135.6364,1774039844224
binance,gate,FUNUSDT,0.00137500,0.03074,2135.6364,1774039844524
binance,gate,FUNUSDT,0.00137500,0.03074,2135.6364,1774039844824
binance,gate,FUNUSDT,0.00137500,0.03074,2135.6364,1774039845125
binance,gate,FUNUSDT,0.00137500,0.03074,2135.6364,1774039845425
binance,gate,FUNUSDT,0.00137500,0.03074,2135.6364,1774039845725
binance,gate,FUNUSDT,0.00137500,0.03074,2135.6364,1774039846026
binance,gate,FUNUSDT,0.00137500,0.03074,2135.6364,1774039846326
binance,gate,FUNUSDT,0.00137500,0.03074,2135.6364,1774039846627
binance,gate,FUNUSDT,0.00137500,0.03074,2135.6364,1774039846927
binance,gate,FUNUSDT,0.00137500,0.03074,2135.6364,1774039847227
binance,gate,FUNUSDT,0.00137500,0.03074,2135.6364,1774039847527
binance,gate,FUNUSDT,0.00137500,0.03074,2135.6364,1774039847827
binance,gate,FUNUSDT,0.00137500,0.03074,2135.6364,1774039848128
binance,gate,FUNUSDT,0.00137500,0.03074,2135.6364,1774039848428
binance,gate,FUNUSDT,0.00137500,0.03074,2135.6364,1774039848728
binance,gate,FUNUSDT,0.00137500,0.03074,2135.6364,1774039849028
binance,gate,FUNUSDT,0.00137500,0.03074,2135.6364,1774039849329
binance,gate,FUNUSDT,0.00137500,0.03074,2135.6364,1774039849629
binance,gate,FUNUSDT,0.00137500,0.03074,2135.6364,1774039849930
binance,gate,FUNUSDT,0.00137500,0.03074,2135.6364,1774039850230
binance,gate,FUNUSDT,0.00137500,0.03074,2135.6364,1774039850530
binance,gate,FUNUSDT,0.00137500,0.03074,2135.6364,1774039850831
binance,gate,FUNUSDT,0.00137500,0.03074,2135.6364,1774039851131
binance,gate,FUNUSDT,0.00137500,0.03074,2135.6364,1774039851431
binance,gate,FUNUSDT,0.00137500,0.03074,2135.6364,1774039851731
binance,gate,FUNUSDT,0.00137500,0.03074,2135.6364,1774039852031
binance,gate,FUNUSDT,0.00137500,0.03074,2135.6364,1774039852331
binance,gate,FUNUSDT,0.00137500,0.03074,2135.6364,1774039852632
binance,gate,FUNUSDT,0.00137500,0.03074,2135.6364,1774039852932
binance,gate,FUNUSDT,0.00137500,0.03074,2135.6364,1774039853233
binance,gate,FUNUSDT,0.00137500,0.03074,2135.6364,1774039853533
binance,gate,FUNUSDT,0.00137500,0.03074,2135.6364,1774039853833
binance,gate,FUNUSDT,0.00137500,0.03074,2135.6364,1774039854133
binance,gate,FUNUSDT,0.00137500,0.03074,2135.6364,1774039854433
binance,gate,FUNUSDT,0.00137500,0.03074,2135.6364,1774039854733
binance,gate,FUNUSDT,0.00137500,0.03074,2135.6364,1774039855034
binance,gate,FUNUSDT,0.00137500,0.03074,2135.6364,1774039855334
binance,gate,FUNUSDT,0.00137500,0.03074,2135.6364,1774039855634
binance,gate,FUNUSDT,0.00137500,0.03074,2135.6364,1774039855935
binance,gate,FUNUSDT,0.00137500,0.03074,2135.6364,1774039856236
binance,gate,FUNUSDT,0.00137500,0.03074,2135.6364,1774039856536
binance,gate,FUNUSDT,0.00137500,0.03074,2135.6364,1774039856836
binance,gate,FUNUSDT,0.00137500,0.03074,2135.6364,1774039857136
binance,gate,FUNUSDT,0.00137500,0.03074,2135.6364,1774039857437
binance,gate,FUNUSDT,0.00137500,0.03074,2135.6364,1774039857738
binance,gate,FUNUSDT,0.00137500,0.03074,2135.6364,1774039858038
binance,gate,FUNUSDT,0.00137500,0.03074,2135.6364,1774039858338
binance,gate,FUNUSDT,0.00137500,0.03074,2135.6364,1774039858639
binance,gate,FUNUSDT,0.00137500,0.03074,2135.6364,1774039858939
binance,gate,FUNUSDT,0.00137500,0.03074,2135.6364,1774039859239
binance,gate,FUNUSDT,0.00137500,0.03074,2135.6364,1774039859539
binance,gate,FUNUSDT,0.00137500,0.03074,2135.6364,1774039859840
binance,gate,FUNUSDT,0.00137500,0.03074,2135.6364,1774039860141
binance,gate,FUNUSDT,0.00137500,0.03074,2135.6364,1774039860441
binance,gate,FUNUSDT,0.00137500,0.03074,2135.6364,1774039860741
binance,gate,FUNUSDT,0.00137500,0.03074,2135.6364,1774039861041
binance,gate,FUNUSDT,0.00137500,0.03074,2135.6364,1774039861341
binance,gate,FUNUSDT,0.00137500,0.03074,2135.6364,1774039861642
binance,gate,FUNUSDT,0.00137500,0.03074,2135.6364,1774039861942
binance,gate,FUNUSDT,0.00137500,0.03074,2135.6364,1774039862242
binance,gate,FUNUSDT,0.00137500,0.03074,2135.6364,1774039862543
binance,gate,FUNUSDT,0.00137500,0.03074,2135.6364,1774039862843
binance,gate,FUNUSDT,0.00137500,0.03074,2135.6364,1774039863143
binance,gate,FUNUSDT,0.00137500,0.03074,2135.6364,1774039863443
binance,gate,FUNUSDT,0.00137500,0.03074,2135.6364,1774039863743
binance,gate,FUNUSDT,0.00137500,0.03074,2135.6364,1774039864043
binance,gate,FUNUSDT,0.00137500,0.03074,2135.6364,1774039864344
binance,gate,FUNUSDT,0.00137500,0.03074,2135.6364,1774039864645
binance,gate,FUNUSDT,0.00137500,0.03074,2135.6364,1774039864946
binance,gate,FUNUSDT,0.00137500,0.03074,2135.6364,1774039865246
binance,gate,FUNUSDT,0.00137500,0.03074,2135.6364,1774039865547
binance,gate,FUNUSDT,0.00137500,0.03074,2135.6364,1774039865847
binance,gate,FUNUSDT,0.00137500,0.03074,2135.6364,1774039866147
binance,gate,FUNUSDT,0.00137500,0.03074,2135.6364,1774039866447
binance,gate,FUNUSDT,0.00137500,0.03074,2135.6364,1774039866748
binance,gate,FUNUSDT,0.00137500,0.03074,2135.6364,1774039867048
binance,gate,FUNUSDT,0.00137500,0.03074,2135.6364,1774039867349
binance,gate,FUNUSDT,0.00137500,0.03074,2135.6364,1774039867649
binance,gate,FUNUSDT,0.00137500,0.03074,2135.6364,1774039867949
binance,gate,FUNUSDT,0.00137500,0.03074,2135.6364,1774039868250
binance,gate,FUNUSDT,0.00137500,0.03074,2135.6364,1774039868550
binance,gate,FUNUSDT,0.00137500,0.03074,2135.6364,1774039868851
binance,gate,FUNUSDT,0.00137500,0.03074,2135.6364,1774039869151
binance,gate,FUNUSDT,0.00137500,0.03074,2135.6364,1774039869452
binance,gate,FUNUSDT,0.00137500,0.03074,2135.6364,1774039869752
binance,gate,FUNUSDT,0.00137500,0.03074,2135.6364,1774039870052
binance,gate,FUNUSDT,0.00137500,0.03074,2135.6364,1774039870352
binance,gate,FUNUSDT,0.00137500,0.03074,2135.6364,1774039870652
binance,gate,FUNUSDT,0.00137500,0.03074,2135.6364,1774039870952
binance,gate,FUNUSDT,0.00137500,0.03074,2135.6364,1774039871253
binance,gate,FUNUSDT,0.00137500,0.03074,2135.6364,1774039871553
binance,gate,FUNUSDT,0.00137500,0.03074,2135.6364,1774039871853
binance,gate,FUNUSDT,0.00137500,0.03074,2135.6364,1774039872153
binance,gate,FUNUSDT,0.00137500,0.03074,2135.6364,1774039872453
binance,gate,FUNUSDT,0.00137500,0.03074,2135.6364,1774039872753
binance,gate,FUNUSDT,0.00137500,0.03074,2135.6364,1774039873054
binance,gate,FUNUSDT,0.00137500,0.03074,2135.6364,1774039873354
binance,gate,FUNUSDT,0.00137500,0.03074,2135.6364,1774039873654
binance,gate,FUNUSDT,0.00137500,0.03074,2135.6364,1774039873954
binance,gate,FUNUSDT,0.00137500,0.03074,2135.6364,1774039874254
binance,gate,FUNUSDT,0.00137500,0.03074,2135.6364,1774039874555
binance,gate,FUNUSDT,0.00137500,0.03074,2135.6364,1774039874855
binance,gate,FUNUSDT,0.00137500,0.03074,2135.6364,1774039875155
binance,gate,FUNUSDT,0.00137500,0.03074,2135.6364,1774039875455
binance,gate,FUNUSDT,0.00137500,0.03074,2135.6364,1774039875756
binance,gate,FUNUSDT,0.00137500,0.03074,2135.6364,1774039876056
binance,gate,FUNUSDT,0.00137500,0.03074,2135.6364,1774039876356
binance,gate,FUNUSDT,0.00137500,0.03074,2135.6364,1774039876656
binance,gate,FUNUSDT,0.00137500,0.03074,2135.6364,1774039876957
binance,gate,FUNUSDT,0.00137500,0.03074,2135.6364,1774039877257
binance,gate,FUNUSDT,0.00137500,0.03074,2135.6364,1774039877558
binance,gate,FUNUSDT,0.00137500,0.03074,2135.6364,1774039877858
binance,gate,FUNUSDT,0.00137500,0.03074,2135.6364,1774039878159
binance,gate,FUNUSDT,0.00137500,0.03074,2135.6364,1774039878459
binance,gate,FUNUSDT,0.00137500,0.03074,2135.6364,1774039878759
binance,gate,FUNUSDT,0.00137500,0.03074,2135.6364,1774039879060
binance,gate,FUNUSDT,0.00137500,0.03074,2135.6364,1774039879360
binance,gate,FUNUSDT,0.00137500,0.03074,2135.6364,1774039879660
binance,gate,FUNUSDT,0.00137500,0.03074,2135.6364,1774039879961
binance,gate,FUNUSDT,0.00137500,0.03074,2135.6364,1774039880261
binance,gate,FUNUSDT,0.00137500,0.03074,2135.6364,1774039880561
binance,gate,FUNUSDT,0.00137500,0.03074,2135.6364,1774039880862
binance,gate,FUNUSDT,0.00137500,0.03074,2135.6364,1774039881162
binance,gate,FUNUSDT,0.00137500,0.03074,2135.6364,1774039881462
binance,gate,FUNUSDT,0.00137500,0.03074,2135.6364,1774039881762
binance,gate,FUNUSDT,0.00137500,0.03074,2135.6364,1774039882062
binance,gate,FUNUSDT,0.00137500,0.03074,2135.6364,1774039882363
binance,gate,FUNUSDT,0.00137500,0.03074,2135.6364,1774039882663
binance,gate,FUNUSDT,0.00137500,0.03074,2135.6364,1774039882974
binance,gate,FUNUSDT,0.00137500,0.03074,2135.6364,1774039883275
binance,gate,FUNUSDT,0.00137500,0.03074,2135.6364,1774039883576
binance,gate,FUNUSDT,0.00137500,0.03074,2135.6364,1774039883876
binance,gate,FUNUSDT,0.00137500,0.03074,2135.6364,1774039884177
binance,gate,FUNUSDT,0.00137500,0.03074,2135.6364,1774039884477
binance,gate,FUNUSDT,0.00137500,0.03074,2135.6364,1774039884777
binance,gate,FUNUSDT,0.00137500,0.03074,2135.6364,1774039885077
binance,gate,FUNUSDT,0.00137500,0.03074,2135.6364,1774039885378
binance,gate,FUNUSDT,0.00137500,0.03074,2135.6364,1774039885678
binance,gate,FUNUSDT,0.00137500,0.03074,2135.6364,1774039885979
binance,gate,FUNUSDT,0.00137500,0.03074,2135.6364,1774039886279
binance,gate,FUNUSDT,0.00137500,0.03074,2135.6364,1774039886579
binance,gate,FUNUSDT,0.00137500,0.03074,2135.6364,1774039886880
binance,gate,FUNUSDT,0.00137500,0.03074,2135.6364,1774039887180
binance,gate,FUNUSDT,0.00137500,0.03074,2135.6364,1774039887480
binance,gate,FUNUSDT,0.00137500,0.03074,2135.6364,1774039887781
binance,gate,FUNUSDT,0.00137500,0.03074,2135.6364,1774039888081
binance,gate,FUNUSDT,0.00137500,0.03074,2135.6364,1774039888381
binance,gate,FUNUSDT,0.00137500,0.03074,2135.6364,1774039888682
binance,gate,FUNUSDT,0.00137500,0.03074,2135.6364,1774039888982
binance,gate,FUNUSDT,0.00137500,0.03074,2135.6364,1774039889283
binance,gate,FUNUSDT,0.00137500,0.03074,2135.6364,1774039889584
binance,gate,FUNUSDT,0.00137500,0.03074,2135.6364,1774039889884
binance,gate,FUNUSDT,0.00137500,0.03074,2135.6364,1774039890184
binance,gate,FUNUSDT,0.00137500,0.03074,2135.6364,1774039890487
binance,gate,FUNUSDT,0.00137500,0.03074,2135.6364,1774039890787
binance,gate,FUNUSDT,0.00137500,0.03074,2135.6364,1774039891087
binance,gate,FUNUSDT,0.00137500,0.03074,2135.6364,1774039891388
binance,gate,FUNUSDT,0.00137500,0.03074,2135.6364,1774039891688
binance,gate,FUNUSDT,0.00137500,0.03074,2135.6364,1774039891988
binance,gate,FUNUSDT,0.00137500,0.03074,2135.6364,1774039892292
binance,gate,FUNUSDT,0.00137500,0.03074,2135.6364,1774039892592
binance,gate,FUNUSDT,0.00137500,0.03074,2135.6364,1774039892892
binance,gate,FUNUSDT,0.00137500,0.03074,2135.6364,1774039893192
binance,gate,FUNUSDT,0.00137500,0.03074,2135.6364,1774039893493
binance,gate,FUNUSDT,0.00137500,0.03074,2135.6364,1774039893793
binance,gate,FUNUSDT,0.00137500,0.03074,2135.6364,1774039894093
binance,gate,FUNUSDT,0.00137500,0.03074,2135.6364,1774039894393
binance,gate,FUNUSDT,0.00137500,0.03074,2135.6364,1774039894693
binance,gate,FUNUSDT,0.00137500,0.03074,2135.6364,1774039894994
binance,gate,FUNUSDT,0.00137500,0.03074,2135.6364,1774039895294
binance,gate,FUNUSDT,0.00137500,0.03074,2135.6364,1774039895594
binance,gate,FUNUSDT,0.00137500,0.03074,2135.6364,1774039895894
binance,gate,FUNUSDT,0.00137500,0.03074,2135.6364,1774039896194
binance,gate,FUNUSDT,0.00137500,0.03074,2135.6364,1774039896494
binance,gate,FUNUSDT,0.00137500,0.03074,2135.6364,1774039896795
binance,gate,FUNUSDT,0.00137500,0.03074,2135.6364,1774039897095
binance,gate,FUNUSDT,0.00137500,0.03074,2135.6364,1774039897396
binance,gate,FUNUSDT,0.00137500,0.03074,2135.6364,1774039897696
binance,gate,FUNUSDT,0.00137500,0.03074,2135.6364,1774039897996
binance,gate,FUNUSDT,0.00137500,0.03074,2135.6364,1774039898296
binance,gate,FUNUSDT,0.00137500,0.03074,2135.6364,1774039898597
binance,gate,FUNUSDT,0.00137500,0.03074,2135.6364,1774039898897
binance,gate,FUNUSDT,0.00137500,0.03074,2135.6364,1774039899197
binance,gate,FUNUSDT,0.00137500,0.03074,2135.6364,1774039899497
binance,gate,FUNUSDT,0.00137500,0.03074,2135.6364,1774039899798
binance,gate,FUNUSDT,0.00137500,0.03074,2135.6364,1774039900098
binance,gate,FUNUSDT,0.00137500,0.03074,2135.6364,1774039900398
binance,gate,FUNUSDT,0.00137500,0.03074,2135.6364,1774039900698
binance,gate,FUNUSDT,0.00137500,0.03074,2135.6364,1774039900998
binance,gate,FUNUSDT,0.00137500,0.03074,2135.6364,1774039901298
binance,gate,FUNUSDT,0.00137500,0.03074,2135.6364,1774039901598
binance,gate,FUNUSDT,0.00137500,0.03074,2135.6364,1774039901899
binance,gate,FUNUSDT,0.00137500,0.03074,2135.6364,1774039902199
binance,gate,FUNUSDT,0.00137500,0.03074,2135.6364,1774039902499
binance,gate,FUNUSDT,0.00137500,0.03074,2135.6364,1774039902799
binance,gate,FUNUSDT,0.00137500,0.03074,2135.6364,1774039903099
binance,gate,FUNUSDT,0.00137500,0.03074,2135.6364,1774039903399
binance,gate,FUNUSDT,0.00137500,0.03074,2135.6364,1774039903699
binance,gate,FUNUSDT,0.00137500,0.03074,2135.6364,1774039904000
binance,gate,FUNUSDT,0.00137500,0.03074,2135.6364,1774039904300
binance,gate,FUNUSDT,0.00137500,0.03074,2135.6364,1774039904601
binance,gate,FUNUSDT,0.00137500,0.03074,2135.6364,1774039904901
binance,gate,FUNUSDT,0.00137500,0.03074,2135.6364,1774039905202
binance,gate,FUNUSDT,0.00137500,0.03074,2135.6364,1774039905502
binance,gate,FUNUSDT,0.00137500,0.03074,2135.6364,1774039905803
binance,gate,FUNUSDT,0.00137500,0.03074,2135.6364,1774039906103
binance,gate,FUNUSDT,0.00137500,0.03074,2135.6364,1774039906403
binance,gate,FUNUSDT,0.00137500,0.03074,2135.6364,1774039906703
binance,gate,FUNUSDT,0.00137500,0.03074,2135.6364,1774039907004
binance,gate,FUNUSDT,0.00137500,0.03074,2135.6364,1774039907304
binance,gate,FUNUSDT,0.00137500,0.03074,2135.6364,1774039907605
binance,gate,FUNUSDT,0.00137500,0.03074,2135.6364,1774039907905
binance,gate,FUNUSDT,0.00137500,0.03074,2135.6364,1774039908206
binance,gate,FUNUSDT,0.00137500,0.03074,2135.6364,1774039908506
binance,gate,FUNUSDT,0.00137500,0.03074,2135.6364,1774039908806
binance,gate,FUNUSDT,0.00137500,0.03074,2135.6364,1774039909106
binance,gate,FUNUSDT,0.00137500,0.03074,2135.6364,1774039909407
binance,gate,FUNUSDT,0.00137500,0.03074,2135.6364,1774039909707
binance,gate,FUNUSDT,0.00137500,0.03074,2135.6364,1774039910007
binance,gate,FUNUSDT,0.00137500,0.03074,2135.6364,1774039910307
binance,gate,FUNUSDT,0.00137500,0.03074,2135.6364,1774039910607
binance,gate,FUNUSDT,0.00137500,0.03074,2135.6364,1774039910907
binance,gate,FUNUSDT,0.00137500,0.03074,2135.6364,1774039911208
binance,gate,FUNUSDT,0.00137500,0.03074,2135.6364,1774039911508
binance,gate,FUNUSDT,0.00137500,0.03074,2135.6364,1774039911808
binance,gate,FUNUSDT,0.00137500,0.03074,2135.6364,1774039912109
binance,gate,FUNUSDT,0.00137500,0.03074,2135.6364,1774039912409
binance,gate,FUNUSDT,0.00137500,0.03074,2135.6364,1774039912710
binance,gate,FUNUSDT,0.00137500,0.03074,2135.6364,1774039913010
binance,gate,FUNUSDT,0.00137500,0.03074,2135.6364,1774039913310
binance,gate,FUNUSDT,0.00137500,0.03074,2135.6364,1774039913610
binance,gate,FUNUSDT,0.00137500,0.03074,2135.6364,1774039913911
binance,gate,FUNUSDT,0.00137500,0.03074,2135.6364,1774039914211
binance,gate,FUNUSDT,0.00137500,0.03074,2135.6364,1774039914511
binance,gate,FUNUSDT,0.00137500,0.03074,2135.6364,1774039914812
binance,gate,FUNUSDT,0.00137500,0.03074,2135.6364,1774039915112
binance,gate,FUNUSDT,0.00137500,0.03074,2135.6364,1774039915412
binance,gate,FUNUSDT,0.00137500,0.03074,2135.6364,1774039915715
binance,gate,FUNUSDT,0.00137500,0.03074,2135.6364,1774039916016
binance,gate,FUNUSDT,0.00137500,0.03074,2135.6364,1774039916316
binance,gate,FUNUSDT,0.00137500,0.03074,2135.6364,1774039916616
binance,gate,FUNUSDT,0.00137500,0.03074,2135.6364,1774039916916
binance,gate,FUNUSDT,0.00137500,0.03074,2135.6364,1774039917216
binance,gate,FUNUSDT,0.00137500,0.03074,2135.6364,1774039917516
binance,gate,FUNUSDT,0.00137500,0.03074,2135.6364,1774039917817
binance,gate,FUNUSDT,0.00137500,0.03074,2135.6364,1774039918117
binance,gate,FUNUSDT,0.00137500,0.03074,2135.6364,1774039918417
binance,gate,FUNUSDT,0.00137500,0.03074,2135.6364,1774039918717
binance,gate,FUNUSDT,0.00137500,0.03074,2135.6364,1774039919017
binance,gate,FUNUSDT,0.00137500,0.03074,2135.6364,1774039919318
binance,gate,FUNUSDT,0.00137500,0.03074,2135.6364,1774039919618
binance,gate,FUNUSDT,0.00137500,0.03074,2135.6364,1774039919918
binance,gate,FUNUSDT,0.00137500,0.03074,2135.6364,1774039920218
binance,gate,FUNUSDT,0.00137500,0.03074,2135.6364,1774039920519
binance,gate,FUNUSDT,0.00137500,0.03074,2135.6364,1774039920820
binance,gate,FUNUSDT,0.00137500,0.03074,2135.6364,1774039921121
binance,gate,FUNUSDT,0.00137500,0.03074,2135.6364,1774039921421
binance,gate,FUNUSDT,0.00137500,0.03074,2135.6364,1774039921721
binance,gate,FUNUSDT,0.00137500,0.03074,2135.6364,1774039922021
binance,gate,FUNUSDT,0.00137600,0.03074,2134.0116,1774039922322
binance,gate,FUNUSDT,0.00137600,0.03074,2134.0116,1774039922622
binance,gate,FUNUSDT,0.00137600,0.03074,2134.0116,1774039922922
binance,gate,FUNUSDT,0.00137600,0.03074,2134.0116,1774039923223
binance,gate,FUNUSDT,0.00137600,0.03074,2134.0116,1774039923523
binance,gate,FUNUSDT,0.00137600,0.03074,2134.0116,1774039923823
binance,gate,FUNUSDT,0.00137600,0.03074,2134.0116,1774039924124
binance,gate,FUNUSDT,0.00137600,0.03074,2134.0116,1774039924425
binance,gate,FUNUSDT,0.00137600,0.03074,2134.0116,1774039924725
binance,gate,FUNUSDT,0.00137600,0.03074,2134.0116,1774039925026
binance,gate,FUNUSDT,0.00137600,0.03074,2134.0116,1774039925326
binance,gate,FUNUSDT,0.00137600,0.03074,2134.0116,1774039925627
binance,gate,FUNUSDT,0.00137600,0.03074,2134.0116,1774039925928
binance,gate,FUNUSDT,0.00137600,0.03074,2134.0116,1774039926228
binance,gate,FUNUSDT,0.00137600,0.03074,2134.0116,1774039926529
binance,gate,FUNUSDT,0.00137600,0.03074,2134.0116,1774039926829
binance,gate,FUNUSDT,0.00137600,0.03074,2134.0116,1774039927129
binance,gate,FUNUSDT,0.00137600,0.03074,2134.0116,1774039927429
binance,gate,FUNUSDT,0.00137600,0.03074,2134.0116,1774039927730
binance,gate,FUNUSDT,0.00137600,0.03074,2134.0116,1774039928030
binance,gate,FUNUSDT,0.00137600,0.03074,2134.0116,1774039928331
binance,gate,FUNUSDT,0.00137600,0.03074,2134.0116,1774039928631
binance,gate,FUNUSDT,0.00137600,0.03074,2134.0116,1774039928931
binance,gate,FUNUSDT,0.00137600,0.03074,2134.0116,1774039929232
binance,gate,FUNUSDT,0.00137600,0.03074,2134.0116,1774039929532
binance,gate,FUNUSDT,0.00137600,0.03074,2134.0116,1774039929832
binance,gate,FUNUSDT,0.00137600,0.03074,2134.0116,1774039930132
binance,gate,FUNUSDT,0.00137600,0.03074,2134.0116,1774039930433
binance,gate,FUNUSDT,0.00137600,0.03074,2134.0116,1774039930733
binance,gate,FUNUSDT,0.00137600,0.03074,2134.0116,1774039931033
binance,gate,FUNUSDT,0.00137600,0.03074,2134.0116,1774039931333
binance,gate,FUNUSDT,0.00137600,0.03074,2134.0116,1774039931634
binance,gate,FUNUSDT,0.00137600,0.03074,2134.0116,1774039931935
binance,gate,FUNUSDT,0.00137600,0.03074,2134.0116,1774039932235
binance,gate,FUNUSDT,0.00137600,0.03074,2134.0116,1774039932535
binance,gate,FUNUSDT,0.00137600,0.03074,2134.0116,1774039932836
binance,gate,FUNUSDT,0.00137600,0.03074,2134.0116,1774039933136
binance,gate,FUNUSDT,0.00137600,0.03074,2134.0116,1774039933436
binance,gate,FUNUSDT,0.00137600,0.03074,2134.0116,1774039933736
binance,gate,FUNUSDT,0.00137600,0.03074,2134.0116,1774039934037
binance,gate,FUNUSDT,0.00137600,0.03074,2134.0116,1774039934338
binance,gate,FUNUSDT,0.00137600,0.03074,2134.0116,1774039934638
binance,gate,FUNUSDT,0.00137600,0.03074,2134.0116,1774039934939
binance,gate,FUNUSDT,0.00137600,0.03074,2134.0116,1774039935239
binance,gate,FUNUSDT,0.00137600,0.03074,2134.0116,1774039935539
binance,gate,FUNUSDT,0.00137600,0.03074,2134.0116,1774039935840
binance,gate,FUNUSDT,0.00137600,0.03074,2134.0116,1774039936140
binance,gate,FUNUSDT,0.00137600,0.03074,2134.0116,1774039936440
binance,gate,FUNUSDT,0.00137600,0.03074,2134.0116,1774039936741
binance,gate,FUNUSDT,0.00137600,0.03074,2134.0116,1774039937041
binance,gate,FUNUSDT,0.00137600,0.03074,2134.0116,1774039937342
binance,gate,FUNUSDT,0.00137600,0.03074,2134.0116,1774039937642
binance,gate,FUNUSDT,0.00137600,0.03074,2134.0116,1774039937942
binance,gate,FUNUSDT,0.00137600,0.03074,2134.0116,1774039938242
binance,gate,FUNUSDT,0.00137600,0.03074,2134.0116,1774039938542
binance,gate,FUNUSDT,0.00137600,0.03074,2134.0116,1774039938843
binance,gate,FUNUSDT,0.00137600,0.03074,2134.0116,1774039939143
binance,gate,FUNUSDT,0.00137600,0.03074,2134.0116,1774039939444
binance,gate,FUNUSDT,0.00137600,0.03074,2134.0116,1774039939744
binance,gate,FUNUSDT,0.00137600,0.03074,2134.0116,1774039940044
binance,gate,FUNUSDT,0.00137600,0.03074,2134.0116,1774039940344
binance,gate,FUNUSDT,0.00137600,0.03074,2134.0116,1774039940645
binance,gate,FUNUSDT,0.00137600,0.03074,2134.0116,1774039940945
binance,gate,FUNUSDT,0.00137600,0.03074,2134.0116,1774039941245
binance,gate,FUNUSDT,0.00137600,0.03074,2134.0116,1774039941546
binance,gate,FUNUSDT,0.00137600,0.03074,2134.0116,1774039941846
binance,gate,FUNUSDT,0.00137600,0.03074,2134.0116,1774039942146
binance,gate,FUNUSDT,0.00137600,0.03074,2134.0116,1774039942447
binance,gate,FUNUSDT,0.00137600,0.03074,2134.0116,1774039942747
binance,gate,FUNUSDT,0.00137600,0.03074,2134.0116,1774039943047
binance,gate,FUNUSDT,0.00137600,0.03074,2134.0116,1774039943348
binance,gate,FUNUSDT,0.00137600,0.03074,2134.0116,1774039943648
binance,gate,FUNUSDT,0.00137600,0.03074,2134.0116,1774039943948
binance,gate,FUNUSDT,0.00137600,0.03074,2134.0116,1774039944249
binance,gate,FUNUSDT,0.00137600,0.03074,2134.0116,1774039944549
binance,gate,FUNUSDT,0.00137600,0.03074,2134.0116,1774039944849
binance,gate,FUNUSDT,0.00137600,0.03074,2134.0116,1774039945149
binance,gate,FUNUSDT,0.00137600,0.03074,2134.0116,1774039945449
binance,gate,FUNUSDT,0.00137600,0.03074,2134.0116,1774039945749
binance,gate,FUNUSDT,0.00137600,0.03074,2134.0116,1774039946049
binance,gate,FUNUSDT,0.00137600,0.03074,2134.0116,1774039946350
binance,gate,FUNUSDT,0.00137600,0.03074,2134.0116,1774039946650
binance,gate,FUNUSDT,0.00137600,0.03074,2134.0116,1774039946951
binance,gate,FUNUSDT,0.00137600,0.03074,2134.0116,1774039947251
binance,gate,FUNUSDT,0.00137600,0.03074,2134.0116,1774039947551
binance,gate,FUNUSDT,0.00137600,0.03074,2134.0116,1774039947852
binance,gate,FUNUSDT,0.00137600,0.03074,2134.0116,1774039948152
binance,gate,FUNUSDT,0.00137600,0.03074,2134.0116,1774039948452
binance,gate,FUNUSDT,0.00137600,0.03074,2134.0116,1774039948753
binance,gate,FUNUSDT,0.00137600,0.03074,2134.0116,1774039949053
binance,gate,FUNUSDT,0.00137600,0.03074,2134.0116,1774039949354
binance,gate,FUNUSDT,0.00137600,0.03074,2134.0116,1774039949655
binance,gate,FUNUSDT,0.00137600,0.03074,2134.0116,1774039949955
binance,gate,FUNUSDT,0.00137600,0.03074,2134.0116,1774039950256
binance,gate,FUNUSDT,0.00137600,0.03074,2134.0116,1774039950556
binance,gate,FUNUSDT,0.00137600,0.03074,2134.0116,1774039950856
binance,gate,FUNUSDT,0.00137600,0.03074,2134.0116,1774039951156
binance,gate,FUNUSDT,0.00137600,0.03074,2134.0116,1774039951456
binance,gate,FUNUSDT,0.00137600,0.03074,2134.0116,1774039951756
binance,gate,FUNUSDT,0.00137600,0.03074,2134.0116,1774039952057
binance,gate,FUNUSDT,0.00137600,0.03074,2134.0116,1774039952357
binance,gate,FUNUSDT,0.00137600,0.03074,2134.0116,1774039952657
binance,gate,FUNUSDT,0.00137600,0.03074,2134.0116,1774039952957
binance,gate,FUNUSDT,0.00137600,0.03074,2134.0116,1774039953258
binance,gate,FUNUSDT,0.00137600,0.03074,2134.0116,1774039953558
binance,gate,FUNUSDT,0.00137600,0.03074,2134.0116,1774039953859
binance,gate,FUNUSDT,0.00137600,0.03074,2134.0116,1774039954159
binance,gate,FUNUSDT,0.00137600,0.03074,2134.0116,1774039954459
binance,gate,FUNUSDT,0.00137600,0.03074,2134.0116,1774039954759
binance,gate,FUNUSDT,0.00137600,0.03074,2134.0116,1774039955059
binance,gate,FUNUSDT,0.00137600,0.03074,2134.0116,1774039955359
binance,gate,FUNUSDT,0.00137600,0.03074,2134.0116,1774039955660
binance,gate,FUNUSDT,0.00137600,0.03074,2134.0116,1774039955960
binance,gate,FUNUSDT,0.00137600,0.03074,2134.0116,1774039956260
binance,gate,FUNUSDT,0.00137600,0.03074,2134.0116,1774039956560
binance,gate,FUNUSDT,0.00137600,0.03074,2134.0116,1774039956860
binance,gate,FUNUSDT,0.00137600,0.03074,2134.0116,1774039957161
binance,gate,FUNUSDT,0.00137600,0.03074,2134.0116,1774039957461
binance,gate,FUNUSDT,0.00137500,0.03074,2135.6364,1774039957761
binance,gate,FUNUSDT,0.00137500,0.03074,2135.6364,1774039958062
binance,gate,FUNUSDT,0.00137500,0.03074,2135.6364,1774039958362
binance,gate,FUNUSDT,0.00137500,0.03074,2135.6364,1774039958662
binance,gate,FUNUSDT,0.00137500,0.03074,2135.6364,1774039958963
binance,gate,FUNUSDT,0.00137500,0.03074,2135.6364,1774039959263
binance,gate,FUNUSDT,0.00137500,0.03074,2135.6364,1774039959564
binance,gate,FUNUSDT,0.00137500,0.03074,2135.6364,1774039959864
binance,gate,FUNUSDT,0.00137500,0.03074,2135.6364,1774039960165
binance,gate,FUNUSDT,0.00137500,0.03074,2135.6364,1774039960465
binance,gate,FUNUSDT,0.00137500,0.03074,2135.6364,1774039960765
binance,gate,FUNUSDT,0.00137500,0.03074,2135.6364,1774039961066
binance,gate,FUNUSDT,0.00137500,0.03074,2135.6364,1774039961366
binance,gate,FUNUSDT,0.00137500,0.03074,2135.6364,1774039961666
binance,gate,FUNUSDT,0.00137500,0.03074,2135.6364,1774039961966
binance,gate,FUNUSDT,0.00137500,0.03074,2135.6364,1774039962267
binance,gate,FUNUSDT,0.00137500,0.03074,2135.6364,1774039962567
binance,gate,FUNUSDT,0.00137500,0.03074,2135.6364,1774039962868
binance,gate,FUNUSDT,0.00137500,0.03074,2135.6364,1774039963168
binance,gate,FUNUSDT,0.00137500,0.03074,2135.6364,1774039963468
binance,gate,FUNUSDT,0.00137500,0.03074,2135.6364,1774039963769
binance,gate,FUNUSDT,0.00137500,0.03074,2135.6364,1774039964069
binance,gate,FUNUSDT,0.00137500,0.03074,2135.6364,1774039964370
binance,gate,FUNUSDT,0.00137500,0.03074,2135.6364,1774039964670
binance,gate,FUNUSDT,0.00137500,0.03074,2135.6364,1774039964970
binance,gate,FUNUSDT,0.00137500,0.03074,2135.6364,1774039965270
binance,gate,FUNUSDT,0.00137500,0.03074,2135.6364,1774039965570
binance,gate,FUNUSDT,0.00137500,0.03074,2135.6364,1774039965871
binance,gate,FUNUSDT,0.00137500,0.03074,2135.6364,1774039966172
binance,gate,FUNUSDT,0.00137500,0.03074,2135.6364,1774039966472
binance,gate,FUNUSDT,0.00137500,0.03074,2135.6364,1774039966773
binance,gate,FUNUSDT,0.00137500,0.03074,2135.6364,1774039967073
binance,gate,FUNUSDT,0.00137500,0.03074,2135.6364,1774039967373
binance,gate,FUNUSDT,0.00137500,0.03074,2135.6364,1774039967673
binance,gate,FUNUSDT,0.00137500,0.03074,2135.6364,1774039967973
binance,gate,FUNUSDT,0.00137500,0.03074,2135.6364,1774039968274
binance,gate,FUNUSDT,0.00137500,0.03074,2135.6364,1774039968574
binance,gate,FUNUSDT,0.00137500,0.03074,2135.6364,1774039968874
binance,gate,FUNUSDT,0.00137500,0.03074,2135.6364,1774039969174
binance,gate,FUNUSDT,0.00137500,0.03074,2135.6364,1774039969475
binance,gate,FUNUSDT,0.00137500,0.03074,2135.6364,1774039969775
binance,gate,FUNUSDT,0.00137500,0.03074,2135.6364,1774039970076
binance,gate,FUNUSDT,0.00137500,0.03074,2135.6364,1774039970376
binance,gate,FUNUSDT,0.00137500,0.03074,2135.6364,1774039970676
binance,gate,FUNUSDT,0.00137500,0.03074,2135.6364,1774039970977
binance,gate,FUNUSDT,0.00137500,0.03074,2135.6364,1774039971278
binance,gate,FUNUSDT,0.00137500,0.03074,2135.6364,1774039971578
binance,gate,FUNUSDT,0.00137500,0.03074,2135.6364,1774039971878
binance,gate,FUNUSDT,0.00137500,0.03074,2135.6364,1774039972178
binance,gate,FUNUSDT,0.00137500,0.03074,2135.6364,1774039972479
binance,gate,FUNUSDT,0.00137500,0.03074,2135.6364,1774039972779
binance,gate,FUNUSDT,0.00137500,0.03074,2135.6364,1774039973079
binance,gate,FUNUSDT,0.00137500,0.03074,2135.6364,1774039973379
binance,gate,FUNUSDT,0.00137500,0.03074,2135.6364,1774039973679
binance,gate,FUNUSDT,0.00137500,0.03074,2135.6364,1774039973979
binance,gate,FUNUSDT,0.00137500,0.03074,2135.6364,1774039974280
binance,gate,FUNUSDT,0.00137500,0.03074,2135.6364,1774039974580
binance,gate,FUNUSDT,0.00137500,0.03074,2135.6364,1774039974880
binance,gate,FUNUSDT,0.00137500,0.03074,2135.6364,1774039975180
binance,gate,FUNUSDT,0.00137500,0.03074,2135.6364,1774039975480
binance,gate,FUNUSDT,0.00137500,0.03074,2135.6364,1774039975781
binance,gate,FUNUSDT,0.00137500,0.03074,2135.6364,1774039976081
binance,gate,FUNUSDT,0.00137500,0.03074,2135.6364,1774039976381
binance,gate,FUNUSDT,0.00137500,0.03074,2135.6364,1774039976681
binance,gate,FUNUSDT,0.00137500,0.03074,2135.6364,1774039976982
binance,gate,FUNUSDT,0.00137500,0.03074,2135.6364,1774039977282
binance,gate,FUNUSDT,0.00137500,0.03074,2135.6364,1774039977582
binance,gate,FUNUSDT,0.00137500,0.03074,2135.6364,1774039977884
binance,gate,FUNUSDT,0.00137500,0.03074,2135.6364,1774039978185
binance,gate,FUNUSDT,0.00137500,0.03074,2135.6364,1774039978485
binance,gate,FUNUSDT,0.00137500,0.03074,2135.6364,1774039978785
binance,gate,FUNUSDT,0.00137500,0.03074,2135.6364,1774039979085
binance,gate,FUNUSDT,0.00137500,0.03074,2135.6364,1774039979386
binance,gate,FUNUSDT,0.00137500,0.03074,2135.6364,1774039979686
binance,gate,FUNUSDT,0.00137500,0.03074,2135.6364,1774039979986
binance,gate,FUNUSDT,0.00137500,0.03074,2135.6364,1774039980287
binance,gate,FUNUSDT,0.00137500,0.03074,2135.6364,1774039980587
binance,gate,FUNUSDT,0.00137500,0.03074,2135.6364,1774039980887
binance,gate,FUNUSDT,0.00137500,0.03074,2135.6364,1774039981187
binance,gate,FUNUSDT,0.00137500,0.03074,2135.6364,1774039981487
binance,gate,FUNUSDT,0.00137500,0.03074,2135.6364,1774039981788
binance,gate,FUNUSDT,0.00137500,0.03074,2135.6364,1774039982088
binance,gate,FUNUSDT,0.00137500,0.03074,2135.6364,1774039982388
binance,gate,FUNUSDT,0.00137500,0.03074,2135.6364,1774039982688
binance,gate,FUNUSDT,0.00137500,0.03074,2135.6364,1774039982988
binance,gate,FUNUSDT,0.00137500,0.03074,2135.6364,1774039983288
binance,gate,FUNUSDT,0.00137500,0.03074,2135.6364,1774039983589
binance,gate,FUNUSDT,0.00137500,0.03074,2135.6364,1774039983889
binance,gate,FUNUSDT,0.00137500,0.03074,2135.6364,1774039984189
binance,gate,FUNUSDT,0.00137500,0.03074,2135.6364,1774039984490
binance,gate,FUNUSDT,0.00137500,0.03074,2135.6364,1774039984790
binance,gate,FUNUSDT,0.00137500,0.03074,2135.6364,1774039985090
binance,gate,FUNUSDT,0.00137500,0.03074,2135.6364,1774039985391
binance,gate,FUNUSDT,0.00137500,0.03074,2135.6364,1774039985691
binance,gate,FUNUSDT,0.00137500,0.03074,2135.6364,1774039985991
binance,gate,FUNUSDT,0.00137500,0.03074,2135.6364,1774039986292
binance,gate,FUNUSDT,0.00137500,0.03074,2135.6364,1774039986592
binance,gate,FUNUSDT,0.00137500,0.03074,2135.6364,1774039986892
binance,gate,FUNUSDT,0.00137500,0.03074,2135.6364,1774039987193
binance,gate,FUNUSDT,0.00137500,0.03074,2135.6364,1774039987493
binance,gate,FUNUSDT,0.00137500,0.03074,2135.6364,1774039987794
binance,gate,FUNUSDT,0.00137500,0.03074,2135.6364,1774039988094
binance,gate,FUNUSDT,0.00137500,0.03074,2135.6364,1774039988395
binance,gate,FUNUSDT,0.00137500,0.03074,2135.6364,1774039988695
binance,gate,FUNUSDT,0.00137500,0.03074,2135.6364,1774039988996
binance,gate,FUNUSDT,0.00137500,0.03074,2135.6364,1774039989296
binance,gate,FUNUSDT,0.00137500,0.03074,2135.6364,1774039989597
binance,gate,FUNUSDT,0.00137500,0.03074,2135.6364,1774039989897
binance,gate,FUNUSDT,0.00137500,0.03074,2135.6364,1774039990197
binance,gate,FUNUSDT,0.00137500,0.03074,2135.6364,1774039990498
binance,gate,FUNUSDT,0.00137500,0.03074,2135.6364,1774039990798
binance,gate,FUNUSDT,0.00137500,0.03074,2135.6364,1774039991098
binance,gate,FUNUSDT,0.00137500,0.03074,2135.6364,1774039991399
binance,gate,FUNUSDT,0.00137500,0.03074,2135.6364,1774039991699
binance,gate,FUNUSDT,0.00137500,0.03074,2135.6364,1774039991999
binance,gate,FUNUSDT,0.00137500,0.03074,2135.6364,1774039992300
binance,gate,FUNUSDT,0.00137500,0.03074,2135.6364,1774039992600
binance,gate,FUNUSDT,0.00137500,0.03074,2135.6364,1774039992900
binance,gate,FUNUSDT,0.00137500,0.03074,2135.6364,1774039993201
binance,gate,FUNUSDT,0.00137500,0.03074,2135.6364,1774039993501
binance,gate,FUNUSDT,0.00137500,0.03074,2135.6364,1774039993802
binance,gate,FUNUSDT,0.00137500,0.03074,2135.6364,1774039994102
binance,gate,FUNUSDT,0.00137500,0.03074,2135.6364,1774039994402
binance,gate,FUNUSDT,0.00137500,0.03074,2135.6364,1774039994702
binance,gate,FUNUSDT,0.00137500,0.03074,2135.6364,1774039995002
binance,gate,FUNUSDT,0.00137500,0.03074,2135.6364,1774039995302
binance,gate,FUNUSDT,0.00137500,0.03074,2135.6364,1774039995602
binance,gate,FUNUSDT,0.00137500,0.03074,2135.6364,1774039995903
binance,gate,FUNUSDT,0.00137500,0.03074,2135.6364,1774039996204
binance,gate,FUNUSDT,0.00137500,0.03074,2135.6364,1774039996504
binance,gate,FUNUSDT,0.00137500,0.03074,2135.6364,1774039996804
binance,gate,FUNUSDT,0.00137500,0.03074,2135.6364,1774039997105
binance,gate,FUNUSDT,0.00137500,0.03074,2135.6364,1774039997405
binance,gate,FUNUSDT,0.00137500,0.03074,2135.6364,1774039997705
binance,gate,FUNUSDT,0.00137500,0.03074,2135.6364,1774039998005
binance,gate,FUNUSDT,0.00137500,0.03074,2135.6364,1774039998305
binance,gate,FUNUSDT,0.00137500,0.03074,2135.6364,1774039998606
binance,gate,FUNUSDT,0.00137500,0.03074,2135.6364,1774039998907
binance,gate,FUNUSDT,0.00137500,0.03074,2135.6364,1774039999207
binance,gate,FUNUSDT,0.00137500,0.03074,2135.6364,1774039999507
binance,gate,FUNUSDT,0.00137500,0.03074,2135.6364,1774039999808
binance,gate,FUNUSDT,0.00137500,0.03074,2135.6364,1774040000108
binance,gate,FUNUSDT,0.00137500,0.03074,2135.6364,1774040000408
binance,gate,FUNUSDT,0.00137500,0.03074,2135.6364,1774040000708
binance,gate,FUNUSDT,0.00137500,0.03074,2135.6364,1774040001008
binance,gate,FUNUSDT,0.00137500,0.03074,2135.6364,1774040001309
binance,gate,FUNUSDT,0.00137500,0.03074,2135.6364,1774040001610
binance,gate,FUNUSDT,0.00137500,0.03074,2135.6364,1774040001910
binance,gate,FUNUSDT,0.00137500,0.03074,2135.6364,1774040002210
binance,gate,FUNUSDT,0.00137500,0.03074,2135.6364,1774040002510
binance,gate,FUNUSDT,0.00137500,0.03074,2135.6364,1774040002811
binance,gate,FUNUSDT,0.00137500,0.03074,2135.6364,1774040003111
binance,gate,FUNUSDT,0.00137500,0.03074,2135.6364,1774040003411
binance,gate,FUNUSDT,0.00137500,0.03074,2135.6364,1774040003712
binance,gate,FUNUSDT,0.00137500,0.03074,2135.6364,1774040004012
binance,gate,FUNUSDT,0.00137500,0.03074,2135.6364,1774040004312
binance,gate,FUNUSDT,0.00137500,0.03074,2135.6364,1774040004612
binance,gate,FUNUSDT,0.00137500,0.03074,2135.6364,1774040004913
binance,gate,FUNUSDT,0.00137500,0.03074,2135.6364,1774040005213
binance,gate,FUNUSDT,0.00137500,0.03074,2135.6364,1774040005513
binance,gate,FUNUSDT,0.00137500,0.03074,2135.6364,1774040005814
binance,gate,FUNUSDT,0.00137500,0.03074,2135.6364,1774040006114
binance,gate,FUNUSDT,0.00137500,0.03074,2135.6364,1774040006414
binance,gate,FUNUSDT,0.00137500,0.03074,2135.6364,1774040006714
binance,gate,FUNUSDT,0.00137500,0.03074,2135.6364,1774040007014
binance,gate,FUNUSDT,0.00137500,0.03074,2135.6364,1774040007314
binance,gate,FUNUSDT,0.00137500,0.03074,2135.6364,1774040007615
binance,gate,FUNUSDT,0.00137500,0.03074,2135.6364,1774040007919
binance,gate,FUNUSDT,0.00137500,0.03074,2135.6364,1774040008219
binance,gate,FUNUSDT,0.00137500,0.03074,2135.6364,1774040008519
binance,gate,FUNUSDT,0.00137500,0.03074,2135.6364,1774040008819
binance,gate,FUNUSDT,0.00137500,0.03074,2135.6364,1774040009120
binance,gate,FUNUSDT,0.00137500,0.03074,2135.6364,1774040009420
binance,gate,FUNUSDT,0.00137500,0.03074,2135.6364,1774040009720
binance,gate,FUNUSDT,0.00137500,0.03074,2135.6364,1774040010021
binance,gate,FUNUSDT,0.00137500,0.03074,2135.6364,1774040010321
binance,gate,FUNUSDT,0.00137500,0.03074,2135.6364,1774040010621
binance,gate,FUNUSDT,0.00137500,0.03074,2135.6364,1774040010921
binance,gate,FUNUSDT,0.00137500,0.03074,2135.6364,1774040011223
binance,gate,FUNUSDT,0.00137500,0.03074,2135.6364,1774040011523
binance,gate,FUNUSDT,0.00137500,0.03074,2135.6364,1774040011824
binance,gate,FUNUSDT,0.00137500,0.03074,2135.6364,1774040012125
binance,gate,FUNUSDT,0.00137500,0.03074,2135.6364,1774040012425
binance,gate,FUNUSDT,0.00137500,0.03074,2135.6364,1774040012725
binance,gate,FUNUSDT,0.00137500,0.03074,2135.6364,1774040013026
binance,gate,FUNUSDT,0.00137500,0.03074,2135.6364,1774040013326
binance,gate,FUNUSDT,0.00137500,0.03074,2135.6364,1774040013627
binance,gate,FUNUSDT,0.00137500,0.03074,2135.6364,1774040013927
binance,gate,FUNUSDT,0.00137500,0.03074,2135.6364,1774040014228
binance,gate,FUNUSDT,0.00137500,0.03074,2135.6364,1774040014528
binance,gate,FUNUSDT,0.00137500,0.03074,2135.6364,1774040014828
binance,gate,FUNUSDT,0.00137500,0.03074,2135.6364,1774040015128
binance,gate,FUNUSDT,0.00137500,0.03074,2135.6364,1774040015428
binance,gate,FUNUSDT,0.00137500,0.03074,2135.6364,1774040015728
binance,gate,FUNUSDT,0.00137500,0.03074,2135.6364,1774040016029
binance,gate,FUNUSDT,0.00137500,0.03074,2135.6364,1774040016330
binance,gate,FUNUSDT,0.00137500,0.03074,2135.6364,1774040016630
binance,gate,FUNUSDT,0.00137500,0.03074,2135.6364,1774040016930
binance,gate,FUNUSDT,0.00137500,0.03074,2135.6364,1774040017231
binance,gate,FUNUSDT,0.00137500,0.03074,2135.6364,1774040017531
binance,gate,FUNUSDT,0.00137500,0.03074,2135.6364,1774040017831
binance,gate,FUNUSDT,0.00137500,0.03074,2135.6364,1774040018131
binance,gate,FUNUSDT,0.00137500,0.03074,2135.6364,1774040018432
binance,gate,FUNUSDT,0.00137500,0.03074,2135.6364,1774040018732
binance,gate,FUNUSDT,0.00137500,0.03074,2135.6364,1774040019033
binance,gate,FUNUSDT,0.00137500,0.03074,2135.6364,1774040019333
binance,gate,FUNUSDT,0.00137500,0.03074,2135.6364,1774040019633
binance,gate,FUNUSDT,0.00137500,0.03074,2135.6364,1774040019934
binance,gate,FUNUSDT,0.00137500,0.03074,2135.6364,1774040020234
binance,gate,FUNUSDT,0.00137500,0.03074,2135.6364,1774040020537
binance,gate,FUNUSDT,0.00137500,0.03074,2135.6364,1774040020837
binance,gate,FUNUSDT,0.00137500,0.03074,2135.6364,1774040021138
binance,gate,FUNUSDT,0.00137500,0.03074,2135.6364,1774040021439
binance,gate,FUNUSDT,0.00137500,0.03074,2135.6364,1774040021739
binance,gate,FUNUSDT,0.00137500,0.03074,2135.6364,1774040022039
binance,gate,FUNUSDT,0.00137500,0.03074,2135.6364,1774040022340
binance,gate,FUNUSDT,0.00137500,0.03074,2135.6364,1774040022640
binance,gate,FUNUSDT,0.00137500,0.03074,2135.6364,1774040022940
binance,gate,FUNUSDT,0.00137500,0.03074,2135.6364,1774040023241
binance,gate,FUNUSDT,0.00137500,0.03074,2135.6364,1774040023541
binance,gate,FUNUSDT,0.00137500,0.03074,2135.6364,1774040023841
binance,gate,FUNUSDT,0.00137500,0.03074,2135.6364,1774040024141
binance,gate,FUNUSDT,0.00137500,0.03074,2135.6364,1774040024442
binance,gate,FUNUSDT,0.00137500,0.03074,2135.6364,1774040024742
binance,gate,FUNUSDT,0.00137500,0.03074,2135.6364,1774040025042
binance,gate,FUNUSDT,0.00137500,0.03074,2135.6364,1774040025342
binance,gate,FUNUSDT,0.00137500,0.03074,2135.6364,1774040025642
binance,gate,FUNUSDT,0.00137500,0.03074,2135.6364,1774040025942
binance,gate,FUNUSDT,0.00137500,0.03074,2135.6364,1774040026243
binance,gate,FUNUSDT,0.00137500,0.03074,2135.6364,1774040026543
binance,gate,FUNUSDT,0.00137500,0.03074,2135.6364,1774040026843
binance,gate,FUNUSDT,0.00137500,0.03074,2135.6364,1774040027143
binance,gate,FUNUSDT,0.00137500,0.03074,2135.6364,1774040027444
binance,gate,FUNUSDT,0.00137500,0.03074,2135.6364,1774040027744
binance,gate,FUNUSDT,0.00137500,0.03074,2135.6364,1774040028044
binance,gate,FUNUSDT,0.00137500,0.03074,2135.6364,1774040028344
binance,gate,FUNUSDT,0.00137500,0.03074,2135.6364,1774040028645
binance,gate,FUNUSDT,0.00137500,0.03074,2135.6364,1774040028946
binance,gate,FUNUSDT,0.00137500,0.03074,2135.6364,1774040029246
binance,gate,FUNUSDT,0.00137500,0.03074,2135.6364,1774040029546
binance,gate,FUNUSDT,0.00137500,0.03074,2135.6364,1774040029846
binance,gate,FUNUSDT,0.00137500,0.03074,2135.6364,1774040030147
binance,gate,FUNUSDT,0.00137500,0.03074,2135.6364,1774040030447
binance,gate,FUNUSDT,0.00137500,0.03074,2135.6364,1774040030747
binance,gate,FUNUSDT,0.00137500,0.03074,2135.6364,1774040031047
binance,gate,FUNUSDT,0.00137500,0.03074,2135.6364,1774040031347
binance,gate,FUNUSDT,0.00137500,0.03074,2135.6364,1774040031647
binance,gate,FUNUSDT,0.00137500,0.03074,2135.6364,1774040031948
binance,gate,FUNUSDT,0.00137500,0.03074,2135.6364,1774040032248
binance,gate,FUNUSDT,0.00137500,0.03074,2135.6364,1774040032549
binance,gate,FUNUSDT,0.00137500,0.03074,2135.6364,1774040032849
binance,gate,FUNUSDT,0.00137500,0.03074,2135.6364,1774040033149
binance,gate,FUNUSDT,0.00137500,0.03074,2135.6364,1774040033450
binance,gate,FUNUSDT,0.00137500,0.03074,2135.6364,1774040033750
binance,gate,FUNUSDT,0.00137500,0.03074,2135.6364,1774040034050
binance,gate,FUNUSDT,0.00137500,0.03074,2135.6364,1774040034350
binance,gate,FUNUSDT,0.00137500,0.03074,2135.6364,1774040034651
binance,gate,FUNUSDT,0.00137500,0.03074,2135.6364,1774040034951
binance,gate,FUNUSDT,0.00137500,0.03074,2135.6364,1774040035252
binance,gate,FUNUSDT,0.00137500,0.03074,2135.6364,1774040035552
binance,gate,FUNUSDT,0.00137500,0.03074,2135.6364,1774040035852
binance,gate,FUNUSDT,0.00137500,0.03074,2135.6364,1774040036153
binance,gate,FUNUSDT,0.00137500,0.03074,2135.6364,1774040036453
binance,gate,FUNUSDT,0.00137500,0.03074,2135.6364,1774040036753
binance,gate,FUNUSDT,0.00137500,0.03074,2135.6364,1774040037053
binance,gate,FUNUSDT,0.00137500,0.03074,2135.6364,1774040037354
binance,gate,FUNUSDT,0.00137500,0.03074,2135.6364,1774040037654
binance,gate,FUNUSDT,0.00137500,0.03074,2135.6364,1774040037954
binance,gate,FUNUSDT,0.00137500,0.03074,2135.6364,1774040038255
binance,gate,FUNUSDT,0.00137500,0.03074,2135.6364,1774040038555
binance,gate,FUNUSDT,0.00137500,0.03074,2135.6364,1774040038855
binance,gate,FUNUSDT,0.00137500,0.03074,2135.6364,1774040039156
binance,gate,FUNUSDT,0.00137500,0.03074,2135.6364,1774040039456
binance,gate,FUNUSDT,0.00137500,0.03074,2135.6364,1774040039757
binance,gate,FUNUSDT,0.00137500,0.03074,2135.6364,1774040040057
binance,gate,FUNUSDT,0.00137500,0.03074,2135.6364,1774040040357
binance,gate,FUNUSDT,0.00137500,0.03074,2135.6364,1774040040657
binance,gate,FUNUSDT,0.00137500,0.03074,2135.6364,1774040040957
binance,gate,FUNUSDT,0.00137500,0.03074,2135.6364,1774040041258
binance,gate,FUNUSDT,0.00137500,0.03074,2135.6364,1774040041558
binance,gate,FUNUSDT,0.00137500,0.03074,2135.6364,1774040041859
binance,gate,FUNUSDT,0.00137500,0.03074,2135.6364,1774040042159
binance,gate,FUNUSDT,0.00137500,0.03074,2135.6364,1774040042459
binance,gate,FUNUSDT,0.00137500,0.03074,2135.6364,1774040042760
binance,gate,FUNUSDT,0.00137500,0.03074,2135.6364,1774040043060
binance,gate,FUNUSDT,0.00137500,0.03074,2135.6364,1774040043360
binance,gate,FUNUSDT,0.00137500,0.03074,2135.6364,1774040043660
binance,gate,FUNUSDT,0.00137500,0.03074,2135.6364,1774040043961
binance,gate,FUNUSDT,0.00137500,0.03074,2135.6364,1774040044261
binance,gate,FUNUSDT,0.00137500,0.03074,2135.6364,1774040044561
binance,gate,FUNUSDT,0.00137500,0.03074,2135.6364,1774040044861
binance,gate,FUNUSDT,0.00137500,0.03074,2135.6364,1774040045161
binance,gate,FUNUSDT,0.00137500,0.03074,2135.6364,1774040045462
binance,gate,FUNUSDT,0.00137500,0.03074,2135.6364,1774040045763
binance,gate,FUNUSDT,0.00137500,0.03074,2135.6364,1774040046063
binance,gate,FUNUSDT,0.00137500,0.03074,2135.6364,1774040046363
binance,gate,FUNUSDT,0.00137500,0.03074,2135.6364,1774040046663
binance,gate,FUNUSDT,0.00137500,0.03074,2135.6364,1774040046964
binance,gate,FUNUSDT,0.00137500,0.03074,2135.6364,1774040047265
binance,gate,FUNUSDT,0.00137500,0.03074,2135.6364,1774040047565
binance,gate,FUNUSDT,0.00137500,0.03074,2135.6364,1774040047865
binance,gate,FUNUSDT,0.00137500,0.03074,2135.6364,1774040048166
binance,gate,FUNUSDT,0.00137500,0.03074,2135.6364,1774040048466
binance,gate,FUNUSDT,0.00137500,0.03074,2135.6364,1774040048766
binance,gate,FUNUSDT,0.00137500,0.03074,2135.6364,1774040049066
binance,gate,FUNUSDT,0.00137500,0.03074,2135.6364,1774040049366
binance,gate,FUNUSDT,0.00137500,0.03074,2135.6364,1774040049667
binance,gate,FUNUSDT,0.00137500,0.03074,2135.6364,1774040049967
binance,gate,FUNUSDT,0.00137500,0.03074,2135.6364,1774040050267
binance,gate,FUNUSDT,0.00137500,0.03074,2135.6364,1774040050568
binance,gate,FUNUSDT,0.00137500,0.03074,2135.6364,1774040050868
binance,gate,FUNUSDT,0.00137500,0.03074,2135.6364,1774040051168
binance,gate,FUNUSDT,0.00137500,0.03074,2135.6364,1774040051469
binance,gate,FUNUSDT,0.00137500,0.03074,2135.6364,1774040051769
binance,gate,FUNUSDT,0.00137500,0.03074,2135.6364,1774040052069
binance,gate,FUNUSDT,0.00137500,0.03074,2135.6364,1774040052370
binance,gate,FUNUSDT,0.00137500,0.03074,2135.6364,1774040052670
binance,gate,FUNUSDT,0.00137500,0.03074,2135.6364,1774040052970
binance,gate,FUNUSDT,0.00137500,0.03074,2135.6364,1774040053271
binance,gate,FUNUSDT,0.00137500,0.03074,2135.6364,1774040053571
binance,gate,FUNUSDT,0.00137500,0.03074,2135.6364,1774040053871
binance,gate,FUNUSDT,0.00137500,0.03074,2135.6364,1774040054171
binance,gate,FUNUSDT,0.00137500,0.03074,2135.6364,1774040054471
binance,gate,FUNUSDT,0.00137500,0.03074,2135.6364,1774040054771
binance,gate,FUNUSDT,0.00137500,0.03074,2135.6364,1774040055071
binance,gate,FUNUSDT,0.00137500,0.03074,2135.6364,1774040055372
binance,gate,FUNUSDT,0.00137500,0.03074,2135.6364,1774040055672
binance,gate,FUNUSDT,0.00137500,0.03074,2135.6364,1774040055972
binance,gate,FUNUSDT,0.00137500,0.03074,2135.6364,1774040056272
binance,gate,FUNUSDT,0.00137500,0.03074,2135.6364,1774040056573
binance,gate,FUNUSDT,0.00137500,0.03074,2135.6364,1774040056873
binance,gate,FUNUSDT,0.00137500,0.03074,2135.6364,1774040057173
binance,gate,FUNUSDT,0.00137500,0.03074,2135.6364,1774040057473
binance,gate,FUNUSDT,0.00137500,0.03074,2135.6364,1774040057773
binance,gate,FUNUSDT,0.00137500,0.03074,2135.6364,1774040058074
binance,gate,FUNUSDT,0.00137500,0.03074,2135.6364,1774040058374
binance,gate,FUNUSDT,0.00137500,0.03074,2135.6364,1774040058674
binance,gate,FUNUSDT,0.00137500,0.03074,2135.6364,1774040058975
binance,gate,FUNUSDT,0.00137500,0.03074,2135.6364,1774040059275
binance,gate,FUNUSDT,0.00137500,0.03074,2135.6364,1774040059575
binance,gate,FUNUSDT,0.00137500,0.03074,2135.6364,1774040059876
binance,gate,FUNUSDT,0.00137500,0.03074,2135.6364,1774040060176
binance,gate,FUNUSDT,0.00137500,0.03074,2135.6364,1774040060476
binance,gate,FUNUSDT,0.00137500,0.03074,2135.6364,1774040060777
binance,gate,FUNUSDT,0.00137500,0.03074,2135.6364,1774040061077
binance,gate,FUNUSDT,0.00137500,0.03074,2135.6364,1774040061378
binance,gate,FUNUSDT,0.00137500,0.03074,2135.6364,1774040061679
binance,gate,FUNUSDT,0.00137500,0.03074,2135.6364,1774040061979
binance,gate,FUNUSDT,0.00137500,0.03074,2135.6364,1774040062280
binance,gate,FUNUSDT,0.00137500,0.03074,2135.6364,1774040062580
binance,gate,FUNUSDT,0.00137500,0.03074,2135.6364,1774040062880
binance,gate,FUNUSDT,0.00137500,0.03074,2135.6364,1774040063180
binance,gate,FUNUSDT,0.00137500,0.03074,2135.6364,1774040063481
binance,gate,FUNUSDT,0.00137500,0.03074,2135.6364,1774040063782
binance,gate,FUNUSDT,0.00137500,0.03074,2135.6364,1774040064082
binance,gate,FUNUSDT,0.00137500,0.03074,2135.6364,1774040064382
binance,gate,FUNUSDT,0.00137500,0.03074,2135.6364,1774040064683
binance,gate,FUNUSDT,0.00137500,0.03074,2135.6364,1774040064983
binance,gate,FUNUSDT,0.00137500,0.03074,2135.6364,1774040065283
binance,gate,FUNUSDT,0.00137500,0.03074,2135.6364,1774040065583
binance,gate,FUNUSDT,0.00137500,0.03074,2135.6364,1774040065884
binance,gate,FUNUSDT,0.00137500,0.03074,2135.6364,1774040066184
binance,gate,FUNUSDT,0.00137500,0.03074,2135.6364,1774040066484
binance,gate,FUNUSDT,0.00137500,0.03074,2135.6364,1774040066784
binance,gate,FUNUSDT,0.00137500,0.03074,2135.6364,1774040067085
binance,gate,FUNUSDT,0.00137500,0.03074,2135.6364,1774040067385
binance,gate,FUNUSDT,0.00137500,0.03074,2135.6364,1774040067685
binance,gate,FUNUSDT,0.00137500,0.03074,2135.6364,1774040067985
binance,gate,FUNUSDT,0.00137500,0.03074,2135.6364,1774040068286
binance,gate,FUNUSDT,0.00137500,0.03074,2135.6364,1774040068587
binance,gate,FUNUSDT,0.00137500,0.03074,2135.6364,1774040068888
binance,gate,FUNUSDT,0.00137500,0.03074,2135.6364,1774040069188
binance,gate,FUNUSDT,0.00137500,0.03074,2135.6364,1774040069488
binance,gate,FUNUSDT,0.00137500,0.03074,2135.6364,1774040069789
binance,gate,FUNUSDT,0.00137500,0.03074,2135.6364,1774040070089
binance,gate,FUNUSDT,0.00137500,0.03074,2135.6364,1774040070389
binance,gate,FUNUSDT,0.00137500,0.03074,2135.6364,1774040070690
binance,gate,FUNUSDT,0.00137500,0.03074,2135.6364,1774040070990
binance,gate,FUNUSDT,0.00137500,0.03074,2135.6364,1774040071290
binance,gate,FUNUSDT,0.00137500,0.03074,2135.6364,1774040071591
binance,gate,FUNUSDT,0.00137500,0.03074,2135.6364,1774040071892
binance,gate,FUNUSDT,0.00137500,0.03074,2135.6364,1774040072192
binance,gate,FUNUSDT,0.00137500,0.03074,2135.6364,1774040072493
binance,gate,FUNUSDT,0.00137500,0.03074,2135.6364,1774040072793
binance,gate,FUNUSDT,0.00137500,0.03074,2135.6364,1774040073093
binance,gate,FUNUSDT,0.00137500,0.03074,2135.6364,1774040073393
binance,gate,FUNUSDT,0.00137500,0.03074,2135.6364,1774040073694
binance,gate,FUNUSDT,0.00137500,0.03074,2135.6364,1774040073994
binance,gate,FUNUSDT,0.00137500,0.03074,2135.6364,1774040074295
binance,gate,FUNUSDT,0.00137500,0.03074,2135.6364,1774040074595
binance,gate,FUNUSDT,0.00137500,0.03074,2135.6364,1774040074896
binance,gate,FUNUSDT,0.00137500,0.03074,2135.6364,1774040075196
binance,gate,FUNUSDT,0.00137500,0.03074,2135.6364,1774040075496
binance,gate,FUNUSDT,0.00137500,0.03074,2135.6364,1774040075797
binance,gate,FUNUSDT,0.00137500,0.03074,2135.6364,1774040076100
binance,gate,FUNUSDT,0.00137500,0.03074,2135.6364,1774040076401
binance,gate,FUNUSDT,0.00137500,0.03074,2135.6364,1774040076701
binance,gate,FUNUSDT,0.00137500,0.03074,2135.6364,1774040077001
binance,gate,FUNUSDT,0.00137500,0.03074,2135.6364,1774040077301
binance,gate,FUNUSDT,0.00137500,0.03074,2135.6364,1774040077602
binance,gate,FUNUSDT,0.00137500,0.03074,2135.6364,1774040077902
binance,gate,FUNUSDT,0.00137500,0.03074,2135.6364,1774040078202
binance,gate,FUNUSDT,0.00137500,0.03074,2135.6364,1774040078502
binance,gate,FUNUSDT,0.00137500,0.03074,2135.6364,1774040078803
binance,gate,FUNUSDT,0.00137500,0.03074,2135.6364,1774040079103
binance,gate,FUNUSDT,0.00137500,0.03074,2135.6364,1774040079404
binance,gate,FUNUSDT,0.00137500,0.03074,2135.6364,1774040079704
binance,gate,FUNUSDT,0.00137500,0.03074,2135.6364,1774040080004
binance,gate,FUNUSDT,0.00137500,0.03074,2135.6364,1774040080304
binance,gate,FUNUSDT,0.00137500,0.03074,2135.6364,1774040080605
binance,gate,FUNUSDT,0.00137500,0.03074,2135.6364,1774040080905
binance,gate,FUNUSDT,0.00137500,0.03074,2135.6364,1774040081205
binance,gate,FUNUSDT,0.00137500,0.03074,2135.6364,1774040081505
binance,gate,FUNUSDT,0.00137500,0.03074,2135.6364,1774040081806
binance,gate,FUNUSDT,0.00137500,0.03074,2135.6364,1774040082107
binance,gate,FUNUSDT,0.00137500,0.03074,2135.6364,1774040082408
binance,gate,FUNUSDT,0.00137500,0.03074,2135.6364,1774040082708
binance,gate,FUNUSDT,0.00137500,0.03074,2135.6364,1774040083008
binance,gate,FUNUSDT,0.00137500,0.03074,2135.6364,1774040083308
binance,gate,FUNUSDT,0.00137500,0.03074,2135.6364,1774040083609
binance,gate,FUNUSDT,0.00137500,0.03074,2135.6364,1774040083909
binance,gate,FUNUSDT,0.00137500,0.03074,2135.6364,1774040084209
binance,gate,FUNUSDT,0.00137500,0.03074,2135.6364,1774040084510
binance,gate,FUNUSDT,0.00137500,0.03074,2135.6364,1774040084810
binance,gate,FUNUSDT,0.00137500,0.03074,2135.6364,1774040085111
binance,gate,FUNUSDT,0.00137500,0.03074,2135.6364,1774040085411
binance,gate,FUNUSDT,0.00137500,0.03074,2135.6364,1774040085711
binance,gate,FUNUSDT,0.00137500,0.03074,2135.6364,1774040086013
binance,gate,FUNUSDT,0.00137500,0.03074,2135.6364,1774040086313
binance,gate,FUNUSDT,0.00137500,0.03074,2135.6364,1774040086614
binance,gate,FUNUSDT,0.00137500,0.03074,2135.6364,1774040086914
binance,gate,FUNUSDT,0.00137500,0.03074,2135.6364,1774040087215
binance,gate,FUNUSDT,0.00137500,0.03074,2135.6364,1774040087515
binance,gate,FUNUSDT,0.00137500,0.03074,2135.6364,1774040087816
binance,gate,FUNUSDT,0.00137500,0.03074,2135.6364,1774040088116
binance,gate,FUNUSDT,0.00137500,0.03074,2135.6364,1774040088416
binance,gate,FUNUSDT,0.00137500,0.03074,2135.6364,1774040088717
binance,gate,FUNUSDT,0.00137500,0.03074,2135.6364,1774040089017
binance,gate,FUNUSDT,0.00137500,0.03074,2135.6364,1774040089318
binance,gate,FUNUSDT,0.00137500,0.03074,2135.6364,1774040089619
binance,gate,FUNUSDT,0.00137500,0.03074,2135.6364,1774040089920
binance,gate,FUNUSDT,0.00137500,0.03074,2135.6364,1774040090220
binance,gate,FUNUSDT,0.00137500,0.03074,2135.6364,1774040090520
binance,gate,FUNUSDT,0.00137500,0.03074,2135.6364,1774040090820
binance,gate,FUNUSDT,0.00137500,0.03074,2135.6364,1774040091121
binance,gate,FUNUSDT,0.00137500,0.03074,2135.6364,1774040091421
binance,gate,FUNUSDT,0.00137500,0.03074,2135.6364,1774040091721
binance,gate,FUNUSDT,0.00137500,0.03074,2135.6364,1774040092021
binance,gate,FUNUSDT,0.00137500,0.03074,2135.6364,1774040092321
binance,gate,FUNUSDT,0.00137500,0.03074,2135.6364,1774040092622
binance,gate,FUNUSDT,0.00137500,0.03074,2135.6364,1774040092922
binance,gate,FUNUSDT,0.00137500,0.03074,2135.6364,1774040093222
binance,gate,FUNUSDT,0.00137500,0.03074,2135.6364,1774040093523
binance,gate,FUNUSDT,0.00137500,0.03074,2135.6364,1774040093823
binance,gate,FUNUSDT,0.00137500,0.03074,2135.6364,1774040094123
binance,gate,FUNUSDT,0.00137500,0.03074,2135.6364,1774040094424
binance,gate,FUNUSDT,0.00137500,0.03074,2135.6364,1774040094724
binance,gate,FUNUSDT,0.00137500,0.03074,2135.6364,1774040095024
binance,gate,FUNUSDT,0.00137500,0.03074,2135.6364,1774040095324
binance,gate,FUNUSDT,0.00137500,0.03074,2135.6364,1774040095625
binance,gate,FUNUSDT,0.00137500,0.03074,2135.6364,1774040095925
binance,gate,FUNUSDT,0.00137500,0.03074,2135.6364,1774040096225
binance,gate,FUNUSDT,0.00137500,0.03074,2135.6364,1774040096526
binance,gate,FUNUSDT,0.00137500,0.03074,2135.6364,1774040096826
binance,gate,FUNUSDT,0.00137500,0.03074,2135.6364,1774040097127
binance,gate,FUNUSDT,0.00137500,0.03074,2135.6364,1774040097427
binance,gate,FUNUSDT,0.00137500,0.03074,2135.6364,1774040097727
binance,gate,FUNUSDT,0.00137500,0.03074,2135.6364,1774040098028
binance,gate,FUNUSDT,0.00137500,0.03074,2135.6364,1774040098328
binance,gate,FUNUSDT,0.00137500,0.03074,2135.6364,1774040098628
binance,gate,FUNUSDT,0.00137500,0.03074,2135.6364,1774040098928
binance,gate,FUNUSDT,0.00137500,0.03074,2135.6364,1774040099229
binance,gate,FUNUSDT,0.00137500,0.03074,2135.6364,1774040099529
binance,gate,FUNUSDT,0.00137500,0.03074,2135.6364,1774040099829
binance,gate,FUNUSDT,0.00137500,0.03074,2135.6364,1774040100129
binance,gate,FUNUSDT,0.00137500,0.03074,2135.6364,1774040100429
binance,gate,FUNUSDT,0.00137500,0.03074,2135.6364,1774040100730
binance,gate,FUNUSDT,0.00137500,0.03074,2135.6364,1774040101030
binance,gate,FUNUSDT,0.00137500,0.03074,2135.6364,1774040101330
binance,gate,FUNUSDT,0.00137500,0.03074,2135.6364,1774040101630
binance,gate,FUNUSDT,0.00137500,0.03074,2135.6364,1774040101930
binance,gate,FUNUSDT,0.00137500,0.03074,2135.6364,1774040102232
binance,gate,FUNUSDT,0.00137400,0.03074,2137.2635,1774040102533
binance,gate,FUNUSDT,0.00137400,0.03074,2137.2635,1774040102833
binance,gate,FUNUSDT,0.00137400,0.03074,2137.2635,1774040103133
binance,gate,FUNUSDT,0.00137400,0.03074,2137.2635,1774040103433
binance,gate,FUNUSDT,0.00137400,0.03074,2137.2635,1774040103733
binance,gate,FUNUSDT,0.00137400,0.03074,2137.2635,1774040104033
binance,gate,FUNUSDT,0.00137400,0.03074,2137.2635,1774040104333
binance,gate,FUNUSDT,0.00137400,0.03074,2137.2635,1774040104633
binance,gate,FUNUSDT,0.00137400,0.03074,2137.2635,1774040104934
binance,gate,FUNUSDT,0.00137400,0.03074,2137.2635,1774040105234
binance,gate,FUNUSDT,0.00137400,0.03074,2137.2635,1774040105534
binance,gate,FUNUSDT,0.00137400,0.03074,2137.2635,1774040105834
binance,gate,FUNUSDT,0.00137400,0.03074,2137.2635,1774040106135
binance,gate,FUNUSDT,0.00137400,0.03074,2137.2635,1774040106435
binance,gate,FUNUSDT,0.00137400,0.03074,2137.2635,1774040106736
binance,gate,FUNUSDT,0.00137400,0.03074,2137.2635,1774040107036
binance,gate,FUNUSDT,0.00137400,0.03074,2137.2635,1774040107336
binance,gate,FUNUSDT,0.00137400,0.03074,2137.2635,1774040107637
binance,gate,FUNUSDT,0.00137400,0.03074,2137.2635,1774040107937
binance,gate,FUNUSDT,0.00137400,0.03074,2137.2635,1774040108237
binance,gate,FUNUSDT,0.00137400,0.03074,2137.2635,1774040108538
binance,gate,FUNUSDT,0.00137400,0.03074,2137.2635,1774040108838
binance,gate,FUNUSDT,0.00137400,0.03074,2137.2635,1774040109139
binance,gate,FUNUSDT,0.00137400,0.03074,2137.2635,1774040109439
binance,gate,FUNUSDT,0.00137500,0.03074,2135.6364,1774040109739
binance,gate,FUNUSDT,0.00137500,0.03074,2135.6364,1774040110039
binance,gate,FUNUSDT,0.00137500,0.03074,2135.6364,1774040110340
binance,gate,FUNUSDT,0.00137500,0.03074,2135.6364,1774040110640
binance,gate,FUNUSDT,0.00137500,0.03074,2135.6364,1774040110940
binance,gate,FUNUSDT,0.00137500,0.03074,2135.6364,1774040111240
binance,gate,FUNUSDT,0.00137500,0.03074,2135.6364,1774040111540
binance,gate,FUNUSDT,0.00137500,0.03074,2135.6364,1774040111841
binance,gate,FUNUSDT,0.00137500,0.03074,2135.6364,1774040112141
binance,gate,FUNUSDT,0.00137500,0.03074,2135.6364,1774040112442
binance,gate,FUNUSDT,0.00137500,0.03074,2135.6364,1774040112742
binance,gate,FUNUSDT,0.00137500,0.03074,2135.6364,1774040113042
binance,gate,FUNUSDT,0.00137500,0.03074,2135.6364,1774040113343
binance,gate,FUNUSDT,0.00137500,0.03074,2135.6364,1774040113643
binance,gate,FUNUSDT,0.00137500,0.03074,2135.6364,1774040113944
binance,gate,FUNUSDT,0.00137500,0.03074,2135.6364,1774040114244
binance,gate,FUNUSDT,0.00137500,0.03074,2135.6364,1774040114544
binance,gate,FUNUSDT,0.00137500,0.03074,2135.6364,1774040114845
binance,gate,FUNUSDT,0.00137500,0.03074,2135.6364,1774040115145
binance,gate,FUNUSDT,0.00137500,0.03074,2135.6364,1774040115445
binance,gate,FUNUSDT,0.00137500,0.03074,2135.6364,1774040115745
binance,gate,FUNUSDT,0.00137500,0.03074,2135.6364,1774040116046
binance,gate,FUNUSDT,0.00137500,0.03074,2135.6364,1774040116346
binance,gate,FUNUSDT,0.00137500,0.03074,2135.6364,1774040116646
binance,gate,FUNUSDT,0.00137500,0.03074,2135.6364,1774040116947
binance,gate,FUNUSDT,0.00137500,0.03074,2135.6364,1774040117247
binance,gate,FUNUSDT,0.00137500,0.03074,2135.6364,1774040117547
binance,gate,FUNUSDT,0.00137500,0.03074,2135.6364,1774040117847
binance,gate,FUNUSDT,0.00137500,0.03074,2135.6364,1774040118147
binance,gate,FUNUSDT,0.00137500,0.03074,2135.6364,1774040118448
binance,gate,FUNUSDT,0.00137500,0.03074,2135.6364,1774040118748
binance,gate,FUNUSDT,0.00137500,0.03074,2135.6364,1774040119048
binance,gate,FUNUSDT,0.00137500,0.03074,2135.6364,1774040119348
binance,gate,FUNUSDT,0.00137500,0.03074,2135.6364,1774040119649
binance,gate,FUNUSDT,0.00137500,0.03074,2135.6364,1774040119949
binance,gate,FUNUSDT,0.00137500,0.03074,2135.6364,1774040120250
binance,gate,FUNUSDT,0.00137500,0.03074,2135.6364,1774040120550
binance,gate,FUNUSDT,0.00137500,0.03074,2135.6364,1774040120850
binance,gate,FUNUSDT,0.00137500,0.03074,2135.6364,1774040121151
binance,gate,FUNUSDT,0.00137500,0.03074,2135.6364,1774040121451
binance,gate,FUNUSDT,0.00137500,0.03074,2135.6364,1774040121751
binance,gate,FUNUSDT,0.00137500,0.03074,2135.6364,1774040122052
binance,gate,FUNUSDT,0.00137500,0.03074,2135.6364,1774040122352
binance,gate,FUNUSDT,0.00137500,0.03074,2135.6364,1774040122652
binance,gate,FUNUSDT,0.00137500,0.03074,2135.6364,1774040122952
binance,gate,FUNUSDT,0.00137500,0.03074,2135.6364,1774040123252
binance,gate,FUNUSDT,0.00137500,0.03074,2135.6364,1774040123552
binance,gate,FUNUSDT,0.00137500,0.03074,2135.6364,1774040123853
binance,gate,FUNUSDT,0.00137500,0.03074,2135.6364,1774040124154
binance,gate,FUNUSDT,0.00137500,0.03074,2135.6364,1774040124455
binance,gate,FUNUSDT,0.00137500,0.03074,2135.6364,1774040124755
binance,gate,FUNUSDT,0.00137500,0.03074,2135.6364,1774040125055
binance,gate,FUNUSDT,0.00137500,0.03074,2135.6364,1774040125356
binance,gate,FUNUSDT,0.00137500,0.03074,2135.6364,1774040125656
binance,gate,FUNUSDT,0.00137500,0.03074,2135.6364,1774040125957
binance,gate,FUNUSDT,0.00137500,0.03074,2135.6364,1774040126257
binance,gate,FUNUSDT,0.00137500,0.03074,2135.6364,1774040126557
binance,gate,FUNUSDT,0.00137500,0.03074,2135.6364,1774040126858
binance,gate,FUNUSDT,0.00137500,0.03074,2135.6364,1774040127158
binance,gate,FUNUSDT,0.00137500,0.03074,2135.6364,1774040127459
binance,gate,FUNUSDT,0.00137500,0.03074,2135.6364,1774040127759
binance,gate,FUNUSDT,0.00137500,0.03074,2135.6364,1774040128060
binance,gate,FUNUSDT,0.00137500,0.03074,2135.6364,1774040128360
binance,gate,FUNUSDT,0.00137500,0.03074,2135.6364,1774040128661
binance,gate,FUNUSDT,0.00137500,0.03074,2135.6364,1774040128961
binance,gate,FUNUSDT,0.00137500,0.03074,2135.6364,1774040129262
binance,gate,FUNUSDT,0.00137500,0.03074,2135.6364,1774040129562
binance,gate,FUNUSDT,0.00137500,0.03074,2135.6364,1774040129862
binance,gate,FUNUSDT,0.00137500,0.03074,2135.6364,1774040130163
binance,gate,FUNUSDT,0.00137500,0.03074,2135.6364,1774040130463
binance,gate,FUNUSDT,0.00137500,0.03074,2135.6364,1774040130763
binance,gate,FUNUSDT,0.00137500,0.03074,2135.6364,1774040131064
binance,gate,FUNUSDT,0.00137500,0.03074,2135.6364,1774040131364
binance,gate,FUNUSDT,0.00137500,0.03074,2135.6364,1774040131664
binance,gate,FUNUSDT,0.00137500,0.03074,2135.6364,1774040131964
binance,gate,FUNUSDT,0.00137500,0.03074,2135.6364,1774040132264
binance,gate,FUNUSDT,0.00137500,0.03074,2135.6364,1774040132565
binance,gate,FUNUSDT,0.00137500,0.03074,2135.6364,1774040132865
binance,gate,FUNUSDT,0.00137500,0.03074,2135.6364,1774040133165
binance,gate,FUNUSDT,0.00137500,0.03074,2135.6364,1774040133466
binance,gate,FUNUSDT,0.00137500,0.03074,2135.6364,1774040133766
binance,gate,FUNUSDT,0.00137500,0.03074,2135.6364,1774040134066
binance,gate,FUNUSDT,0.00137500,0.03074,2135.6364,1774040134366
binance,gate,FUNUSDT,0.00137500,0.03074,2135.6364,1774040134666
binance,gate,FUNUSDT,0.00137500,0.03074,2135.6364,1774040134967
binance,gate,FUNUSDT,0.00137500,0.03074,2135.6364,1774040135267
binance,gate,FUNUSDT,0.00137500,0.03074,2135.6364,1774040135567
binance,gate,FUNUSDT,0.00137500,0.03074,2135.6364,1774040135867
binance,gate,FUNUSDT,0.00137500,0.03074,2135.6364,1774040136167
