spot_exch,fut_exch,symbol,ask_spot,bid_futures,spread_pct,ts
bybit,gate,ESUSDT,0.13738,0.13852,0.8298,1774036580000
bybit,gate,ESUSDT,0.13732,0.13851,0.8666,1774036715000
bybit,gate,ESUSDT,0.13739,0.13856,0.8516,1774036724000
bybit,gate,ESUSDT,0.13739,0.13865,0.9171,1774036789000
bybit,gate,ESUSDT,0.13739,0.13861,0.888,1774036796000
bybit,gate,ESUSDT,0.13739,0.13864,0.9098,1774036805000
bybit,gate,ESUSDT,0.13739,0.13873,0.9753,1774036809000
bybit,gate,ESUSDT,0.13739,0.13876,0.9972,1774036810000
bybit,gate,ESUSDT,0.13739,0.13876,0.9972,1774036812000
bybit,gate,ESUSDT,0.13739,0.13866,0.9244,1774036817000
bybit,gate,ESUSDT,0.13739,0.13867,0.9317,1774036822000
bybit,gate,ESUSDT,0.13739,0.13867,0.9317,1774036826000
bybit,gate,ESUSDT,0.13744,0.13859,0.8367,1774037117000
bybit,gate,ESUSDT,0.1377,0.13859,0.6463,1774037167000
bybit,gate,ESUSDT,0.13815,0.13865,0.3619,1774037168000
bybit,gate,ESUSDT,0.13787,0.13907,0.8704,1774037177000
bybit,gate,ESUSDT,0.13787,0.13925,1.0009,1774037177470
bybit,gate,ESUSDT,0.13787,0.13912,0.9067,1774037177770
bybit,gate,ESUSDT,0.13787,0.13912,0.9067,1774037178071
bybit,gate,ESUSDT,0.13787,0.13912,0.9067,1774037178371
bybit,gate,ESUSDT,0.13787,0.13912,0.9067,1774037178671
bybit,gate,ESUSDT,0.13787,0.13909,0.8849,1774037178972
bybit,gate,ESUSDT,0.13787,0.13911,0.8994,1774037179272
bybit,gate,ESUSDT,0.13787,0.13915,0.9284,1774037179572
bybit,gate,ESUSDT,0.13787,0.13915,0.9284,1774037179875
bybit,gate,ESUSDT,0.13787,0.13915,0.9284,1774037180175
bybit,gate,ESUSDT,0.13787,0.13915,0.9284,1774037180476
bybit,gate,ESUSDT,0.13787,0.13915,0.9284,1774037180776
bybit,gate,ESUSDT,0.13787,0.13915,0.9284,1774037181076
bybit,gate,ESUSDT,0.13787,0.13915,0.9284,1774037181377
bybit,gate,ESUSDT,0.13787,0.13915,0.9284,1774037181677
bybit,gate,ESUSDT,0.13787,0.13915,0.9284,1774037181977
bybit,gate,ESUSDT,0.13787,0.13915,0.9284,1774037182277
bybit,gate,ESUSDT,0.13787,0.13915,0.9284,1774037182578
bybit,gate,ESUSDT,0.13787,0.13917,0.9429,1774037182878
bybit,gate,ESUSDT,0.13787,0.13917,0.9429,1774037183179
bybit,gate,ESUSDT,0.13787,0.13917,0.9429,1774037183479
bybit,gate,ESUSDT,0.13787,0.13917,0.9429,1774037183779
bybit,gate,ESUSDT,0.13787,0.13917,0.9429,1774037184079
bybit,gate,ESUSDT,0.13787,0.13917,0.9429,1774037184380
bybit,gate,ESUSDT,0.13787,0.13917,0.9429,1774037184680
bybit,gate,ESUSDT,0.13787,0.13917,0.9429,1774037184981
bybit,gate,ESUSDT,0.13787,0.13918,0.9502,1774037185282
bybit,gate,ESUSDT,0.13787,0.13913,0.9139,1774037185582
bybit,gate,ESUSDT,0.13787,0.13913,0.9139,1774037185883
bybit,gate,ESUSDT,0.13787,0.13913,0.9139,1774037186183
bybit,gate,ESUSDT,0.13787,0.13913,0.9139,1774037186484
bybit,gate,ESUSDT,0.13787,0.13913,0.9139,1774037186784
bybit,gate,ESUSDT,0.13787,0.13913,0.9139,1774037187084
bybit,gate,ESUSDT,0.13787,0.13913,0.9139,1774037187385
bybit,gate,ESUSDT,0.13787,0.13913,0.9139,1774037187685
bybit,gate,ESUSDT,0.13787,0.13913,0.9139,1774037187985
bybit,gate,ESUSDT,0.13787,0.13913,0.9139,1774037188286
bybit,gate,ESUSDT,0.13787,0.13913,0.9139,1774037188587
bybit,gate,ESUSDT,0.13787,0.13913,0.9139,1774037188887
bybit,gate,ESUSDT,0.13829,0.13927,0.7087,1774037189187
bybit,gate,ESUSDT,0.138,0.13927,0.9203,1774037189487
bybit,gate,ESUSDT,0.138,0.13927,0.9203,1774037189787
bybit,gate,ESUSDT,0.138,0.13927,0.9203,1774037190087
bybit,gate,ESUSDT,0.138,0.13927,0.9203,1774037190388
bybit,gate,ESUSDT,0.138,0.13927,0.9203,1774037190688
bybit,gate,ESUSDT,0.138,0.13927,0.9203,1774037190988
bybit,gate,ESUSDT,0.138,0.13927,0.9203,1774037191289
bybit,gate,ESUSDT,0.138,0.13927,0.9203,1774037191589
bybit,gate,ESUSDT,0.138,0.13927,0.9203,1774037191889
bybit,gate,ESUSDT,0.138,0.13927,0.9203,1774037192189
bybit,gate,ESUSDT,0.138,0.13927,0.9203,1774037192489
bybit,gate,ESUSDT,0.138,0.13927,0.9203,1774037192790
bybit,gate,ESUSDT,0.138,0.13927,0.9203,1774037193090
bybit,gate,ESUSDT,0.138,0.13927,0.9203,1774037193390
bybit,gate,ESUSDT,0.138,0.13927,0.9203,1774037193690
bybit,gate,ESUSDT,0.138,0.13927,0.9203,1774037193991
bybit,gate,ESUSDT,0.138,0.13927,0.9203,1774037194291
bybit,gate,ESUSDT,0.138,0.13927,0.9203,1774037194592
bybit,gate,ESUSDT,0.138,0.13927,0.9203,1774037194892
bybit,gate,ESUSDT,0.138,0.13927,0.9203,1774037195192
bybit,gate,ESUSDT,0.138,0.13927,0.9203,1774037195493
bybit,gate,ESUSDT,0.138,0.13927,0.9203,1774037195793
bybit,gate,ESUSDT,0.138,0.13927,0.9203,1774037196093
bybit,gate,ESUSDT,0.138,0.13927,0.9203,1774037196393
bybit,gate,ESUSDT,0.138,0.13927,0.9203,1774037196693
bybit,gate,ESUSDT,0.138,0.13927,0.9203,1774037196993
bybit,gate,ESUSDT,0.13825,0.13927,0.7378,1774037197293
bybit,gate,ESUSDT,0.13812,0.13927,0.8326,1774037197595
bybit,gate,ESUSDT,0.13812,0.13927,0.8326,1774037197895
bybit,gate,ESUSDT,0.13812,0.13927,0.8326,1774037198195
bybit,gate,ESUSDT,0.13812,0.13927,0.8326,1774037198495
bybit,gate,ESUSDT,0.13812,0.13925,0.8181,1774037198795
bybit,gate,ESUSDT,0.13812,0.13925,0.8181,1774037199095
bybit,gate,ESUSDT,0.13812,0.13925,0.8181,1774037199395
bybit,gate,ESUSDT,0.13812,0.13925,0.8181,1774037199695
bybit,gate,ESUSDT,0.13812,0.13925,0.8181,1774037199996
bybit,gate,ESUSDT,0.13812,0.13925,0.8181,1774037200296
bybit,gate,ESUSDT,0.13812,0.13925,0.8181,1774037200596
bybit,gate,ESUSDT,0.13812,0.13925,0.8181,1774037200896
bybit,gate,ESUSDT,0.13812,0.13925,0.8181,1774037201196
bybit,gate,ESUSDT,0.13812,0.13925,0.8181,1774037201496
bybit,gate,ESUSDT,0.13812,0.13925,0.8181,1774037201798
bybit,gate,ESUSDT,0.13812,0.13925,0.8181,1774037202098
bybit,gate,ESUSDT,0.13812,0.13925,0.8181,1774037202398
bybit,gate,ESUSDT,0.13812,0.13925,0.8181,1774037202699
bybit,gate,ESUSDT,0.13812,0.13925,0.8181,1774037202999
bybit,gate,ESUSDT,0.13812,0.13925,0.8181,1774037203299
bybit,gate,ESUSDT,0.13812,0.13925,0.8181,1774037203600
bybit,gate,ESUSDT,0.13812,0.13925,0.8181,1774037203900
bybit,gate,ESUSDT,0.13812,0.13925,0.8181,1774037204200
bybit,gate,ESUSDT,0.13812,0.13925,0.8181,1774037204500
bybit,gate,ESUSDT,0.13812,0.13925,0.8181,1774037204800
bybit,gate,ESUSDT,0.13812,0.13925,0.8181,1774037205101
bybit,gate,ESUSDT,0.13812,0.13925,0.8181,1774037205401
bybit,gate,ESUSDT,0.13812,0.13925,0.8181,1774037205701
bybit,gate,ESUSDT,0.13812,0.13925,0.8181,1774037206001
bybit,gate,ESUSDT,0.13812,0.13925,0.8181,1774037206302
bybit,gate,ESUSDT,0.13812,0.13925,0.8181,1774037206602
bybit,gate,ESUSDT,0.13812,0.13925,0.8181,1774037206902
bybit,gate,ESUSDT,0.13812,0.13925,0.8181,1774037207203
bybit,gate,ESUSDT,0.13812,0.13925,0.8181,1774037207503
bybit,gate,ESUSDT,0.13812,0.13925,0.8181,1774037207803
bybit,gate,ESUSDT,0.13812,0.13928,0.8398,1774037208104
bybit,gate,ESUSDT,0.13812,0.13929,0.8471,1774037208404
bybit,gate,ESUSDT,0.13812,0.13929,0.8471,1774037208704
bybit,gate,ESUSDT,0.13812,0.13929,0.8471,1774037209004
bybit,gate,ESUSDT,0.13812,0.13929,0.8471,1774037209304
bybit,gate,ESUSDT,0.13812,0.13929,0.8471,1774037209605
bybit,gate,ESUSDT,0.13812,0.13929,0.8471,1774037209905
bybit,gate,ESUSDT,0.13812,0.13929,0.8471,1774037210205
bybit,gate,ESUSDT,0.13812,0.13929,0.8471,1774037210505
bybit,gate,ESUSDT,0.13812,0.13929,0.8471,1774037210805
bybit,gate,ESUSDT,0.13812,0.13929,0.8471,1774037211105
bybit,gate,ESUSDT,0.13812,0.13929,0.8471,1774037211406
bybit,gate,ESUSDT,0.13812,0.13929,0.8471,1774037211706
bybit,gate,ESUSDT,0.13812,0.13931,0.8616,1774037212007
bybit,gate,ESUSDT,0.13812,0.13918,0.7674,1774037212307
bybit,gate,ESUSDT,0.13812,0.13918,0.7674,1774037212607
bybit,gate,ESUSDT,0.13812,0.13918,0.7674,1774037212907
bybit,gate,ESUSDT,0.13812,0.13918,0.7674,1774037213207
bybit,gate,ESUSDT,0.13812,0.13918,0.7674,1774037213508
bybit,gate,ESUSDT,0.13812,0.13918,0.7674,1774037213808
bybit,gate,ESUSDT,0.13812,0.13918,0.7674,1774037214108
bybit,gate,ESUSDT,0.13812,0.13918,0.7674,1774037214408
bybit,gate,ESUSDT,0.13812,0.13918,0.7674,1774037214709
bybit,gate,ESUSDT,0.13812,0.13918,0.7674,1774037215009
bybit,gate,ESUSDT,0.13812,0.13918,0.7674,1774037215310
bybit,gate,ESUSDT,0.13812,0.13918,0.7674,1774037215610
bybit,gate,ESUSDT,0.13812,0.13918,0.7674,1774037215911
bybit,gate,ESUSDT,0.13812,0.13918,0.7674,1774037216211
bybit,gate,ESUSDT,0.13812,0.13918,0.7674,1774037216512
bybit,gate,ESUSDT,0.13812,0.13918,0.7674,1774037216812
bybit,gate,ESUSDT,0.13812,0.13918,0.7674,1774037217113
bybit,gate,ESUSDT,0.13812,0.13918,0.7674,1774037217413
bybit,gate,ESUSDT,0.13812,0.13918,0.7674,1774037217713
bybit,gate,ESUSDT,0.13812,0.13918,0.7674,1774037218014
bybit,gate,ESUSDT,0.13812,0.13918,0.7674,1774037218314
bybit,gate,ESUSDT,0.13812,0.13918,0.7674,1774037218615
bybit,gate,ESUSDT,0.13812,0.13918,0.7674,1774037218915
bybit,gate,ESUSDT,0.13812,0.13918,0.7674,1774037219216
bybit,gate,ESUSDT,0.13812,0.13918,0.7674,1774037219517
bybit,gate,ESUSDT,0.13812,0.13918,0.7674,1774037219817
bybit,gate,ESUSDT,0.13812,0.13918,0.7674,1774037220118
bybit,gate,ESUSDT,0.13812,0.13918,0.7674,1774037220418
bybit,gate,ESUSDT,0.13812,0.13918,0.7674,1774037220719
bybit,gate,ESUSDT,0.13812,0.13918,0.7674,1774037221019
bybit,gate,ESUSDT,0.13812,0.13918,0.7674,1774037221319
bybit,gate,ESUSDT,0.13812,0.13918,0.7674,1774037221619
bybit,gate,ESUSDT,0.13812,0.13918,0.7674,1774037221920
bybit,gate,ESUSDT,0.13812,0.13918,0.7674,1774037222220
bybit,gate,ESUSDT,0.13812,0.13918,0.7674,1774037222520
bybit,gate,ESUSDT,0.13812,0.13918,0.7674,1774037222820
bybit,gate,ESUSDT,0.13812,0.13918,0.7674,1774037223120
bybit,gate,ESUSDT,0.13812,0.13918,0.7674,1774037223420
bybit,gate,ESUSDT,0.13812,0.13918,0.7674,1774037223720
bybit,gate,ESUSDT,0.13812,0.13918,0.7674,1774037224021
bybit,gate,ESUSDT,0.13812,0.13918,0.7674,1774037224321
bybit,gate,ESUSDT,0.13812,0.13918,0.7674,1774037224621
bybit,gate,ESUSDT,0.13812,0.13918,0.7674,1774037224921
bybit,gate,ESUSDT,0.13812,0.13918,0.7674,1774037225221
bybit,gate,ESUSDT,0.13812,0.13918,0.7674,1774037225521
bybit,gate,ESUSDT,0.13812,0.13918,0.7674,1774037225822
bybit,gate,ESUSDT,0.13812,0.13918,0.7674,1774037226122
bybit,gate,ESUSDT,0.13812,0.13918,0.7674,1774037226422
bybit,gate,ESUSDT,0.13812,0.13918,0.7674,1774037226722
bybit,gate,ESUSDT,0.13812,0.13918,0.7674,1774037227023
bybit,gate,ESUSDT,0.13812,0.13918,0.7674,1774037227323
bybit,gate,ESUSDT,0.13812,0.13918,0.7674,1774037227623
bybit,gate,ESUSDT,0.13812,0.13918,0.7674,1774037227923
bybit,gate,ESUSDT,0.13812,0.13918,0.7674,1774037228223
bybit,gate,ESUSDT,0.13812,0.13918,0.7674,1774037228523
bybit,gate,ESUSDT,0.13812,0.13918,0.7674,1774037228823
bybit,gate,ESUSDT,0.13812,0.13918,0.7674,1774037229124
bybit,gate,ESUSDT,0.13812,0.13918,0.7674,1774037229425
bybit,gate,ESUSDT,0.13812,0.13918,0.7674,1774037229725
bybit,gate,ESUSDT,0.13812,0.13918,0.7674,1774037230025
bybit,gate,ESUSDT,0.13812,0.13918,0.7674,1774037230325
bybit,gate,ESUSDT,0.13812,0.13918,0.7674,1774037230625
bybit,gate,ESUSDT,0.13812,0.13918,0.7674,1774037230926
bybit,gate,ESUSDT,0.13812,0.13918,0.7674,1774037231226
bybit,gate,ESUSDT,0.13812,0.13918,0.7674,1774037231526
bybit,gate,ESUSDT,0.13812,0.13918,0.7674,1774037231827
bybit,gate,ESUSDT,0.13812,0.13918,0.7674,1774037232127
bybit,gate,ESUSDT,0.13812,0.13918,0.7674,1774037232428
bybit,gate,ESUSDT,0.13812,0.13918,0.7674,1774037232728
bybit,gate,ESUSDT,0.13812,0.13918,0.7674,1774037233028
bybit,gate,ESUSDT,0.13812,0.13918,0.7674,1774037233329
bybit,gate,ESUSDT,0.13812,0.13918,0.7674,1774037233629
bybit,gate,ESUSDT,0.13812,0.13918,0.7674,1774037233929
bybit,gate,ESUSDT,0.13812,0.13918,0.7674,1774037234229
bybit,gate,ESUSDT,0.13812,0.13918,0.7674,1774037234530
bybit,gate,ESUSDT,0.13812,0.13918,0.7674,1774037234830
bybit,gate,ESUSDT,0.13812,0.13918,0.7674,1774037235131
bybit,gate,ESUSDT,0.13812,0.13918,0.7674,1774037235431
bybit,gate,ESUSDT,0.13812,0.13918,0.7674,1774037235732
bybit,gate,ESUSDT,0.13812,0.13918,0.7674,1774037236032
bybit,gate,ESUSDT,0.13812,0.13918,0.7674,1774037236332
bybit,gate,ESUSDT,0.13812,0.13918,0.7674,1774037236632
bybit,gate,ESUSDT,0.13812,0.13918,0.7674,1774037236932
bybit,gate,ESUSDT,0.13812,0.13918,0.7674,1774037237233
bybit,gate,ESUSDT,0.13812,0.13918,0.7674,1774037237533
bybit,gate,ESUSDT,0.13812,0.13918,0.7674,1774037237834
bybit,gate,ESUSDT,0.13812,0.13918,0.7674,1774037238134
bybit,gate,ESUSDT,0.13812,0.13918,0.7674,1774037238435
bybit,gate,ESUSDT,0.13812,0.13918,0.7674,1774037238735
bybit,gate,ESUSDT,0.13812,0.13918,0.7674,1774037239035
bybit,gate,ESUSDT,0.13812,0.13918,0.7674,1774037239336
bybit,gate,ESUSDT,0.13812,0.13918,0.7674,1774037239637
bybit,gate,ESUSDT,0.13812,0.13918,0.7674,1774037239937
bybit,gate,ESUSDT,0.13812,0.13918,0.7674,1774037240238
bybit,gate,ESUSDT,0.13812,0.13918,0.7674,1774037240538
bybit,gate,ESUSDT,0.13812,0.13918,0.7674,1774037240838
bybit,gate,ESUSDT,0.13812,0.13918,0.7674,1774037241138
bybit,gate,ESUSDT,0.13812,0.13918,0.7674,1774037241439
bybit,gate,ESUSDT,0.13812,0.13918,0.7674,1774037241739
bybit,gate,ESUSDT,0.13812,0.13918,0.7674,1774037242039
bybit,gate,ESUSDT,0.13812,0.13918,0.7674,1774037242339
bybit,gate,ESUSDT,0.13812,0.13918,0.7674,1774037242640
bybit,gate,ESUSDT,0.13812,0.13918,0.7674,1774037242940
bybit,gate,ESUSDT,0.13812,0.13918,0.7674,1774037243240
bybit,gate,ESUSDT,0.13812,0.13918,0.7674,1774037243540
bybit,gate,ESUSDT,0.13812,0.13918,0.7674,1774037243840
bybit,gate,ESUSDT,0.13812,0.13918,0.7674,1774037244141
bybit,gate,ESUSDT,0.13812,0.13918,0.7674,1774037244441
bybit,gate,ESUSDT,0.13812,0.13918,0.7674,1774037244741
bybit,gate,ESUSDT,0.13812,0.13918,0.7674,1774037245041
bybit,gate,ESUSDT,0.13812,0.13918,0.7674,1774037245341
bybit,gate,ESUSDT,0.13812,0.13918,0.7674,1774037245641
bybit,gate,ESUSDT,0.13812,0.13918,0.7674,1774037245942
bybit,gate,ESUSDT,0.13812,0.13918,0.7674,1774037246242
bybit,gate,ESUSDT,0.13812,0.13918,0.7674,1774037246542
bybit,gate,ESUSDT,0.13812,0.13918,0.7674,1774037246842
bybit,gate,ESUSDT,0.13812,0.13918,0.7674,1774037247143
bybit,gate,ESUSDT,0.13812,0.13918,0.7674,1774037247443
bybit,gate,ESUSDT,0.13812,0.13918,0.7674,1774037247743
bybit,gate,ESUSDT,0.13812,0.13918,0.7674,1774037248043
bybit,gate,ESUSDT,0.13812,0.13918,0.7674,1774037248343
bybit,gate,ESUSDT,0.13812,0.13918,0.7674,1774037248644
bybit,gate,ESUSDT,0.13812,0.13918,0.7674,1774037248944
bybit,gate,ESUSDT,0.13812,0.13918,0.7674,1774037249245
bybit,gate,ESUSDT,0.13812,0.13918,0.7674,1774037249545
bybit,gate,ESUSDT,0.13812,0.13918,0.7674,1774037249846
bybit,gate,ESUSDT,0.13812,0.13918,0.7674,1774037250146
bybit,gate,ESUSDT,0.13812,0.13918,0.7674,1774037250446
bybit,gate,ESUSDT,0.13812,0.13918,0.7674,1774037250746
bybit,gate,ESUSDT,0.13812,0.13918,0.7674,1774037251047
bybit,gate,ESUSDT,0.13812,0.13918,0.7674,1774037251347
bybit,gate,ESUSDT,0.13812,0.13918,0.7674,1774037251648
bybit,gate,ESUSDT,0.13812,0.13918,0.7674,1774037251948
bybit,gate,ESUSDT,0.13812,0.13918,0.7674,1774037252248
bybit,gate,ESUSDT,0.13812,0.13918,0.7674,1774037252548
bybit,gate,ESUSDT,0.13812,0.13918,0.7674,1774037252849
bybit,gate,ESUSDT,0.13812,0.13918,0.7674,1774037253150
bybit,gate,ESUSDT,0.13812,0.13918,0.7674,1774037253451
bybit,gate,ESUSDT,0.13812,0.13918,0.7674,1774037253752
bybit,gate,ESUSDT,0.13812,0.13918,0.7674,1774037254052
bybit,gate,ESUSDT,0.13812,0.13918,0.7674,1774037254352
bybit,gate,ESUSDT,0.13812,0.13918,0.7674,1774037254652
bybit,gate,ESUSDT,0.13812,0.13918,0.7674,1774037254953
bybit,gate,ESUSDT,0.13812,0.13918,0.7674,1774037255253
bybit,gate,ESUSDT,0.13812,0.13918,0.7674,1774037255553
bybit,gate,ESUSDT,0.13812,0.13918,0.7674,1774037255853
bybit,gate,ESUSDT,0.13812,0.13918,0.7674,1774037256153
bybit,gate,ESUSDT,0.13812,0.13918,0.7674,1774037256454
bybit,gate,ESUSDT,0.13812,0.13918,0.7674,1774037256755
bybit,gate,ESUSDT,0.13812,0.13918,0.7674,1774037257055
bybit,gate,ESUSDT,0.13812,0.13918,0.7674,1774037257356
bybit,gate,ESUSDT,0.13812,0.13918,0.7674,1774037257656
bybit,gate,ESUSDT,0.13812,0.13918,0.7674,1774037257957
bybit,gate,ESUSDT,0.13812,0.13918,0.7674,1774037258257
bybit,gate,ESUSDT,0.13812,0.13918,0.7674,1774037258557
bybit,gate,ESUSDT,0.13812,0.13918,0.7674,1774037258857
bybit,gate,ESUSDT,0.13812,0.13918,0.7674,1774037259157
bybit,gate,ESUSDT,0.13812,0.13918,0.7674,1774037259458
bybit,gate,ESUSDT,0.13812,0.13918,0.7674,1774037259758
bybit,gate,ESUSDT,0.13812,0.13918,0.7674,1774037260059
bybit,gate,ESUSDT,0.13812,0.13918,0.7674,1774037260359
bybit,gate,ESUSDT,0.13812,0.13918,0.7674,1774037260659
bybit,gate,ESUSDT,0.13812,0.13918,0.7674,1774037260960
bybit,gate,ESUSDT,0.13812,0.13918,0.7674,1774037261260
bybit,gate,ESUSDT,0.13812,0.13918,0.7674,1774037261561
bybit,gate,ESUSDT,0.13812,0.13918,0.7674,1774037261861
bybit,gate,ESUSDT,0.13812,0.13918,0.7674,1774037262161
bybit,gate,ESUSDT,0.13812,0.13918,0.7674,1774037262461
bybit,gate,ESUSDT,0.13812,0.13918,0.7674,1774037262761
bybit,gate,ESUSDT,0.13812,0.13918,0.7674,1774037263062
bybit,gate,ESUSDT,0.13812,0.13918,0.7674,1774037263362
bybit,gate,ESUSDT,0.13812,0.13918,0.7674,1774037263662
bybit,gate,ESUSDT,0.13812,0.13918,0.7674,1774037263962
bybit,gate,ESUSDT,0.13812,0.13918,0.7674,1774037264263
bybit,gate,ESUSDT,0.13812,0.13918,0.7674,1774037264563
bybit,gate,ESUSDT,0.13812,0.13918,0.7674,1774037264864
bybit,gate,ESUSDT,0.13812,0.13918,0.7674,1774037265164
bybit,gate,ESUSDT,0.13812,0.13918,0.7674,1774037265465
bybit,gate,ESUSDT,0.13812,0.13918,0.7674,1774037265765
bybit,gate,ESUSDT,0.13812,0.13918,0.7674,1774037266065
bybit,gate,ESUSDT,0.13812,0.13918,0.7674,1774037266366
bybit,gate,ESUSDT,0.13812,0.13918,0.7674,1774037266666
bybit,gate,ESUSDT,0.13812,0.13918,0.7674,1774037266966
bybit,gate,ESUSDT,0.13812,0.13918,0.7674,1774037267267
bybit,gate,ESUSDT,0.13812,0.13918,0.7674,1774037267567
bybit,gate,ESUSDT,0.13812,0.13918,0.7674,1774037267867
bybit,gate,ESUSDT,0.13812,0.13918,0.7674,1774037268169
bybit,gate,ESUSDT,0.13812,0.13918,0.7674,1774037268469
bybit,gate,ESUSDT,0.13812,0.13918,0.7674,1774037268769
bybit,gate,ESUSDT,0.13812,0.13918,0.7674,1774037269070
bybit,gate,ESUSDT,0.13812,0.13918,0.7674,1774037269371
bybit,gate,ESUSDT,0.13812,0.13918,0.7674,1774037269671
bybit,gate,ESUSDT,0.13812,0.13918,0.7674,1774037269971
bybit,gate,ESUSDT,0.13812,0.13918,0.7674,1774037270271
bybit,gate,ESUSDT,0.13812,0.13918,0.7674,1774037270571
bybit,gate,ESUSDT,0.13812,0.13918,0.7674,1774037270872
bybit,gate,ESUSDT,0.13812,0.13918,0.7674,1774037271172
bybit,gate,ESUSDT,0.13812,0.13918,0.7674,1774037271472
bybit,gate,ESUSDT,0.13812,0.13918,0.7674,1774037271772
bybit,gate,ESUSDT,0.13812,0.13918,0.7674,1774037272072
bybit,gate,ESUSDT,0.13812,0.13919,0.7747,1774037272373
bybit,gate,ESUSDT,0.13812,0.13919,0.7747,1774037272673
bybit,gate,ESUSDT,0.13812,0.13919,0.7747,1774037272974
bybit,gate,ESUSDT,0.13812,0.13919,0.7747,1774037273275
bybit,gate,ESUSDT,0.13812,0.13919,0.7747,1774037273575
bybit,gate,ESUSDT,0.13812,0.13919,0.7747,1774037273883
bybit,gate,ESUSDT,0.13812,0.13919,0.7747,1774037274183
bybit,gate,ESUSDT,0.13812,0.13919,0.7747,1774037274483
bybit,gate,ESUSDT,0.13812,0.13919,0.7747,1774037274783
bybit,gate,ESUSDT,0.13812,0.13919,0.7747,1774037275084
bybit,gate,ESUSDT,0.13812,0.13919,0.7747,1774037275385
bybit,gate,ESUSDT,0.13812,0.13919,0.7747,1774037275685
bybit,gate,ESUSDT,0.13812,0.13919,0.7747,1774037275986
bybit,gate,ESUSDT,0.13812,0.13919,0.7747,1774037276286
bybit,gate,ESUSDT,0.13812,0.13919,0.7747,1774037276586
bybit,gate,ESUSDT,0.13812,0.13919,0.7747,1774037276886
bybit,gate,ESUSDT,0.13812,0.13919,0.7747,1774037277187
bybit,gate,ESUSDT,0.13812,0.13919,0.7747,1774037277487
bybit,gate,ESUSDT,0.13812,0.13919,0.7747,1774037277787
bybit,gate,ESUSDT,0.13812,0.13919,0.7747,1774037278087
bybit,gate,ESUSDT,0.13812,0.13919,0.7747,1774037278388
bybit,gate,ESUSDT,0.13812,0.13919,0.7747,1774037278688
bybit,gate,ESUSDT,0.13812,0.13919,0.7747,1774037278988
bybit,gate,ESUSDT,0.13812,0.13919,0.7747,1774037279289
bybit,gate,ESUSDT,0.13812,0.13919,0.7747,1774037279589
bybit,gate,ESUSDT,0.13812,0.13919,0.7747,1774037279890
bybit,gate,ESUSDT,0.13812,0.13919,0.7747,1774037280190
bybit,gate,ESUSDT,0.13812,0.13919,0.7747,1774037280490
bybit,gate,ESUSDT,0.13812,0.13919,0.7747,1774037280791
bybit,gate,ESUSDT,0.13812,0.13919,0.7747,1774037281091
bybit,gate,ESUSDT,0.13812,0.13919,0.7747,1774037281391
bybit,gate,ESUSDT,0.13812,0.13919,0.7747,1774037281691
bybit,gate,ESUSDT,0.13812,0.13919,0.7747,1774037281992
bybit,gate,ESUSDT,0.13812,0.13919,0.7747,1774037282293
bybit,gate,ESUSDT,0.13812,0.13919,0.7747,1774037282593
bybit,gate,ESUSDT,0.13812,0.13919,0.7747,1774037282893
bybit,gate,ESUSDT,0.13812,0.13919,0.7747,1774037283194
bybit,gate,ESUSDT,0.13812,0.13919,0.7747,1774037283494
bybit,gate,ESUSDT,0.13812,0.13919,0.7747,1774037283795
bybit,gate,ESUSDT,0.13812,0.13919,0.7747,1774037284095
bybit,gate,ESUSDT,0.13812,0.13919,0.7747,1774037284395
bybit,gate,ESUSDT,0.13812,0.13919,0.7747,1774037284695
bybit,gate,ESUSDT,0.13812,0.13919,0.7747,1774037284995
bybit,gate,ESUSDT,0.13812,0.13919,0.7747,1774037285296
bybit,gate,ESUSDT,0.13812,0.13919,0.7747,1774037285596
bybit,gate,ESUSDT,0.13812,0.13919,0.7747,1774037285897
bybit,gate,ESUSDT,0.13812,0.13919,0.7747,1774037286197
bybit,gate,ESUSDT,0.13812,0.13919,0.7747,1774037286497
bybit,gate,ESUSDT,0.13812,0.13919,0.7747,1774037286798
bybit,gate,ESUSDT,0.13812,0.13919,0.7747,1774037287098
bybit,gate,ESUSDT,0.13812,0.13919,0.7747,1774037287398
bybit,gate,ESUSDT,0.13812,0.13919,0.7747,1774037287699
bybit,gate,ESUSDT,0.13812,0.13919,0.7747,1774037287999
bybit,gate,ESUSDT,0.13812,0.13919,0.7747,1774037288300
bybit,gate,ESUSDT,0.13812,0.13919,0.7747,1774037288600
bybit,gate,ESUSDT,0.13812,0.13919,0.7747,1774037288900
bybit,gate,ESUSDT,0.13812,0.13919,0.7747,1774037289200
bybit,gate,ESUSDT,0.13812,0.13919,0.7747,1774037289501
bybit,gate,ESUSDT,0.13812,0.13919,0.7747,1774037289801
bybit,gate,ESUSDT,0.13812,0.13919,0.7747,1774037290102
bybit,gate,ESUSDT,0.13812,0.13919,0.7747,1774037290402
bybit,gate,ESUSDT,0.13812,0.13919,0.7747,1774037290702
bybit,gate,ESUSDT,0.13812,0.13919,0.7747,1774037291002
bybit,gate,ESUSDT,0.13812,0.13919,0.7747,1774037291303
bybit,gate,ESUSDT,0.13812,0.13919,0.7747,1774037291603
bybit,gate,ESUSDT,0.13812,0.13919,0.7747,1774037291903
bybit,gate,ESUSDT,0.13812,0.13919,0.7747,1774037292203
bybit,gate,ESUSDT,0.13812,0.13919,0.7747,1774037292503
bybit,gate,ESUSDT,0.13812,0.13919,0.7747,1774037292804
bybit,gate,ESUSDT,0.13812,0.13919,0.7747,1774037293104
bybit,gate,ESUSDT,0.13812,0.13919,0.7747,1774037293404
bybit,gate,ESUSDT,0.13812,0.13919,0.7747,1774037293705
bybit,gate,ESUSDT,0.13812,0.13919,0.7747,1774037294005
bybit,gate,ESUSDT,0.13812,0.13919,0.7747,1774037294306
bybit,gate,ESUSDT,0.13812,0.13919,0.7747,1774037294607
bybit,gate,ESUSDT,0.13812,0.13919,0.7747,1774037294907
bybit,gate,ESUSDT,0.13812,0.13919,0.7747,1774037295207
bybit,gate,ESUSDT,0.13812,0.13919,0.7747,1774037295507
bybit,gate,ESUSDT,0.13812,0.13919,0.7747,1774037295807
bybit,gate,ESUSDT,0.13812,0.13919,0.7747,1774037296108
bybit,gate,ESUSDT,0.13812,0.13919,0.7747,1774037296408
bybit,gate,ESUSDT,0.13812,0.13919,0.7747,1774037296708
bybit,gate,ESUSDT,0.13812,0.13919,0.7747,1774037297009
bybit,gate,ESUSDT,0.13812,0.13919,0.7747,1774037297309
bybit,gate,ESUSDT,0.13812,0.13919,0.7747,1774037297609
bybit,gate,ESUSDT,0.13812,0.13919,0.7747,1774037297909
bybit,gate,ESUSDT,0.13812,0.13919,0.7747,1774037298209
bybit,gate,ESUSDT,0.13812,0.13919,0.7747,1774037298510
bybit,gate,ESUSDT,0.13812,0.13919,0.7747,1774037298811
bybit,gate,ESUSDT,0.13812,0.13919,0.7747,1774037299111
bybit,gate,ESUSDT,0.13812,0.13919,0.7747,1774037299411
bybit,gate,ESUSDT,0.13812,0.13919,0.7747,1774037299712
bybit,gate,ESUSDT,0.13812,0.13919,0.7747,1774037300012
bybit,gate,ESUSDT,0.13812,0.13919,0.7747,1774037300312
bybit,gate,ESUSDT,0.13812,0.13919,0.7747,1774037300612
bybit,gate,ESUSDT,0.13812,0.13919,0.7747,1774037300912
bybit,gate,ESUSDT,0.13812,0.13919,0.7747,1774037301213
bybit,gate,ESUSDT,0.13812,0.13919,0.7747,1774037301513
bybit,gate,ESUSDT,0.13812,0.13919,0.7747,1774037301813
bybit,gate,ESUSDT,0.13812,0.13919,0.7747,1774037302113
bybit,gate,ESUSDT,0.13812,0.13919,0.7747,1774037302414
bybit,gate,ESUSDT,0.13812,0.13919,0.7747,1774037302714
bybit,gate,ESUSDT,0.13812,0.13919,0.7747,1774037303015
bybit,gate,ESUSDT,0.13812,0.13919,0.7747,1774037303316
bybit,gate,ESUSDT,0.13812,0.13919,0.7747,1774037303621
bybit,gate,ESUSDT,0.13812,0.13919,0.7747,1774037303921
bybit,gate,ESUSDT,0.13812,0.13919,0.7747,1774037304222
bybit,gate,ESUSDT,0.13812,0.13919,0.7747,1774037304522
bybit,gate,ESUSDT,0.13812,0.13919,0.7747,1774037304822
bybit,gate,ESUSDT,0.13812,0.13919,0.7747,1774037305122
bybit,gate,ESUSDT,0.13812,0.13919,0.7747,1774037305422
bybit,gate,ESUSDT,0.13812,0.13919,0.7747,1774037305722
bybit,gate,ESUSDT,0.13812,0.13919,0.7747,1774037306022
bybit,gate,ESUSDT,0.13812,0.13919,0.7747,1774037306323
bybit,gate,ESUSDT,0.13812,0.13919,0.7747,1774037306623
bybit,gate,ESUSDT,0.13812,0.13919,0.7747,1774037306923
bybit,gate,ESUSDT,0.13812,0.13919,0.7747,1774037307224
bybit,gate,ESUSDT,0.13812,0.13919,0.7747,1774037307524
bybit,gate,ESUSDT,0.13812,0.13919,0.7747,1774037307824
bybit,gate,ESUSDT,0.13812,0.13919,0.7747,1774037308124
bybit,gate,ESUSDT,0.13812,0.13919,0.7747,1774037308425
bybit,gate,ESUSDT,0.13812,0.13919,0.7747,1774037308725
bybit,gate,ESUSDT,0.13812,0.13919,0.7747,1774037309025
bybit,gate,ESUSDT,0.13812,0.13919,0.7747,1774037309325
bybit,gate,ESUSDT,0.13812,0.13919,0.7747,1774037309626
bybit,gate,ESUSDT,0.13812,0.13919,0.7747,1774037309926
bybit,gate,ESUSDT,0.13812,0.13919,0.7747,1774037310226
bybit,gate,ESUSDT,0.13812,0.13919,0.7747,1774037310527
bybit,gate,ESUSDT,0.13812,0.13919,0.7747,1774037310827
bybit,gate,ESUSDT,0.13812,0.13919,0.7747,1774037311127
bybit,gate,ESUSDT,0.13812,0.13919,0.7747,1774037311428
bybit,gate,ESUSDT,0.13812,0.13919,0.7747,1774037311728
bybit,gate,ESUSDT,0.13812,0.13919,0.7747,1774037312028
bybit,gate,ESUSDT,0.13812,0.13919,0.7747,1774037312329
bybit,gate,ESUSDT,0.13812,0.13919,0.7747,1774037312630
bybit,gate,ESUSDT,0.13812,0.13919,0.7747,1774037312931
bybit,gate,ESUSDT,0.13812,0.13919,0.7747,1774037313231
bybit,gate,ESUSDT,0.13812,0.13919,0.7747,1774037313531
bybit,gate,ESUSDT,0.13812,0.13919,0.7747,1774037313832
bybit,gate,ESUSDT,0.13812,0.13919,0.7747,1774037314132
bybit,gate,ESUSDT,0.13812,0.13919,0.7747,1774037314432
bybit,gate,ESUSDT,0.13812,0.13919,0.7747,1774037314732
bybit,gate,ESUSDT,0.13812,0.13919,0.7747,1774037315033
bybit,gate,ESUSDT,0.13812,0.13919,0.7747,1774037315333
bybit,gate,ESUSDT,0.13812,0.13919,0.7747,1774037315634
bybit,gate,ESUSDT,0.13812,0.13919,0.7747,1774037315934
bybit,gate,ESUSDT,0.13812,0.13919,0.7747,1774037316235
bybit,gate,ESUSDT,0.13812,0.13919,0.7747,1774037316536
bybit,gate,ESUSDT,0.13812,0.13919,0.7747,1774037316836
bybit,gate,ESUSDT,0.13812,0.13919,0.7747,1774037317137
bybit,gate,ESUSDT,0.13812,0.13919,0.7747,1774037317437
bybit,gate,ESUSDT,0.13812,0.13919,0.7747,1774037317739
bybit,gate,ESUSDT,0.13812,0.13919,0.7747,1774037318039
bybit,gate,ESUSDT,0.13812,0.13919,0.7747,1774037318339
bybit,gate,ESUSDT,0.13812,0.13919,0.7747,1774037318639
bybit,gate,ESUSDT,0.13812,0.13919,0.7747,1774037318939
bybit,gate,ESUSDT,0.13812,0.13919,0.7747,1774037319240
bybit,gate,ESUSDT,0.13812,0.13919,0.7747,1774037319540
bybit,gate,ESUSDT,0.13812,0.13919,0.7747,1774037319841
bybit,gate,ESUSDT,0.13812,0.13919,0.7747,1774037320141
bybit,gate,ESUSDT,0.13812,0.13919,0.7747,1774037320442
bybit,gate,ESUSDT,0.13812,0.13919,0.7747,1774037320742
bybit,gate,ESUSDT,0.13812,0.13919,0.7747,1774037321043
bybit,gate,ESUSDT,0.13812,0.13919,0.7747,1774037321343
bybit,gate,ESUSDT,0.13812,0.13919,0.7747,1774037321643
bybit,gate,ESUSDT,0.13812,0.13919,0.7747,1774037321944
bybit,gate,ESUSDT,0.13812,0.13919,0.7747,1774037322244
bybit,gate,ESUSDT,0.13812,0.13919,0.7747,1774037322544
bybit,gate,ESUSDT,0.13819,0.13919,0.7236,1774037322844
bybit,gate,ESUSDT,0.13819,0.13919,0.7236,1774037323145
bybit,gate,ESUSDT,0.13819,0.13919,0.7236,1774037323445
bybit,gate,ESUSDT,0.13819,0.13919,0.7236,1774037323745
bybit,gate,ESUSDT,0.13819,0.13919,0.7236,1774037324046
bybit,gate,ESUSDT,0.13819,0.13919,0.7236,1774037324346
bybit,gate,ESUSDT,0.13819,0.13919,0.7236,1774037324647
bybit,gate,ESUSDT,0.13819,0.13919,0.7236,1774037324947
bybit,gate,ESUSDT,0.13819,0.13919,0.7236,1774037325247
bybit,gate,ESUSDT,0.13819,0.13919,0.7236,1774037325547
bybit,gate,ESUSDT,0.13819,0.13919,0.7236,1774037325848
bybit,gate,ESUSDT,0.13819,0.13919,0.7236,1774037326148
bybit,gate,ESUSDT,0.13819,0.13919,0.7236,1774037326449
bybit,gate,ESUSDT,0.13819,0.13919,0.7236,1774037326749
bybit,gate,ESUSDT,0.13819,0.13919,0.7236,1774037327049
bybit,gate,ESUSDT,0.13819,0.13919,0.7236,1774037327350
bybit,gate,ESUSDT,0.13819,0.13919,0.7236,1774037327650
bybit,gate,ESUSDT,0.13819,0.13919,0.7236,1774037327950
bybit,gate,ESUSDT,0.13819,0.13919,0.7236,1774037328251
bybit,gate,ESUSDT,0.13819,0.13919,0.7236,1774037328551
bybit,gate,ESUSDT,0.13819,0.13919,0.7236,1774037328851
bybit,gate,ESUSDT,0.13819,0.13919,0.7236,1774037329152
bybit,gate,ESUSDT,0.13819,0.13919,0.7236,1774037329452
bybit,gate,ESUSDT,0.13819,0.13919,0.7236,1774037329752
bybit,gate,ESUSDT,0.13819,0.13919,0.7236,1774037330052
bybit,gate,ESUSDT,0.13819,0.13919,0.7236,1774037330352
bybit,gate,ESUSDT,0.13819,0.13919,0.7236,1774037330653
bybit,gate,ESUSDT,0.13819,0.13919,0.7236,1774037330953
bybit,gate,ESUSDT,0.13819,0.13919,0.7236,1774037331253
bybit,gate,ESUSDT,0.13819,0.13919,0.7236,1774037331554
bybit,gate,ESUSDT,0.13819,0.13919,0.7236,1774037331854
bybit,gate,ESUSDT,0.13819,0.13919,0.7236,1774037332154
bybit,gate,ESUSDT,0.13819,0.13919,0.7236,1774037332458
bybit,gate,ESUSDT,0.13819,0.13919,0.7236,1774037332758
bybit,gate,ESUSDT,0.13819,0.13919,0.7236,1774037333058
bybit,gate,ESUSDT,0.13819,0.13919,0.7236,1774037333359
bybit,gate,ESUSDT,0.13819,0.13919,0.7236,1774037333660
bybit,gate,ESUSDT,0.13819,0.13919,0.7236,1774037333960
bybit,gate,ESUSDT,0.13819,0.13919,0.7236,1774037334260
bybit,gate,ESUSDT,0.13819,0.13919,0.7236,1774037334561
bybit,gate,ESUSDT,0.13819,0.13919,0.7236,1774037334861
bybit,gate,ESUSDT,0.13819,0.13919,0.7236,1774037335161
bybit,gate,ESUSDT,0.13819,0.13919,0.7236,1774037335461
bybit,gate,ESUSDT,0.13819,0.13919,0.7236,1774037335761
bybit,gate,ESUSDT,0.13819,0.13919,0.7236,1774037336062
bybit,gate,ESUSDT,0.13819,0.13919,0.7236,1774037336362
bybit,gate,ESUSDT,0.13819,0.13919,0.7236,1774037336663
bybit,gate,ESUSDT,0.13819,0.13919,0.7236,1774037336963
bybit,gate,ESUSDT,0.13819,0.13919,0.7236,1774037337263
bybit,gate,ESUSDT,0.13819,0.13919,0.7236,1774037337564
bybit,gate,ESUSDT,0.13819,0.13919,0.7236,1774037337864
bybit,gate,ESUSDT,0.13819,0.13919,0.7236,1774037338165
bybit,gate,ESUSDT,0.13819,0.13919,0.7236,1774037338465
bybit,gate,ESUSDT,0.13819,0.13919,0.7236,1774037338765
bybit,gate,ESUSDT,0.13819,0.13919,0.7236,1774037339066
bybit,gate,ESUSDT,0.13819,0.13919,0.7236,1774037339366
bybit,gate,ESUSDT,0.13819,0.13919,0.7236,1774037339667
bybit,gate,ESUSDT,0.13819,0.13919,0.7236,1774037339967
bybit,gate,ESUSDT,0.13819,0.13919,0.7236,1774037340267
bybit,gate,ESUSDT,0.13819,0.13919,0.7236,1774037340567
bybit,gate,ESUSDT,0.13819,0.13919,0.7236,1774037340867
bybit,gate,ESUSDT,0.13819,0.13919,0.7236,1774037341167
bybit,gate,ESUSDT,0.13819,0.13919,0.7236,1774037341467
bybit,gate,ESUSDT,0.13819,0.13919,0.7236,1774037341768
bybit,gate,ESUSDT,0.13819,0.13919,0.7236,1774037342068
bybit,gate,ESUSDT,0.13819,0.13919,0.7236,1774037342369
bybit,gate,ESUSDT,0.13819,0.13919,0.7236,1774037342669
bybit,gate,ESUSDT,0.13819,0.13919,0.7236,1774037342970
bybit,gate,ESUSDT,0.13819,0.13919,0.7236,1774037343270
bybit,gate,ESUSDT,0.13819,0.13919,0.7236,1774037343570
bybit,gate,ESUSDT,0.13819,0.13919,0.7236,1774037343870
bybit,gate,ESUSDT,0.13819,0.13919,0.7236,1774037344171
bybit,gate,ESUSDT,0.13819,0.13919,0.7236,1774037344471
bybit,gate,ESUSDT,0.13819,0.13919,0.7236,1774037344771
bybit,gate,ESUSDT,0.13819,0.13919,0.7236,1774037345072
bybit,gate,ESUSDT,0.13819,0.13919,0.7236,1774037345372
bybit,gate,ESUSDT,0.13819,0.13919,0.7236,1774037345676
bybit,gate,ESUSDT,0.13819,0.13919,0.7236,1774037345978
bybit,gate,ESUSDT,0.13819,0.13919,0.7236,1774037346278
bybit,gate,ESUSDT,0.13819,0.13919,0.7236,1774037346579
bybit,gate,ESUSDT,0.13819,0.13919,0.7236,1774037346879
bybit,gate,ESUSDT,0.13819,0.13919,0.7236,1774037347179
bybit,gate,ESUSDT,0.13819,0.13919,0.7236,1774037347479
bybit,gate,ESUSDT,0.13819,0.13919,0.7236,1774037347780
bybit,gate,ESUSDT,0.13819,0.13919,0.7236,1774037348080
bybit,gate,ESUSDT,0.13819,0.13919,0.7236,1774037348380
bybit,gate,ESUSDT,0.13819,0.13919,0.7236,1774037348680
bybit,gate,ESUSDT,0.13819,0.13919,0.7236,1774037348980
bybit,gate,ESUSDT,0.13819,0.13919,0.7236,1774037349281
bybit,gate,ESUSDT,0.13819,0.13919,0.7236,1774037349581
bybit,gate,ESUSDT,0.13819,0.13919,0.7236,1774037349882
bybit,gate,ESUSDT,0.13819,0.13919,0.7236,1774037350182
bybit,gate,ESUSDT,0.13819,0.13919,0.7236,1774037350483
bybit,gate,ESUSDT,0.13819,0.13919,0.7236,1774037350783
bybit,gate,ESUSDT,0.13819,0.13919,0.7236,1774037351083
bybit,gate,ESUSDT,0.13819,0.13919,0.7236,1774037351384
bybit,gate,ESUSDT,0.13819,0.13919,0.7236,1774037351684
bybit,gate,ESUSDT,0.13819,0.13919,0.7236,1774037351984
bybit,gate,ESUSDT,0.13819,0.13919,0.7236,1774037352284
bybit,gate,ESUSDT,0.13819,0.13919,0.7236,1774037352585
bybit,gate,ESUSDT,0.13819,0.13919,0.7236,1774037352886
bybit,gate,ESUSDT,0.13819,0.13919,0.7236,1774037353186
bybit,gate,ESUSDT,0.13819,0.13919,0.7236,1774037353486
bybit,gate,ESUSDT,0.13819,0.13919,0.7236,1774037353787
bybit,gate,ESUSDT,0.13819,0.13919,0.7236,1774037354087
bybit,gate,ESUSDT,0.13819,0.13919,0.7236,1774037354387
bybit,gate,ESUSDT,0.13819,0.13919,0.7236,1774037354688
bybit,gate,ESUSDT,0.13819,0.13919,0.7236,1774037354988
bybit,gate,ESUSDT,0.13819,0.13919,0.7236,1774037355289
bybit,gate,ESUSDT,0.13819,0.13919,0.7236,1774037355590
bybit,gate,ESUSDT,0.13819,0.13919,0.7236,1774037355891
bybit,gate,ESUSDT,0.13819,0.13919,0.7236,1774037356191
bybit,gate,ESUSDT,0.13819,0.13919,0.7236,1774037356491
bybit,gate,ESUSDT,0.13819,0.13919,0.7236,1774037356791
bybit,gate,ESUSDT,0.13819,0.13919,0.7236,1774037357091
bybit,gate,ESUSDT,0.13819,0.13919,0.7236,1774037357391
bybit,gate,ESUSDT,0.13819,0.13919,0.7236,1774037357692
bybit,gate,ESUSDT,0.13819,0.13919,0.7236,1774037357992
bybit,gate,ESUSDT,0.13819,0.13919,0.7236,1774037358292
bybit,gate,ESUSDT,0.13819,0.13919,0.7236,1774037358593
bybit,gate,ESUSDT,0.13819,0.13919,0.7236,1774037358893
bybit,gate,ESUSDT,0.13819,0.13919,0.7236,1774037359194
bybit,gate,ESUSDT,0.13819,0.13919,0.7236,1774037359494
bybit,gate,ESUSDT,0.13819,0.13919,0.7236,1774037359795
bybit,gate,ESUSDT,0.13819,0.13919,0.7236,1774037360095
bybit,gate,ESUSDT,0.13819,0.13919,0.7236,1774037360396
bybit,gate,ESUSDT,0.13819,0.13919,0.7236,1774037360696
bybit,gate,ESUSDT,0.13819,0.13919,0.7236,1774037360996
bybit,gate,ESUSDT,0.13819,0.13919,0.7236,1774037361297
bybit,gate,ESUSDT,0.13819,0.13919,0.7236,1774037361597
bybit,gate,ESUSDT,0.13819,0.13919,0.7236,1774037361897
bybit,gate,ESUSDT,0.13819,0.13919,0.7236,1774037362197
bybit,gate,ESUSDT,0.13819,0.13919,0.7236,1774037362498
bybit,gate,ESUSDT,0.13819,0.13919,0.7236,1774037362798
bybit,gate,ESUSDT,0.13819,0.13919,0.7236,1774037363098
bybit,gate,ESUSDT,0.13819,0.13919,0.7236,1774037363399
bybit,gate,ESUSDT,0.13819,0.13919,0.7236,1774037363699
bybit,gate,ESUSDT,0.13819,0.13919,0.7236,1774037363999
bybit,gate,ESUSDT,0.13819,0.13919,0.7236,1774037364299
bybit,gate,ESUSDT,0.13819,0.13919,0.7236,1774037364600
bybit,gate,ESUSDT,0.13819,0.13919,0.7236,1774037364900
bybit,gate,ESUSDT,0.13819,0.13919,0.7236,1774037365201
bybit,gate,ESUSDT,0.13819,0.13919,0.7236,1774037365501
bybit,gate,ESUSDT,0.13819,0.13919,0.7236,1774037365801
bybit,gate,ESUSDT,0.13819,0.13919,0.7236,1774037366101
bybit,gate,ESUSDT,0.13819,0.13919,0.7236,1774037366402
bybit,gate,ESUSDT,0.13819,0.13919,0.7236,1774037366702
bybit,gate,ESUSDT,0.13819,0.13919,0.7236,1774037367002
bybit,gate,ESUSDT,0.13819,0.13919,0.7236,1774037367303
bybit,gate,ESUSDT,0.13819,0.13919,0.7236,1774037367603
bybit,gate,ESUSDT,0.13819,0.13919,0.7236,1774037367903
bybit,gate,ESUSDT,0.13819,0.13919,0.7236,1774037368203
bybit,gate,ESUSDT,0.13819,0.13919,0.7236,1774037368504
bybit,gate,ESUSDT,0.13819,0.13919,0.7236,1774037368805
bybit,gate,ESUSDT,0.13819,0.13919,0.7236,1774037369105
bybit,gate,ESUSDT,0.13819,0.13919,0.7236,1774037369406
bybit,gate,ESUSDT,0.13819,0.13919,0.7236,1774037369706
bybit,gate,ESUSDT,0.13819,0.13919,0.7236,1774037370006
bybit,gate,ESUSDT,0.13819,0.13919,0.7236,1774037370306
bybit,gate,ESUSDT,0.13819,0.13919,0.7236,1774037370606
bybit,gate,ESUSDT,0.13819,0.13919,0.7236,1774037370907
bybit,gate,ESUSDT,0.13819,0.13919,0.7236,1774037371207
bybit,gate,ESUSDT,0.13819,0.13919,0.7236,1774037371508
bybit,gate,ESUSDT,0.13819,0.13919,0.7236,1774037371808
bybit,gate,ESUSDT,0.13819,0.13919,0.7236,1774037372108
bybit,gate,ESUSDT,0.13819,0.13919,0.7236,1774037372408
bybit,gate,ESUSDT,0.13819,0.13919,0.7236,1774037372709
bybit,gate,ESUSDT,0.13819,0.13919,0.7236,1774037373009
bybit,gate,ESUSDT,0.13819,0.13919,0.7236,1774037373309
bybit,gate,ESUSDT,0.13819,0.13919,0.7236,1774037373610
bybit,gate,ESUSDT,0.13819,0.13919,0.7236,1774037373910
bybit,gate,ESUSDT,0.13819,0.13919,0.7236,1774037374211
bybit,gate,ESUSDT,0.13819,0.13919,0.7236,1774037374511
bybit,gate,ESUSDT,0.13819,0.13919,0.7236,1774037374811
bybit,gate,ESUSDT,0.13819,0.13919,0.7236,1774037375111
bybit,gate,ESUSDT,0.13819,0.13919,0.7236,1774037375412
bybit,gate,ESUSDT,0.13819,0.13919,0.7236,1774037375713
bybit,gate,ESUSDT,0.13819,0.13919,0.7236,1774037376013
bybit,gate,ESUSDT,0.13819,0.13919,0.7236,1774037376313
bybit,gate,ESUSDT,0.13819,0.13919,0.7236,1774037376614
bybit,gate,ESUSDT,0.13819,0.13919,0.7236,1774037376914
bybit,gate,ESUSDT,0.13819,0.13919,0.7236,1774037377215
bybit,gate,ESUSDT,0.13819,0.13919,0.7236,1774037377515
bybit,gate,ESUSDT,0.13819,0.13919,0.7236,1774037377815
bybit,gate,ESUSDT,0.13819,0.13919,0.7236,1774037378116
bybit,gate,ESUSDT,0.13819,0.13919,0.7236,1774037378416
bybit,gate,ESUSDT,0.13819,0.13919,0.7236,1774037378716
bybit,gate,ESUSDT,0.13819,0.13919,0.7236,1774037379016
bybit,gate,ESUSDT,0.13819,0.13919,0.7236,1774037379317
bybit,gate,ESUSDT,0.13819,0.13919,0.7236,1774037379617
bybit,gate,ESUSDT,0.13819,0.13919,0.7236,1774037379917
bybit,gate,ESUSDT,0.13819,0.13919,0.7236,1774037380217
bybit,gate,ESUSDT,0.13819,0.13919,0.7236,1774037380517
bybit,gate,ESUSDT,0.13819,0.13919,0.7236,1774037380818
bybit,gate,ESUSDT,0.13819,0.13919,0.7236,1774037381119
bybit,gate,ESUSDT,0.13819,0.13919,0.7236,1774037381419
bybit,gate,ESUSDT,0.13819,0.13919,0.7236,1774037381719
bybit,gate,ESUSDT,0.13819,0.13919,0.7236,1774037382019
bybit,gate,ESUSDT,0.13819,0.13919,0.7236,1774037382320
bybit,gate,ESUSDT,0.13819,0.13919,0.7236,1774037382620
bybit,gate,ESUSDT,0.13819,0.13919,0.7236,1774037382920
bybit,gate,ESUSDT,0.13819,0.13919,0.7236,1774037383221
bybit,gate,ESUSDT,0.13819,0.13919,0.7236,1774037383521
bybit,gate,ESUSDT,0.13819,0.13919,0.7236,1774037383821
bybit,gate,ESUSDT,0.13819,0.13919,0.7236,1774037384122
bybit,gate,ESUSDT,0.13819,0.13919,0.7236,1774037384422
bybit,gate,ESUSDT,0.13819,0.13919,0.7236,1774037384722
bybit,gate,ESUSDT,0.13819,0.13919,0.7236,1774037385023
bybit,gate,ESUSDT,0.13819,0.13919,0.7236,1774037385323
bybit,gate,ESUSDT,0.13819,0.13919,0.7236,1774037385623
bybit,gate,ESUSDT,0.13819,0.13919,0.7236,1774037385923
bybit,gate,ESUSDT,0.13819,0.13919,0.7236,1774037386224
bybit,gate,ESUSDT,0.13819,0.13919,0.7236,1774037386524
bybit,gate,ESUSDT,0.13819,0.13919,0.7236,1774037386824
bybit,gate,ESUSDT,0.13819,0.13919,0.7236,1774037387124
bybit,gate,ESUSDT,0.13819,0.13919,0.7236,1774037387425
bybit,gate,ESUSDT,0.13819,0.13919,0.7236,1774037387725
bybit,gate,ESUSDT,0.13819,0.13919,0.7236,1774037388025
bybit,gate,ESUSDT,0.13819,0.13919,0.7236,1774037388325
bybit,gate,ESUSDT,0.13819,0.13919,0.7236,1774037388625
bybit,gate,ESUSDT,0.13819,0.13919,0.7236,1774037388925
bybit,gate,ESUSDT,0.13819,0.13919,0.7236,1774037389225
bybit,gate,ESUSDT,0.13819,0.13919,0.7236,1774037389526
bybit,gate,ESUSDT,0.13819,0.13919,0.7236,1774037389826
bybit,gate,ESUSDT,0.13819,0.13919,0.7236,1774037390126
bybit,gate,ESUSDT,0.13819,0.13919,0.7236,1774037390426
bybit,gate,ESUSDT,0.13819,0.13919,0.7236,1774037390726
bybit,gate,ESUSDT,0.13819,0.13919,0.7236,1774037391027
bybit,gate,ESUSDT,0.13819,0.13919,0.7236,1774037391327
bybit,gate,ESUSDT,0.13819,0.13919,0.7236,1774037391627
bybit,gate,ESUSDT,0.13819,0.13919,0.7236,1774037391927
bybit,gate,ESUSDT,0.13819,0.13919,0.7236,1774037392228
bybit,gate,ESUSDT,0.13819,0.13919,0.7236,1774037392529
bybit,gate,ESUSDT,0.13819,0.13919,0.7236,1774037392830
bybit,gate,ESUSDT,0.13819,0.13919,0.7236,1774037393130
bybit,gate,ESUSDT,0.13819,0.13919,0.7236,1774037393430
bybit,gate,ESUSDT,0.13819,0.13919,0.7236,1774037393731
bybit,gate,ESUSDT,0.13819,0.13919,0.7236,1774037394031
bybit,gate,ESUSDT,0.13819,0.13919,0.7236,1774037394332
bybit,gate,ESUSDT,0.13819,0.13919,0.7236,1774037394632
bybit,gate,ESUSDT,0.13819,0.13919,0.7236,1774037394932
bybit,gate,ESUSDT,0.13819,0.13919,0.7236,1774037395233
bybit,gate,ESUSDT,0.13819,0.13919,0.7236,1774037395533
bybit,gate,ESUSDT,0.13819,0.13919,0.7236,1774037395833
bybit,gate,ESUSDT,0.13819,0.13919,0.7236,1774037396133
bybit,gate,ESUSDT,0.13819,0.13919,0.7236,1774037396434
bybit,gate,ESUSDT,0.13819,0.13919,0.7236,1774037396735
bybit,gate,ESUSDT,0.13819,0.13919,0.7236,1774037397035
bybit,gate,ESUSDT,0.13819,0.13919,0.7236,1774037397336
bybit,gate,ESUSDT,0.13819,0.13919,0.7236,1774037397636
bybit,gate,ESUSDT,0.13819,0.13919,0.7236,1774037397936
bybit,gate,ESUSDT,0.13819,0.13919,0.7236,1774037398237
bybit,gate,ESUSDT,0.13819,0.13919,0.7236,1774037398538
bybit,gate,ESUSDT,0.13819,0.13919,0.7236,1774037398838
bybit,gate,ESUSDT,0.13819,0.13919,0.7236,1774037399139
bybit,gate,ESUSDT,0.13819,0.13919,0.7236,1774037399439
bybit,gate,ESUSDT,0.13819,0.13919,0.7236,1774037399739
bybit,gate,ESUSDT,0.13819,0.13919,0.7236,1774037400039
bybit,gate,ESUSDT,0.13819,0.13919,0.7236,1774037400340
bybit,gate,ESUSDT,0.13819,0.13919,0.7236,1774037400640
bybit,gate,ESUSDT,0.13819,0.13919,0.7236,1774037400940
bybit,gate,ESUSDT,0.13819,0.13919,0.7236,1774037401240
bybit,gate,ESUSDT,0.13819,0.13919,0.7236,1774037401540
bybit,gate,ESUSDT,0.13819,0.13919,0.7236,1774037401840
bybit,gate,ESUSDT,0.13819,0.13919,0.7236,1774037402140
bybit,gate,ESUSDT,0.13819,0.13919,0.7236,1774037402441
bybit,gate,ESUSDT,0.13819,0.13919,0.7236,1774037402741
bybit,gate,ESUSDT,0.13819,0.13919,0.7236,1774037403041
bybit,gate,ESUSDT,0.13819,0.13919,0.7236,1774037403341
bybit,gate,ESUSDT,0.13819,0.13919,0.7236,1774037403641
bybit,gate,ESUSDT,0.13819,0.13919,0.7236,1774037403942
bybit,gate,ESUSDT,0.13819,0.13919,0.7236,1774037404242
bybit,gate,ESUSDT,0.13819,0.13919,0.7236,1774037404542
bybit,gate,ESUSDT,0.13819,0.13919,0.7236,1774037404843
bybit,gate,ESUSDT,0.13819,0.13919,0.7236,1774037405143
bybit,gate,ESUSDT,0.13819,0.13919,0.7236,1774037405444
bybit,gate,ESUSDT,0.13819,0.13919,0.7236,1774037405744
bybit,gate,ESUSDT,0.13819,0.13919,0.7236,1774037406044
bybit,gate,ESUSDT,0.13819,0.13919,0.7236,1774037406344
bybit,gate,ESUSDT,0.13819,0.13919,0.7236,1774037406645
bybit,gate,ESUSDT,0.13819,0.13919,0.7236,1774037406946
bybit,gate,ESUSDT,0.13819,0.13919,0.7236,1774037407246
bybit,gate,ESUSDT,0.13819,0.13919,0.7236,1774037407546
bybit,gate,ESUSDT,0.13819,0.13919,0.7236,1774037407846
bybit,gate,ESUSDT,0.13819,0.13919,0.7236,1774037408147
bybit,gate,ESUSDT,0.13819,0.13919,0.7236,1774037408447
bybit,gate,ESUSDT,0.13819,0.13919,0.7236,1774037408747
bybit,gate,ESUSDT,0.13819,0.13919,0.7236,1774037409047
bybit,gate,ESUSDT,0.13819,0.13919,0.7236,1774037409347
bybit,gate,ESUSDT,0.13819,0.13919,0.7236,1774037409647
bybit,gate,ESUSDT,0.13819,0.13919,0.7236,1774037409948
bybit,gate,ESUSDT,0.13819,0.13919,0.7236,1774037410248
bybit,gate,ESUSDT,0.13819,0.13919,0.7236,1774037410548
bybit,gate,ESUSDT,0.13819,0.13919,0.7236,1774037410848
bybit,gate,ESUSDT,0.13819,0.13919,0.7236,1774037411149
bybit,gate,ESUSDT,0.13819,0.13919,0.7236,1774037411449
bybit,gate,ESUSDT,0.13819,0.13919,0.7236,1774037411749
bybit,gate,ESUSDT,0.13819,0.13919,0.7236,1774037412049
bybit,gate,ESUSDT,0.13819,0.13919,0.7236,1774037412350
bybit,gate,ESUSDT,0.13819,0.13919,0.7236,1774037412650
bybit,gate,ESUSDT,0.13819,0.13919,0.7236,1774037412950
bybit,gate,ESUSDT,0.13819,0.13919,0.7236,1774037413250
bybit,gate,ESUSDT,0.13819,0.13919,0.7236,1774037413550
bybit,gate,ESUSDT,0.13819,0.13919,0.7236,1774037413851
bybit,gate,ESUSDT,0.13819,0.13919,0.7236,1774037414151
bybit,gate,ESUSDT,0.13819,0.13919,0.7236,1774037414451
bybit,gate,ESUSDT,0.13819,0.13919,0.7236,1774037414754
bybit,gate,ESUSDT,0.13819,0.13919,0.7236,1774037415055
bybit,gate,ESUSDT,0.13819,0.13919,0.7236,1774037415355
bybit,gate,ESUSDT,0.13819,0.13919,0.7236,1774037415655
bybit,gate,ESUSDT,0.13819,0.13919,0.7236,1774037415956
bybit,gate,ESUSDT,0.13819,0.13919,0.7236,1774037416256
bybit,gate,ESUSDT,0.13819,0.13919,0.7236,1774037416557
bybit,gate,ESUSDT,0.13819,0.13919,0.7236,1774037416857
bybit,gate,ESUSDT,0.13819,0.13919,0.7236,1774037417157
bybit,gate,ESUSDT,0.13819,0.13919,0.7236,1774037417458
bybit,gate,ESUSDT,0.13819,0.13919,0.7236,1774037417758
bybit,gate,ESUSDT,0.13819,0.13919,0.7236,1774037418058
bybit,gate,ESUSDT,0.13819,0.13919,0.7236,1774037418358
bybit,gate,ESUSDT,0.13819,0.13919,0.7236,1774037418659
bybit,gate,ESUSDT,0.13819,0.13919,0.7236,1774037418959
bybit,gate,ESUSDT,0.13819,0.13919,0.7236,1774037419260
bybit,gate,ESUSDT,0.13819,0.13919,0.7236,1774037419560
bybit,gate,ESUSDT,0.13819,0.13919,0.7236,1774037419860
bybit,gate,ESUSDT,0.13819,0.13919,0.7236,1774037420160
bybit,gate,ESUSDT,0.13819,0.13919,0.7236,1774037420461
bybit,gate,ESUSDT,0.13819,0.13919,0.7236,1774037420761
bybit,gate,ESUSDT,0.13819,0.13919,0.7236,1774037421061
bybit,gate,ESUSDT,0.13819,0.13919,0.7236,1774037421361
bybit,gate,ESUSDT,0.13819,0.13919,0.7236,1774037421662
bybit,gate,ESUSDT,0.13819,0.13919,0.7236,1774037421962
bybit,gate,ESUSDT,0.13819,0.13919,0.7236,1774037422263
bybit,gate,ESUSDT,0.13819,0.13919,0.7236,1774037422563
bybit,gate,ESUSDT,0.13819,0.13919,0.7236,1774037422863
bybit,gate,ESUSDT,0.13819,0.13919,0.7236,1774037423164
bybit,gate,ESUSDT,0.13819,0.13919,0.7236,1774037423464
bybit,gate,ESUSDT,0.13819,0.13919,0.7236,1774037423764
bybit,gate,ESUSDT,0.13819,0.13919,0.7236,1774037424065
bybit,gate,ESUSDT,0.13819,0.13919,0.7236,1774037424365
bybit,gate,ESUSDT,0.13819,0.13919,0.7236,1774037424665
bybit,gate,ESUSDT,0.13819,0.13919,0.7236,1774037424965
bybit,gate,ESUSDT,0.13819,0.13919,0.7236,1774037425265
bybit,gate,ESUSDT,0.13819,0.13919,0.7236,1774037425565
bybit,gate,ESUSDT,0.13819,0.13919,0.7236,1774037425865
bybit,gate,ESUSDT,0.13819,0.13919,0.7236,1774037426166
bybit,gate,ESUSDT,0.13819,0.13919,0.7236,1774037426466
bybit,gate,ESUSDT,0.13819,0.13919,0.7236,1774037426766
bybit,gate,ESUSDT,0.13819,0.13919,0.7236,1774037427066
bybit,gate,ESUSDT,0.13819,0.13919,0.7236,1774037427366
bybit,gate,ESUSDT,0.13819,0.13919,0.7236,1774037427667
bybit,gate,ESUSDT,0.13819,0.13919,0.7236,1774037427968
bybit,gate,ESUSDT,0.13819,0.13919,0.7236,1774037428268
bybit,gate,ESUSDT,0.13819,0.13919,0.7236,1774037428568
bybit,gate,ESUSDT,0.13819,0.13919,0.7236,1774037428868
bybit,gate,ESUSDT,0.13819,0.13919,0.7236,1774037429169
bybit,gate,ESUSDT,0.13819,0.13919,0.7236,1774037429469
bybit,gate,ESUSDT,0.13819,0.13919,0.7236,1774037429769
bybit,gate,ESUSDT,0.13819,0.13919,0.7236,1774037430069
bybit,gate,ESUSDT,0.13819,0.13919,0.7236,1774037430369
bybit,gate,ESUSDT,0.13819,0.13919,0.7236,1774037430670
bybit,gate,ESUSDT,0.13819,0.13919,0.7236,1774037430970
bybit,gate,ESUSDT,0.13819,0.13919,0.7236,1774037431270
bybit,gate,ESUSDT,0.13819,0.13919,0.7236,1774037431571
bybit,gate,ESUSDT,0.13819,0.13919,0.7236,1774037431871
bybit,gate,ESUSDT,0.13819,0.13919,0.7236,1774037432172
bybit,gate,ESUSDT,0.13819,0.13919,0.7236,1774037432472
bybit,gate,ESUSDT,0.13819,0.13919,0.7236,1774037432772
bybit,gate,ESUSDT,0.13819,0.13919,0.7236,1774037433072
bybit,gate,ESUSDT,0.13819,0.13919,0.7236,1774037433372
bybit,gate,ESUSDT,0.13819,0.13919,0.7236,1774037433672
bybit,gate,ESUSDT,0.13819,0.13919,0.7236,1774037433973
bybit,gate,ESUSDT,0.13819,0.13919,0.7236,1774037434273
bybit,gate,ESUSDT,0.13819,0.13919,0.7236,1774037434574
bybit,gate,ESUSDT,0.13819,0.13919,0.7236,1774037434874
bybit,gate,ESUSDT,0.13819,0.13919,0.7236,1774037435176
bybit,gate,ESUSDT,0.13819,0.13919,0.7236,1774037435476
bybit,gate,ESUSDT,0.13819,0.13919,0.7236,1774037435777
bybit,gate,ESUSDT,0.13819,0.13919,0.7236,1774037436077
bybit,gate,ESUSDT,0.13819,0.13919,0.7236,1774037436377
bybit,gate,ESUSDT,0.13819,0.13919,0.7236,1774037436678
bybit,gate,ESUSDT,0.13819,0.13919,0.7236,1774037436978
bybit,gate,ESUSDT,0.13819,0.13919,0.7236,1774037437279
bybit,gate,ESUSDT,0.13819,0.13919,0.7236,1774037437579
bybit,gate,ESUSDT,0.13819,0.13919,0.7236,1774037437879
bybit,gate,ESUSDT,0.13819,0.13919,0.7236,1774037438180
bybit,gate,ESUSDT,0.13819,0.13919,0.7236,1774037438480
bybit,gate,ESUSDT,0.13819,0.13919,0.7236,1774037438780
bybit,gate,ESUSDT,0.13819,0.13919,0.7236,1774037439081
bybit,gate,ESUSDT,0.13819,0.13919,0.7236,1774037439381
bybit,gate,ESUSDT,0.13819,0.13919,0.7236,1774037439681
bybit,gate,ESUSDT,0.13819,0.13919,0.7236,1774037439981
bybit,gate,ESUSDT,0.13819,0.13919,0.7236,1774037440282
bybit,gate,ESUSDT,0.13819,0.13919,0.7236,1774037440582
bybit,gate,ESUSDT,0.13819,0.13919,0.7236,1774037440882
bybit,gate,ESUSDT,0.13819,0.13919,0.7236,1774037441183
bybit,gate,ESUSDT,0.13819,0.13919,0.7236,1774037441484
bybit,gate,ESUSDT,0.13819,0.13919,0.7236,1774037441784
bybit,gate,ESUSDT,0.13819,0.13919,0.7236,1774037442084
bybit,gate,ESUSDT,0.13819,0.13919,0.7236,1774037442384
bybit,gate,ESUSDT,0.13819,0.13919,0.7236,1774037442684
bybit,gate,ESUSDT,0.13819,0.13919,0.7236,1774037442984
bybit,gate,ESUSDT,0.13819,0.13919,0.7236,1774037443285
bybit,gate,ESUSDT,0.13819,0.13919,0.7236,1774037443585
bybit,gate,ESUSDT,0.13819,0.13919,0.7236,1774037443885
bybit,gate,ESUSDT,0.13819,0.13919,0.7236,1774037444186
bybit,gate,ESUSDT,0.13819,0.13919,0.7236,1774037444486
bybit,gate,ESUSDT,0.13819,0.13919,0.7236,1774037444787
bybit,gate,ESUSDT,0.13819,0.13919,0.7236,1774037445088
bybit,gate,ESUSDT,0.13819,0.13919,0.7236,1774037445388
bybit,gate,ESUSDT,0.13819,0.13919,0.7236,1774037445689
bybit,gate,ESUSDT,0.13826,0.13919,0.6726,1774037445989
bybit,gate,ESUSDT,0.13826,0.13919,0.6726,1774037446289
bybit,gate,ESUSDT,0.13826,0.13919,0.6726,1774037446589
bybit,gate,ESUSDT,0.13826,0.13919,0.6726,1774037446890
bybit,gate,ESUSDT,0.13826,0.13919,0.6726,1774037447190
bybit,gate,ESUSDT,0.13826,0.13919,0.6726,1774037447490
bybit,gate,ESUSDT,0.13826,0.13919,0.6726,1774037447790
bybit,gate,ESUSDT,0.13826,0.13919,0.6726,1774037448091
bybit,gate,ESUSDT,0.13826,0.13919,0.6726,1774037448391
bybit,gate,ESUSDT,0.13826,0.13919,0.6726,1774037448691
bybit,gate,ESUSDT,0.13826,0.13919,0.6726,1774037448991
bybit,gate,ESUSDT,0.13826,0.13919,0.6726,1774037449292
bybit,gate,ESUSDT,0.13826,0.13919,0.6726,1774037449593
bybit,gate,ESUSDT,0.13826,0.13919,0.6726,1774037449893
bybit,gate,ESUSDT,0.13826,0.13919,0.6726,1774037450193
bybit,gate,ESUSDT,0.13826,0.13919,0.6726,1774037450494
bybit,gate,ESUSDT,0.13826,0.13919,0.6726,1774037450794
bybit,gate,ESUSDT,0.13826,0.13919,0.6726,1774037451094
bybit,gate,ESUSDT,0.13826,0.13919,0.6726,1774037451395
bybit,gate,ESUSDT,0.13826,0.13919,0.6726,1774037451695
bybit,gate,ESUSDT,0.13826,0.13919,0.6726,1774037451995
bybit,gate,ESUSDT,0.13826,0.13919,0.6726,1774037452295
bybit,gate,ESUSDT,0.13826,0.13919,0.6726,1774037452595
bybit,gate,ESUSDT,0.13826,0.13919,0.6726,1774037452895
bybit,gate,ESUSDT,0.13826,0.13919,0.6726,1774037453196
bybit,gate,ESUSDT,0.13826,0.13919,0.6726,1774037453496
bybit,gate,ESUSDT,0.13826,0.13919,0.6726,1774037453796
bybit,gate,ESUSDT,0.13826,0.13919,0.6726,1774037454096
bybit,gate,ESUSDT,0.13826,0.13919,0.6726,1774037454397
bybit,gate,ESUSDT,0.13826,0.13919,0.6726,1774037454697
bybit,gate,ESUSDT,0.13826,0.13919,0.6726,1774037454998
bybit,gate,ESUSDT,0.13826,0.13919,0.6726,1774037455299
bybit,gate,ESUSDT,0.13826,0.13919,0.6726,1774037455599
bybit,gate,ESUSDT,0.13826,0.13919,0.6726,1774037455900
bybit,gate,ESUSDT,0.13826,0.13919,0.6726,1774037456200
bybit,gate,ESUSDT,0.13826,0.13919,0.6726,1774037456500
bybit,gate,ESUSDT,0.13826,0.13919,0.6726,1774037456801
bybit,gate,ESUSDT,0.13826,0.13919,0.6726,1774037457101
bybit,gate,ESUSDT,0.13826,0.13919,0.6726,1774037457402
bybit,gate,ESUSDT,0.13826,0.13919,0.6726,1774037457702
bybit,gate,ESUSDT,0.13826,0.13919,0.6726,1774037458002
bybit,gate,ESUSDT,0.13826,0.13919,0.6726,1774037458302
bybit,gate,ESUSDT,0.13826,0.13919,0.6726,1774037458602
bybit,gate,ESUSDT,0.13826,0.13919,0.6726,1774037458903
bybit,gate,ESUSDT,0.13826,0.13919,0.6726,1774037459203
bybit,gate,ESUSDT,0.13826,0.13919,0.6726,1774037459504
bybit,gate,ESUSDT,0.13826,0.13919,0.6726,1774037459804
bybit,gate,ESUSDT,0.13826,0.13919,0.6726,1774037460105
bybit,gate,ESUSDT,0.13826,0.13919,0.6726,1774037460405
bybit,gate,ESUSDT,0.13826,0.13919,0.6726,1774037460705
bybit,gate,ESUSDT,0.13826,0.13919,0.6726,1774037461005
bybit,gate,ESUSDT,0.13826,0.13919,0.6726,1774037461306
bybit,gate,ESUSDT,0.13826,0.13919,0.6726,1774037461606
bybit,gate,ESUSDT,0.13826,0.13919,0.6726,1774037461906
bybit,gate,ESUSDT,0.13826,0.13919,0.6726,1774037462206
bybit,gate,ESUSDT,0.13826,0.13919,0.6726,1774037462507
bybit,gate,ESUSDT,0.13826,0.13919,0.6726,1774037462807
bybit,gate,ESUSDT,0.13826,0.13919,0.6726,1774037463107
bybit,gate,ESUSDT,0.13826,0.13919,0.6726,1774037463408
bybit,gate,ESUSDT,0.13826,0.13919,0.6726,1774037463708
bybit,gate,ESUSDT,0.13826,0.13919,0.6726,1774037464009
bybit,gate,ESUSDT,0.13826,0.13919,0.6726,1774037464313
bybit,gate,ESUSDT,0.13826,0.13919,0.6726,1774037464614
bybit,gate,ESUSDT,0.13826,0.13919,0.6726,1774037464914
bybit,gate,ESUSDT,0.13826,0.13919,0.6726,1774037465214
bybit,gate,ESUSDT,0.13826,0.13919,0.6726,1774037465514
bybit,gate,ESUSDT,0.13826,0.13919,0.6726,1774037465814
bybit,gate,ESUSDT,0.13826,0.13919,0.6726,1774037466114
bybit,gate,ESUSDT,0.13826,0.13919,0.6726,1774037466415
bybit,gate,ESUSDT,0.13826,0.13919,0.6726,1774037466715
bybit,gate,ESUSDT,0.13826,0.13919,0.6726,1774037467015
bybit,gate,ESUSDT,0.13826,0.13919,0.6726,1774037467315
bybit,gate,ESUSDT,0.13826,0.13919,0.6726,1774037467615
bybit,gate,ESUSDT,0.13826,0.13919,0.6726,1774037467915
bybit,gate,ESUSDT,0.13826,0.13919,0.6726,1774037468216
bybit,gate,ESUSDT,0.13826,0.13919,0.6726,1774037468517
bybit,gate,ESUSDT,0.13826,0.13919,0.6726,1774037468818
bybit,gate,ESUSDT,0.13826,0.13919,0.6726,1774037469119
bybit,gate,ESUSDT,0.13826,0.13919,0.6726,1774037469419
bybit,gate,ESUSDT,0.13826,0.13919,0.6726,1774037469719
bybit,gate,ESUSDT,0.13826,0.13919,0.6726,1774037470019
bybit,gate,ESUSDT,0.13826,0.13919,0.6726,1774037470319
bybit,gate,ESUSDT,0.13826,0.13919,0.6726,1774037470619
bybit,gate,ESUSDT,0.13826,0.13919,0.6726,1774037470920
bybit,gate,ESUSDT,0.13826,0.13919,0.6726,1774037471220
bybit,gate,ESUSDT,0.13826,0.13919,0.6726,1774037471520
bybit,gate,ESUSDT,0.13826,0.13919,0.6726,1774037471820
bybit,gate,ESUSDT,0.13826,0.13919,0.6726,1774037472121
bybit,gate,ESUSDT,0.13826,0.13919,0.6726,1774037472421
bybit,gate,ESUSDT,0.13826,0.13919,0.6726,1774037472721
bybit,gate,ESUSDT,0.13826,0.13919,0.6726,1774037473021
bybit,gate,ESUSDT,0.13826,0.13919,0.6726,1774037473322
bybit,gate,ESUSDT,0.13826,0.13919,0.6726,1774037473622
bybit,gate,ESUSDT,0.13826,0.13919,0.6726,1774037473923
bybit,gate,ESUSDT,0.13826,0.13919,0.6726,1774037474223
bybit,gate,ESUSDT,0.13826,0.13919,0.6726,1774037474524
bybit,gate,ESUSDT,0.13826,0.13919,0.6726,1774037474824
bybit,gate,ESUSDT,0.13826,0.13919,0.6726,1774037475124
bybit,gate,ESUSDT,0.13826,0.13919,0.6726,1774037475424
bybit,gate,ESUSDT,0.13826,0.13919,0.6726,1774037475725
bybit,gate,ESUSDT,0.13826,0.13919,0.6726,1774037476025
bybit,gate,ESUSDT,0.13826,0.13919,0.6726,1774037476325
bybit,gate,ESUSDT,0.13826,0.13919,0.6726,1774037476626
bybit,gate,ESUSDT,0.13826,0.13919,0.6726,1774037476926
bybit,gate,ESUSDT,0.13826,0.13919,0.6726,1774037477226
bybit,gate,ESUSDT,0.13826,0.13919,0.6726,1774037477527
bybit,gate,ESUSDT,0.13826,0.13919,0.6726,1774037477827
bybit,gate,ESUSDT,0.13826,0.13919,0.6726,1774037478127
bybit,gate,ESUSDT,0.13826,0.13919,0.6726,1774037478428
bybit,gate,ESUSDT,0.13826,0.13919,0.6726,1774037478728
bybit,gate,ESUSDT,0.13826,0.13919,0.6726,1774037479029
bybit,gate,ESUSDT,0.13826,0.13919,0.6726,1774037479329
bybit,gate,ESUSDT,0.13826,0.13919,0.6726,1774037479629
bybit,gate,ESUSDT,0.13826,0.13919,0.6726,1774037479930
bybit,gate,ESUSDT,0.13826,0.13919,0.6726,1774037480230
bybit,gate,ESUSDT,0.13826,0.13919,0.6726,1774037480531
bybit,gate,ESUSDT,0.13826,0.13919,0.6726,1774037480831
bybit,gate,ESUSDT,0.13826,0.13919,0.6726,1774037481131
bybit,gate,ESUSDT,0.13826,0.13919,0.6726,1774037481431
bybit,gate,ESUSDT,0.13826,0.13919,0.6726,1774037481732
bybit,gate,ESUSDT,0.13826,0.13919,0.6726,1774037482033
bybit,gate,ESUSDT,0.13826,0.13919,0.6726,1774037482334
bybit,gate,ESUSDT,0.13826,0.13919,0.6726,1774037482634
bybit,gate,ESUSDT,0.13826,0.13919,0.6726,1774037482935
bybit,gate,ESUSDT,0.13826,0.13919,0.6726,1774037483235
bybit,gate,ESUSDT,0.13826,0.13919,0.6726,1774037483536
bybit,gate,ESUSDT,0.13826,0.13919,0.6726,1774037483836
bybit,gate,ESUSDT,0.13826,0.13919,0.6726,1774037484137
bybit,gate,ESUSDT,0.13826,0.13919,0.6726,1774037484438
bybit,gate,ESUSDT,0.13826,0.13919,0.6726,1774037484738
bybit,gate,ESUSDT,0.13826,0.13919,0.6726,1774037485039
bybit,gate,ESUSDT,0.13826,0.13919,0.6726,1774037485339
bybit,gate,ESUSDT,0.13826,0.13919,0.6726,1774037485639
bybit,gate,ESUSDT,0.13826,0.13919,0.6726,1774037485940
bybit,gate,ESUSDT,0.13826,0.13919,0.6726,1774037486240
bybit,gate,ESUSDT,0.13826,0.13919,0.6726,1774037486540
bybit,gate,ESUSDT,0.13826,0.13919,0.6726,1774037486841
bybit,gate,ESUSDT,0.13826,0.13919,0.6726,1774037487141
bybit,gate,ESUSDT,0.13826,0.13919,0.6726,1774037487441
bybit,gate,ESUSDT,0.13826,0.13919,0.6726,1774037487741
bybit,gate,ESUSDT,0.13826,0.13919,0.6726,1774037488042
bybit,gate,ESUSDT,0.13826,0.13919,0.6726,1774037488342
bybit,gate,ESUSDT,0.13826,0.13919,0.6726,1774037488642
bybit,gate,ESUSDT,0.13826,0.13919,0.6726,1774037488942
bybit,gate,ESUSDT,0.13826,0.13919,0.6726,1774037489242
bybit,gate,ESUSDT,0.13826,0.13919,0.6726,1774037489543
bybit,gate,ESUSDT,0.13826,0.13919,0.6726,1774037489843
bybit,gate,ESUSDT,0.13826,0.13919,0.6726,1774037490143
bybit,gate,ESUSDT,0.13826,0.13919,0.6726,1774037490443
bybit,gate,ESUSDT,0.13826,0.13919,0.6726,1774037490743
bybit,gate,ESUSDT,0.13826,0.13919,0.6726,1774037491043
bybit,gate,ESUSDT,0.13826,0.13913,0.6292,1774037491343
bybit,gate,ESUSDT,0.13826,0.13913,0.6292,1774037491643
bybit,gate,ESUSDT,0.13826,0.13913,0.6292,1774037491943
bybit,gate,ESUSDT,0.13826,0.13911,0.6148,1774037492244
bybit,gate,ESUSDT,0.13826,0.13911,0.6148,1774037492545
bybit,gate,ESUSDT,0.13826,0.13911,0.6148,1774037492845
bybit,gate,ESUSDT,0.13826,0.13911,0.6148,1774037493145
bybit,gate,ESUSDT,0.13826,0.13911,0.6148,1774037493446
bybit,gate,ESUSDT,0.13826,0.13911,0.6148,1774037493747
bybit,gate,ESUSDT,0.13826,0.13911,0.6148,1774037494047
bybit,gate,ESUSDT,0.13826,0.13911,0.6148,1774037494348
bybit,gate,ESUSDT,0.13826,0.13911,0.6148,1774037494648
bybit,gate,ESUSDT,0.13826,0.13907,0.5859,1774037494948
bybit,gate,ESUSDT,0.13826,0.13907,0.5859,1774037495249
bybit,gate,ESUSDT,0.13826,0.13907,0.5859,1774037495549
bybit,gate,ESUSDT,0.13826,0.13907,0.5859,1774037495849
bybit,gate,ESUSDT,0.13826,0.13907,0.5859,1774037496149
bybit,gate,ESUSDT,0.13826,0.13907,0.5859,1774037496449
bybit,gate,ESUSDT,0.13826,0.13907,0.5859,1774037496749
bybit,gate,ESUSDT,0.13826,0.13907,0.5859,1774037497050
bybit,gate,ESUSDT,0.13826,0.13907,0.5859,1774037497350
bybit,gate,ESUSDT,0.13826,0.13907,0.5859,1774037497650
bybit,gate,ESUSDT,0.13826,0.13907,0.5859,1774037497950
bybit,gate,ESUSDT,0.13826,0.13907,0.5859,1774037498251
bybit,gate,ESUSDT,0.13826,0.13907,0.5859,1774037498551
bybit,gate,ESUSDT,0.13826,0.13907,0.5859,1774037498852
bybit,gate,ESUSDT,0.13826,0.13907,0.5859,1774037499152
bybit,gate,ESUSDT,0.13826,0.13907,0.5859,1774037499452
bybit,gate,ESUSDT,0.13826,0.13907,0.5859,1774037499752
bybit,gate,ESUSDT,0.13826,0.13907,0.5859,1774037500052
bybit,gate,ESUSDT,0.13826,0.13907,0.5859,1774037500353
bybit,gate,ESUSDT,0.13826,0.13907,0.5859,1774037500653
bybit,gate,ESUSDT,0.13826,0.13907,0.5859,1774037500953
bybit,gate,ESUSDT,0.13826,0.13907,0.5859,1774037501254
bybit,gate,ESUSDT,0.13826,0.13907,0.5859,1774037501554
bybit,gate,ESUSDT,0.13826,0.13905,0.5714,1774037501854
bybit,gate,ESUSDT,0.13826,0.13905,0.5714,1774037502154
bybit,gate,ESUSDT,0.13826,0.13905,0.5714,1774037502454
bybit,gate,ESUSDT,0.13826,0.13905,0.5714,1774037502755
bybit,gate,ESUSDT,0.13826,0.13905,0.5714,1774037503055
bybit,gate,ESUSDT,0.13826,0.13905,0.5714,1774037503355
bybit,gate,ESUSDT,0.13826,0.13905,0.5714,1774037503655
bybit,gate,ESUSDT,0.13826,0.13905,0.5714,1774037503956
bybit,gate,ESUSDT,0.13826,0.13905,0.5714,1774037504257
bybit,gate,ESUSDT,0.13826,0.13905,0.5714,1774037504557
bybit,gate,ESUSDT,0.13826,0.13905,0.5714,1774037504857
bybit,gate,ESUSDT,0.13826,0.13905,0.5714,1774037505157
bybit,gate,ESUSDT,0.13826,0.13905,0.5714,1774037505457
bybit,gate,ESUSDT,0.13826,0.13905,0.5714,1774037505758
bybit,gate,ESUSDT,0.13826,0.13905,0.5714,1774037506058
bybit,gate,ESUSDT,0.13826,0.13905,0.5714,1774037506358
bybit,gate,ESUSDT,0.13826,0.13905,0.5714,1774037506658
bybit,gate,ESUSDT,0.13826,0.13905,0.5714,1774037506959
bybit,gate,ESUSDT,0.13826,0.13905,0.5714,1774037507259
bybit,gate,ESUSDT,0.13826,0.13905,0.5714,1774037507560
bybit,gate,ESUSDT,0.13826,0.13905,0.5714,1774037507860
bybit,gate,ESUSDT,0.13826,0.13905,0.5714,1774037508160
bybit,gate,ESUSDT,0.13826,0.13905,0.5714,1774037508460
bybit,gate,ESUSDT,0.13826,0.13905,0.5714,1774037508761
bybit,gate,ESUSDT,0.13826,0.13905,0.5714,1774037509061
bybit,gate,ESUSDT,0.13826,0.13905,0.5714,1774037509361
bybit,gate,ESUSDT,0.13826,0.13905,0.5714,1774037509662
bybit,gate,ESUSDT,0.13826,0.13905,0.5714,1774037509963
bybit,gate,ESUSDT,0.13826,0.13905,0.5714,1774037510263
bybit,gate,ESUSDT,0.13826,0.13905,0.5714,1774037510563
bybit,gate,ESUSDT,0.13826,0.13905,0.5714,1774037510863
bybit,gate,ESUSDT,0.13826,0.13905,0.5714,1774037511163
bybit,gate,ESUSDT,0.13826,0.13905,0.5714,1774037511464
bybit,gate,ESUSDT,0.13826,0.13905,0.5714,1774037511764
bybit,gate,ESUSDT,0.13826,0.13905,0.5714,1774037512064
bybit,gate,ESUSDT,0.13826,0.13905,0.5714,1774037512364
bybit,gate,ESUSDT,0.13826,0.13905,0.5714,1774037512665
bybit,gate,ESUSDT,0.13826,0.13905,0.5714,1774037512965
bybit,gate,ESUSDT,0.13826,0.13905,0.5714,1774037513265
bybit,gate,ESUSDT,0.13826,0.13905,0.5714,1774037513565
bybit,gate,ESUSDT,0.13826,0.13905,0.5714,1774037513866
bybit,gate,ESUSDT,0.13826,0.13905,0.5714,1774037514166
bybit,gate,ESUSDT,0.13826,0.13905,0.5714,1774037514466
bybit,gate,ESUSDT,0.13826,0.13905,0.5714,1774037514766
bybit,gate,ESUSDT,0.13826,0.13905,0.5714,1774037515066
bybit,gate,ESUSDT,0.13826,0.13905,0.5714,1774037515366
bybit,gate,ESUSDT,0.13826,0.13905,0.5714,1774037515667
bybit,gate,ESUSDT,0.13826,0.13905,0.5714,1774037515967
bybit,gate,ESUSDT,0.13826,0.13905,0.5714,1774037516267
bybit,gate,ESUSDT,0.13826,0.13905,0.5714,1774037516567
bybit,gate,ESUSDT,0.13826,0.13905,0.5714,1774037516868
bybit,gate,ESUSDT,0.13826,0.13905,0.5714,1774037517168
bybit,gate,ESUSDT,0.13826,0.13905,0.5714,1774037517469
bybit,gate,ESUSDT,0.13826,0.13905,0.5714,1774037517769
bybit,gate,ESUSDT,0.13826,0.13905,0.5714,1774037518069
bybit,gate,ESUSDT,0.13826,0.13905,0.5714,1774037518369
bybit,gate,ESUSDT,0.13826,0.13905,0.5714,1774037518669
bybit,gate,ESUSDT,0.13826,0.13905,0.5714,1774037518969
bybit,gate,ESUSDT,0.13826,0.13905,0.5714,1774037519270
bybit,gate,ESUSDT,0.13826,0.13905,0.5714,1774037519570
bybit,gate,ESUSDT,0.13826,0.13905,0.5714,1774037519870
bybit,gate,ESUSDT,0.13826,0.13905,0.5714,1774037520170
bybit,gate,ESUSDT,0.13826,0.13905,0.5714,1774037520471
bybit,gate,ESUSDT,0.13826,0.13905,0.5714,1774037520771
bybit,gate,ESUSDT,0.13826,0.13905,0.5714,1774037521071
bybit,gate,ESUSDT,0.13826,0.13905,0.5714,1774037521371
bybit,gate,ESUSDT,0.13826,0.13905,0.5714,1774037521671
bybit,gate,ESUSDT,0.13826,0.13905,0.5714,1774037521971
bybit,gate,ESUSDT,0.13826,0.13905,0.5714,1774037522271
bybit,gate,ESUSDT,0.13826,0.13905,0.5714,1774037522571
bybit,gate,ESUSDT,0.13826,0.13905,0.5714,1774037522872
bybit,gate,ESUSDT,0.13826,0.13905,0.5714,1774037523172
bybit,gate,ESUSDT,0.13826,0.13905,0.5714,1774037523472
bybit,gate,ESUSDT,0.13826,0.13905,0.5714,1774037523773
bybit,gate,ESUSDT,0.13826,0.13905,0.5714,1774037524073
bybit,gate,ESUSDT,0.13826,0.13905,0.5714,1774037524374
bybit,gate,ESUSDT,0.13826,0.13905,0.5714,1774037524674
bybit,gate,ESUSDT,0.13826,0.13905,0.5714,1774037524974
bybit,gate,ESUSDT,0.13826,0.13905,0.5714,1774037525275
bybit,gate,ESUSDT,0.13826,0.13905,0.5714,1774037525575
bybit,gate,ESUSDT,0.13826,0.13905,0.5714,1774037525876
bybit,gate,ESUSDT,0.13826,0.13905,0.5714,1774037526176
bybit,gate,ESUSDT,0.13826,0.13905,0.5714,1774037526476
bybit,gate,ESUSDT,0.13826,0.13905,0.5714,1774037526776
bybit,gate,ESUSDT,0.13826,0.13905,0.5714,1774037527077
bybit,gate,ESUSDT,0.13826,0.13905,0.5714,1774037527377
bybit,gate,ESUSDT,0.13826,0.13905,0.5714,1774037527677
bybit,gate,ESUSDT,0.13826,0.13905,0.5714,1774037527978
bybit,gate,ESUSDT,0.13826,0.13905,0.5714,1774037528278
bybit,gate,ESUSDT,0.13826,0.13905,0.5714,1774037528578
bybit,gate,ESUSDT,0.13826,0.13905,0.5714,1774037528881
bybit,gate,ESUSDT,0.13826,0.13905,0.5714,1774037529181
bybit,gate,ESUSDT,0.13826,0.13905,0.5714,1774037529482
bybit,gate,ESUSDT,0.13826,0.13905,0.5714,1774037529782
bybit,gate,ESUSDT,0.13826,0.13905,0.5714,1774037530082
bybit,gate,ESUSDT,0.13826,0.13905,0.5714,1774037530383
bybit,gate,ESUSDT,0.13826,0.13905,0.5714,1774037530683
bybit,gate,ESUSDT,0.13826,0.13905,0.5714,1774037530983
bybit,gate,ESUSDT,0.13826,0.13905,0.5714,1774037531284
bybit,gate,ESUSDT,0.13826,0.13905,0.5714,1774037531584
bybit,gate,ESUSDT,0.13826,0.13905,0.5714,1774037531884
bybit,gate,ESUSDT,0.13826,0.13905,0.5714,1774037532184
bybit,gate,ESUSDT,0.13826,0.13905,0.5714,1774037532485
bybit,gate,ESUSDT,0.13826,0.13905,0.5714,1774037532785
bybit,gate,ESUSDT,0.13826,0.13905,0.5714,1774037533085
bybit,gate,ESUSDT,0.13826,0.13905,0.5714,1774037533385
bybit,gate,ESUSDT,0.13826,0.13905,0.5714,1774037533686
bybit,gate,ESUSDT,0.13826,0.13905,0.5714,1774037533986
bybit,gate,ESUSDT,0.13826,0.13905,0.5714,1774037534286
bybit,gate,ESUSDT,0.13826,0.13905,0.5714,1774037534586
bybit,gate,ESUSDT,0.13826,0.13905,0.5714,1774037534887
bybit,gate,ESUSDT,0.13826,0.13905,0.5714,1774037535187
bybit,gate,ESUSDT,0.13826,0.13905,0.5714,1774037535488
bybit,gate,ESUSDT,0.13826,0.13905,0.5714,1774037535788
bybit,gate,ESUSDT,0.13826,0.13905,0.5714,1774037536089
bybit,gate,ESUSDT,0.13826,0.13905,0.5714,1774037536389
bybit,gate,ESUSDT,0.13826,0.13905,0.5714,1774037536689
bybit,gate,ESUSDT,0.13826,0.13905,0.5714,1774037536990
bybit,gate,ESUSDT,0.13826,0.13905,0.5714,1774037537291
bybit,gate,ESUSDT,0.13826,0.13905,0.5714,1774037537591
bybit,gate,ESUSDT,0.13826,0.13905,0.5714,1774037537892
bybit,gate,ESUSDT,0.13826,0.13905,0.5714,1774037538192
bybit,gate,ESUSDT,0.13826,0.13905,0.5714,1774037538492
bybit,gate,ESUSDT,0.13826,0.13905,0.5714,1774037538792
bybit,gate,ESUSDT,0.13826,0.13905,0.5714,1774037539093
bybit,gate,ESUSDT,0.13826,0.13905,0.5714,1774037539393
bybit,gate,ESUSDT,0.13826,0.13905,0.5714,1774037539693
bybit,gate,ESUSDT,0.13826,0.13905,0.5714,1774037539993
bybit,gate,ESUSDT,0.13826,0.13905,0.5714,1774037540294
bybit,gate,ESUSDT,0.13826,0.13905,0.5714,1774037540595
bybit,gate,ESUSDT,0.13826,0.13905,0.5714,1774037540895
bybit,gate,ESUSDT,0.13826,0.13905,0.5714,1774037541195
bybit,gate,ESUSDT,0.13826,0.13905,0.5714,1774037541495
bybit,gate,ESUSDT,0.13826,0.13905,0.5714,1774037541795
bybit,gate,ESUSDT,0.13826,0.13905,0.5714,1774037542095
bybit,gate,ESUSDT,0.13826,0.13905,0.5714,1774037542396
bybit,gate,ESUSDT,0.13826,0.13905,0.5714,1774037542696
bybit,gate,ESUSDT,0.13826,0.13905,0.5714,1774037542996
bybit,gate,ESUSDT,0.13826,0.13905,0.5714,1774037543296
bybit,gate,ESUSDT,0.13826,0.13905,0.5714,1774037543597
bybit,gate,ESUSDT,0.13826,0.13905,0.5714,1774037543898
bybit,gate,ESUSDT,0.13826,0.13905,0.5714,1774037544200
bybit,gate,ESUSDT,0.13826,0.13905,0.5714,1774037544500
bybit,gate,ESUSDT,0.13826,0.13905,0.5714,1774037544800
bybit,gate,ESUSDT,0.13826,0.13905,0.5714,1774037545101
bybit,gate,ESUSDT,0.13826,0.13905,0.5714,1774037545401
bybit,gate,ESUSDT,0.13826,0.13905,0.5714,1774037545701
bybit,gate,ESUSDT,0.13826,0.13905,0.5714,1774037546001
bybit,gate,ESUSDT,0.13826,0.13905,0.5714,1774037546303
bybit,gate,ESUSDT,0.13826,0.13905,0.5714,1774037546603
bybit,gate,ESUSDT,0.13826,0.13905,0.5714,1774037546903
bybit,gate,ESUSDT,0.13826,0.13905,0.5714,1774037547203
bybit,gate,ESUSDT,0.13826,0.13905,0.5714,1774037547504
bybit,gate,ESUSDT,0.13826,0.13905,0.5714,1774037547804
bybit,gate,ESUSDT,0.13826,0.13905,0.5714,1774037548105
bybit,gate,ESUSDT,0.13826,0.13905,0.5714,1774037548405
bybit,gate,ESUSDT,0.13826,0.13905,0.5714,1774037548706
bybit,gate,ESUSDT,0.13826,0.13905,0.5714,1774037549006
bybit,gate,ESUSDT,0.13826,0.13905,0.5714,1774037549307
bybit,gate,ESUSDT,0.13826,0.13905,0.5714,1774037549608
bybit,gate,ESUSDT,0.13826,0.13905,0.5714,1774037549908
bybit,gate,ESUSDT,0.13826,0.13905,0.5714,1774037550208
bybit,gate,ESUSDT,0.13826,0.13905,0.5714,1774037550509
bybit,gate,ESUSDT,0.13826,0.13905,0.5714,1774037550809
bybit,gate,ESUSDT,0.13826,0.13905,0.5714,1774037551109
bybit,gate,ESUSDT,0.13826,0.13905,0.5714,1774037551410
bybit,gate,ESUSDT,0.13826,0.13905,0.5714,1774037551710
bybit,gate,ESUSDT,0.13826,0.13905,0.5714,1774037552010
bybit,gate,ESUSDT,0.13826,0.13905,0.5714,1774037552310
bybit,gate,ESUSDT,0.13826,0.13905,0.5714,1774037552611
bybit,gate,ESUSDT,0.13826,0.13905,0.5714,1774037552911
bybit,gate,ESUSDT,0.13826,0.13905,0.5714,1774037553211
bybit,gate,ESUSDT,0.13826,0.13905,0.5714,1774037553511
bybit,gate,ESUSDT,0.13826,0.13905,0.5714,1774037553812
bybit,gate,ESUSDT,0.13826,0.13905,0.5714,1774037554112
bybit,gate,ESUSDT,0.13826,0.13905,0.5714,1774037554412
bybit,gate,ESUSDT,0.13826,0.13905,0.5714,1774037554712
bybit,gate,ESUSDT,0.13826,0.13905,0.5714,1774037555012
bybit,gate,ESUSDT,0.13826,0.13905,0.5714,1774037555313
bybit,gate,ESUSDT,0.13826,0.13905,0.5714,1774037555613
bybit,gate,ESUSDT,0.13826,0.13905,0.5714,1774037555913
bybit,gate,ESUSDT,0.13826,0.13905,0.5714,1774037556213
bybit,gate,ESUSDT,0.13826,0.13905,0.5714,1774037556514
bybit,gate,ESUSDT,0.13826,0.13905,0.5714,1774037556814
bybit,gate,ESUSDT,0.13826,0.13905,0.5714,1774037557114
bybit,gate,ESUSDT,0.13826,0.13905,0.5714,1774037557414
bybit,gate,ESUSDT,0.13826,0.13905,0.5714,1774037557714
bybit,gate,ESUSDT,0.13826,0.13905,0.5714,1774037558014
bybit,gate,ESUSDT,0.13826,0.13905,0.5714,1774037558314
bybit,gate,ESUSDT,0.13826,0.13905,0.5714,1774037558615
bybit,gate,ESUSDT,0.13826,0.13905,0.5714,1774037558915
bybit,gate,ESUSDT,0.13826,0.13905,0.5714,1774037559216
bybit,gate,ESUSDT,0.13826,0.13905,0.5714,1774037559516
bybit,gate,ESUSDT,0.13826,0.13905,0.5714,1774037559816
bybit,gate,ESUSDT,0.13826,0.13905,0.5714,1774037560116
bybit,gate,ESUSDT,0.13826,0.13905,0.5714,1774037560416
bybit,gate,ESUSDT,0.13826,0.13905,0.5714,1774037560716
bybit,gate,ESUSDT,0.13826,0.13905,0.5714,1774037561016
bybit,gate,ESUSDT,0.13826,0.13905,0.5714,1774037561317
bybit,gate,ESUSDT,0.13826,0.13905,0.5714,1774037561617
bybit,gate,ESUSDT,0.13826,0.13905,0.5714,1774037561917
bybit,gate,ESUSDT,0.13826,0.13905,0.5714,1774037562219
bybit,gate,ESUSDT,0.13826,0.13905,0.5714,1774037562519
bybit,gate,ESUSDT,0.13826,0.13905,0.5714,1774037562819
bybit,gate,ESUSDT,0.13826,0.13905,0.5714,1774037563119
bybit,gate,ESUSDT,0.13826,0.13905,0.5714,1774037563419
bybit,gate,ESUSDT,0.13826,0.13905,0.5714,1774037563720
bybit,gate,ESUSDT,0.13826,0.13905,0.5714,1774037564020
bybit,gate,ESUSDT,0.13826,0.13905,0.5714,1774037564321
bybit,gate,ESUSDT,0.13826,0.13905,0.5714,1774037564621
bybit,gate,ESUSDT,0.13826,0.13905,0.5714,1774037564921
bybit,gate,ESUSDT,0.13826,0.13905,0.5714,1774037565222
bybit,gate,ESUSDT,0.13826,0.13905,0.5714,1774037565522
bybit,gate,ESUSDT,0.13826,0.13905,0.5714,1774037565822
bybit,gate,ESUSDT,0.13826,0.13905,0.5714,1774037566125
bybit,gate,ESUSDT,0.13826,0.13905,0.5714,1774037566425
bybit,gate,ESUSDT,0.13826,0.13905,0.5714,1774037566725
bybit,gate,ESUSDT,0.13826,0.13905,0.5714,1774037567025
bybit,gate,ESUSDT,0.13826,0.13905,0.5714,1774037567326
bybit,gate,ESUSDT,0.13826,0.13905,0.5714,1774037567626
bybit,gate,ESUSDT,0.13826,0.13905,0.5714,1774037567926
bybit,gate,ESUSDT,0.13826,0.13905,0.5714,1774037568226
bybit,gate,ESUSDT,0.13826,0.13905,0.5714,1774037568526
bybit,gate,ESUSDT,0.13826,0.13905,0.5714,1774037568827
bybit,gate,ESUSDT,0.13826,0.13905,0.5714,1774037569127
bybit,gate,ESUSDT,0.13826,0.13905,0.5714,1774037569428
bybit,gate,ESUSDT,0.13826,0.13905,0.5714,1774037569728
bybit,gate,ESUSDT,0.13826,0.13905,0.5714,1774037570029
bybit,gate,ESUSDT,0.13826,0.13905,0.5714,1774037570329
bybit,gate,ESUSDT,0.13826,0.13905,0.5714,1774037570629
bybit,gate,ESUSDT,0.13826,0.13905,0.5714,1774037570929
bybit,gate,ESUSDT,0.13826,0.13905,0.5714,1774037571229
bybit,gate,ESUSDT,0.13826,0.13905,0.5714,1774037571529
bybit,gate,ESUSDT,0.13826,0.13905,0.5714,1774037571830
bybit,gate,ESUSDT,0.13826,0.13905,0.5714,1774037572130
bybit,gate,ESUSDT,0.13826,0.13905,0.5714,1774037572430
bybit,gate,ESUSDT,0.13826,0.13905,0.5714,1774037572730
bybit,gate,ESUSDT,0.13826,0.13905,0.5714,1774037573031
bybit,gate,ESUSDT,0.13826,0.13905,0.5714,1774037573331
bybit,gate,ESUSDT,0.13826,0.13905,0.5714,1774037573631
bybit,gate,ESUSDT,0.13826,0.13905,0.5714,1774037573932
bybit,gate,ESUSDT,0.13826,0.13905,0.5714,1774037574232
bybit,gate,ESUSDT,0.13826,0.13905,0.5714,1774037574532
bybit,gate,ESUSDT,0.13826,0.13905,0.5714,1774037574833
bybit,gate,ESUSDT,0.13826,0.13905,0.5714,1774037575133
bybit,gate,ESUSDT,0.13826,0.13905,0.5714,1774037575433
bybit,gate,ESUSDT,0.13826,0.13905,0.5714,1774037575734
bybit,gate,ESUSDT,0.13826,0.13905,0.5714,1774037576034
bybit,gate,ESUSDT,0.13826,0.13905,0.5714,1774037576334
bybit,gate,ESUSDT,0.13826,0.13905,0.5714,1774037576634
bybit,gate,ESUSDT,0.13826,0.13905,0.5714,1774037576935
bybit,gate,ESUSDT,0.13826,0.13905,0.5714,1774037577235
bybit,gate,ESUSDT,0.13826,0.13905,0.5714,1774037577535
bybit,gate,ESUSDT,0.13826,0.13905,0.5714,1774037577836
bybit,gate,ESUSDT,0.13826,0.13905,0.5714,1774037578136
bybit,gate,ESUSDT,0.13826,0.13905,0.5714,1774037578436
bybit,gate,ESUSDT,0.13826,0.13905,0.5714,1774037578737
bybit,gate,ESUSDT,0.13826,0.13905,0.5714,1774037579037
bybit,gate,ESUSDT,0.13826,0.13905,0.5714,1774037579337
bybit,gate,ESUSDT,0.13826,0.13905,0.5714,1774037579637
bybit,gate,ESUSDT,0.13826,0.13905,0.5714,1774037579937
bybit,gate,ESUSDT,0.13826,0.13905,0.5714,1774037580237
bybit,gate,ESUSDT,0.13826,0.13905,0.5714,1774037580538
bybit,gate,ESUSDT,0.13826,0.13905,0.5714,1774037580838
bybit,gate,ESUSDT,0.13826,0.13905,0.5714,1774037581139
bybit,gate,ESUSDT,0.13826,0.13905,0.5714,1774037581439
bybit,gate,ESUSDT,0.13826,0.13905,0.5714,1774037581740
bybit,gate,ESUSDT,0.13826,0.13905,0.5714,1774037582040
bybit,gate,ESUSDT,0.13826,0.13905,0.5714,1774037582340
bybit,gate,ESUSDT,0.13826,0.13905,0.5714,1774037582640
bybit,gate,ESUSDT,0.13826,0.13905,0.5714,1774037582940
bybit,gate,ESUSDT,0.13826,0.13905,0.5714,1774037583240
bybit,gate,ESUSDT,0.13826,0.13905,0.5714,1774037583540
bybit,gate,ESUSDT,0.13826,0.13905,0.5714,1774037583840
bybit,gate,ESUSDT,0.13826,0.13905,0.5714,1774037584140
bybit,gate,ESUSDT,0.13826,0.13905,0.5714,1774037584440
bybit,gate,ESUSDT,0.13826,0.13905,0.5714,1774037584741
bybit,gate,ESUSDT,0.13826,0.13905,0.5714,1774037585041
bybit,gate,ESUSDT,0.13826,0.13905,0.5714,1774037585342
bybit,gate,ESUSDT,0.13826,0.13905,0.5714,1774037585642
bybit,gate,ESUSDT,0.13826,0.13905,0.5714,1774037585942
bybit,gate,ESUSDT,0.13826,0.13905,0.5714,1774037586243
bybit,gate,ESUSDT,0.13826,0.13905,0.5714,1774037586543
bybit,gate,ESUSDT,0.13826,0.13905,0.5714,1774037586843
bybit,gate,ESUSDT,0.13826,0.13905,0.5714,1774037587143
bybit,gate,ESUSDT,0.13826,0.13905,0.5714,1774037587443
bybit,gate,ESUSDT,0.13826,0.13905,0.5714,1774037587744
bybit,gate,ESUSDT,0.13826,0.13905,0.5714,1774037588044
bybit,gate,ESUSDT,0.13826,0.13905,0.5714,1774037588344
bybit,gate,ESUSDT,0.13826,0.13905,0.5714,1774037588644
bybit,gate,ESUSDT,0.13826,0.13905,0.5714,1774037588945
bybit,gate,ESUSDT,0.13826,0.13905,0.5714,1774037589245
bybit,gate,ESUSDT,0.13826,0.13905,0.5714,1774037589545
bybit,gate,ESUSDT,0.13833,0.13905,0.5205,1774037589845
bybit,gate,ESUSDT,0.13833,0.13905,0.5205,1774037590145
bybit,gate,ESUSDT,0.13833,0.13905,0.5205,1774037590446
bybit,gate,ESUSDT,0.13833,0.13905,0.5205,1774037590747
bybit,gate,ESUSDT,0.13833,0.13905,0.5205,1774037591047
bybit,gate,ESUSDT,0.13833,0.13905,0.5205,1774037591347
bybit,gate,ESUSDT,0.13833,0.13905,0.5205,1774037591648
bybit,gate,ESUSDT,0.13833,0.13905,0.5205,1774037591948
bybit,gate,ESUSDT,0.13833,0.13905,0.5205,1774037592249
bybit,gate,ESUSDT,0.13833,0.13905,0.5205,1774037592549
bybit,gate,ESUSDT,0.13833,0.13905,0.5205,1774037592849
bybit,gate,ESUSDT,0.13832,0.13905,0.5278,1774037593149
bybit,gate,ESUSDT,0.13832,0.13905,0.5278,1774037593450
bybit,gate,ESUSDT,0.13832,0.13905,0.5278,1774037593750
bybit,gate,ESUSDT,0.13832,0.13905,0.5278,1774037594050
bybit,gate,ESUSDT,0.13833,0.13905,0.5205,1774037594350
bybit,gate,ESUSDT,0.13833,0.13905,0.5205,1774037594651
bybit,gate,ESUSDT,0.13833,0.13905,0.5205,1774037594951
bybit,gate,ESUSDT,0.13833,0.13905,0.5205,1774037595251
bybit,gate,ESUSDT,0.13833,0.13905,0.5205,1774037595551
bybit,gate,ESUSDT,0.13833,0.13905,0.5205,1774037595851
bybit,gate,ESUSDT,0.13833,0.13905,0.5205,1774037596151
bybit,gate,ESUSDT,0.13833,0.13905,0.5205,1774037596452
bybit,gate,ESUSDT,0.13833,0.13905,0.5205,1774037596752
bybit,gate,ESUSDT,0.13833,0.13905,0.5205,1774037597052
bybit,gate,ESUSDT,0.13833,0.13905,0.5205,1774037597353
bybit,gate,ESUSDT,0.13833,0.13905,0.5205,1774037597653
bybit,gate,ESUSDT,0.13833,0.13905,0.5205,1774037597953
bybit,gate,ESUSDT,0.13833,0.13905,0.5205,1774037598253
bybit,gate,ESUSDT,0.13833,0.13905,0.5205,1774037598554
bybit,gate,ESUSDT,0.13833,0.13905,0.5205,1774037598854
bybit,gate,ESUSDT,0.13833,0.13905,0.5205,1774037599155
bybit,gate,ESUSDT,0.13833,0.13905,0.5205,1774037599455
bybit,gate,ESUSDT,0.13833,0.13905,0.5205,1774037599755
bybit,gate,ESUSDT,0.13833,0.13905,0.5205,1774037600055
bybit,gate,ESUSDT,0.13833,0.13905,0.5205,1774037600356
bybit,gate,ESUSDT,0.13833,0.13905,0.5205,1774037600656
bybit,gate,ESUSDT,0.13833,0.13905,0.5205,1774037600956
bybit,gate,ESUSDT,0.13833,0.13905,0.5205,1774037601256
bybit,gate,ESUSDT,0.13833,0.13905,0.5205,1774037601556
bybit,gate,ESUSDT,0.13833,0.13905,0.5205,1774037601857
bybit,gate,ESUSDT,0.13833,0.13905,0.5205,1774037602158
bybit,gate,ESUSDT,0.13833,0.13905,0.5205,1774037602458
bybit,gate,ESUSDT,0.13833,0.13905,0.5205,1774037602759
bybit,gate,ESUSDT,0.13833,0.13905,0.5205,1774037603060
bybit,gate,ESUSDT,0.13833,0.13905,0.5205,1774037603361
bybit,gate,ESUSDT,0.13833,0.13905,0.5205,1774037603661
bybit,gate,ESUSDT,0.13833,0.13905,0.5205,1774037603961
bybit,gate,ESUSDT,0.13833,0.13905,0.5205,1774037604262
bybit,gate,ESUSDT,0.13833,0.13905,0.5205,1774037604562
bybit,gate,ESUSDT,0.13833,0.13905,0.5205,1774037604862
bybit,gate,ESUSDT,0.13833,0.13905,0.5205,1774037605162
bybit,gate,ESUSDT,0.13833,0.13905,0.5205,1774037605463
bybit,gate,ESUSDT,0.13833,0.13905,0.5205,1774037605763
bybit,gate,ESUSDT,0.13833,0.13905,0.5205,1774037606063
bybit,gate,ESUSDT,0.13833,0.13905,0.5205,1774037606363
bybit,gate,ESUSDT,0.13833,0.13905,0.5205,1774037606664
bybit,gate,ESUSDT,0.13833,0.13905,0.5205,1774037606965
bybit,gate,ESUSDT,0.13833,0.13905,0.5205,1774037607265
bybit,gate,ESUSDT,0.13833,0.13905,0.5205,1774037607565
bybit,gate,ESUSDT,0.13833,0.13905,0.5205,1774037607865
bybit,gate,ESUSDT,0.13833,0.13905,0.5205,1774037608166
bybit,gate,ESUSDT,0.13833,0.13905,0.5205,1774037608466
bybit,gate,ESUSDT,0.13833,0.13905,0.5205,1774037608766
bybit,gate,ESUSDT,0.13833,0.13905,0.5205,1774037609067
bybit,gate,ESUSDT,0.13833,0.13905,0.5205,1774037609367
bybit,gate,ESUSDT,0.13833,0.13905,0.5205,1774037609668
bybit,gate,ESUSDT,0.13833,0.13905,0.5205,1774037609968
bybit,gate,ESUSDT,0.13833,0.13905,0.5205,1774037610268
bybit,gate,ESUSDT,0.13833,0.13905,0.5205,1774037610568
bybit,gate,ESUSDT,0.13833,0.13905,0.5205,1774037610868
bybit,gate,ESUSDT,0.13833,0.13905,0.5205,1774037611169
bybit,gate,ESUSDT,0.13833,0.13905,0.5205,1774037611469
bybit,gate,ESUSDT,0.13833,0.13905,0.5205,1774037611770
bybit,gate,ESUSDT,0.13833,0.13905,0.5205,1774037612070
bybit,gate,ESUSDT,0.13833,0.13905,0.5205,1774037612370
bybit,gate,ESUSDT,0.13833,0.13905,0.5205,1774037612670
bybit,gate,ESUSDT,0.13833,0.13905,0.5205,1774037612971
bybit,gate,ESUSDT,0.13833,0.13905,0.5205,1774037613272
bybit,gate,ESUSDT,0.13833,0.13905,0.5205,1774037613573
bybit,gate,ESUSDT,0.13833,0.13905,0.5205,1774037613873
bybit,gate,ESUSDT,0.13833,0.13905,0.5205,1774037614174
bybit,gate,ESUSDT,0.13833,0.13905,0.5205,1774037614474
bybit,gate,ESUSDT,0.13833,0.13905,0.5205,1774037614774
bybit,gate,ESUSDT,0.13833,0.13905,0.5205,1774037615074
bybit,gate,ESUSDT,0.13833,0.13905,0.5205,1774037615374
bybit,gate,ESUSDT,0.13833,0.13905,0.5205,1774037615675
bybit,gate,ESUSDT,0.13833,0.13905,0.5205,1774037615975
bybit,gate,ESUSDT,0.13833,0.13905,0.5205,1774037616275
bybit,gate,ESUSDT,0.13833,0.13905,0.5205,1774037616575
bybit,gate,ESUSDT,0.13833,0.13905,0.5205,1774037616875
bybit,gate,ESUSDT,0.13833,0.13905,0.5205,1774037617176
bybit,gate,ESUSDT,0.13833,0.13905,0.5205,1774037617476
bybit,gate,ESUSDT,0.13833,0.13905,0.5205,1774037617776
bybit,gate,ESUSDT,0.13833,0.13905,0.5205,1774037618076
bybit,gate,ESUSDT,0.13833,0.13905,0.5205,1774037618377
bybit,gate,ESUSDT,0.13833,0.13905,0.5205,1774037618678
bybit,gate,ESUSDT,0.13833,0.13905,0.5205,1774037618978
bybit,gate,ESUSDT,0.13833,0.13905,0.5205,1774037619279
bybit,gate,ESUSDT,0.13833,0.13905,0.5205,1774037619579
bybit,gate,ESUSDT,0.13833,0.13905,0.5205,1774037619879
bybit,gate,ESUSDT,0.13833,0.13905,0.5205,1774037620180
bybit,gate,ESUSDT,0.13833,0.13905,0.5205,1774037620480
bybit,gate,ESUSDT,0.13833,0.13905,0.5205,1774037620781
bybit,gate,ESUSDT,0.13833,0.13905,0.5205,1774037621081
bybit,gate,ESUSDT,0.13833,0.13905,0.5205,1774037621381
bybit,gate,ESUSDT,0.13833,0.13905,0.5205,1774037621681
bybit,gate,ESUSDT,0.13833,0.13905,0.5205,1774037621981
bybit,gate,ESUSDT,0.13833,0.13905,0.5205,1774037622282
bybit,gate,ESUSDT,0.13833,0.13905,0.5205,1774037622582
bybit,gate,ESUSDT,0.13833,0.13905,0.5205,1774037622882
bybit,gate,ESUSDT,0.13833,0.13905,0.5205,1774037623183
bybit,gate,ESUSDT,0.13833,0.13905,0.5205,1774037623483
bybit,gate,ESUSDT,0.13833,0.13905,0.5205,1774037623783
bybit,gate,ESUSDT,0.13833,0.13905,0.5205,1774037624084
bybit,gate,ESUSDT,0.13833,0.13905,0.5205,1774037624384
bybit,gate,ESUSDT,0.13833,0.13905,0.5205,1774037624684
bybit,gate,ESUSDT,0.13833,0.13905,0.5205,1774037624984
bybit,gate,ESUSDT,0.13833,0.13905,0.5205,1774037625284
bybit,gate,ESUSDT,0.13833,0.13905,0.5205,1774037625585
bybit,gate,ESUSDT,0.13833,0.13905,0.5205,1774037625886
bybit,gate,ESUSDT,0.13833,0.13905,0.5205,1774037626186
bybit,gate,ESUSDT,0.13833,0.13905,0.5205,1774037626487
bybit,gate,ESUSDT,0.13833,0.13905,0.5205,1774037626787
bybit,gate,ESUSDT,0.13833,0.13905,0.5205,1774037627087
bybit,gate,ESUSDT,0.13833,0.13905,0.5205,1774037627388
bybit,gate,ESUSDT,0.13833,0.13905,0.5205,1774037627688
bybit,gate,ESUSDT,0.13833,0.13905,0.5205,1774037627988
bybit,gate,ESUSDT,0.13833,0.13905,0.5205,1774037628289
bybit,gate,ESUSDT,0.13833,0.13905,0.5205,1774037628589
bybit,gate,ESUSDT,0.13833,0.13905,0.5205,1774037628889
bybit,gate,ESUSDT,0.13833,0.13905,0.5205,1774037629189
bybit,gate,ESUSDT,0.13833,0.13905,0.5205,1774037629489
bybit,gate,ESUSDT,0.13833,0.13905,0.5205,1774037629789
bybit,gate,ESUSDT,0.13833,0.13905,0.5205,1774037630090
bybit,gate,ESUSDT,0.13833,0.13905,0.5205,1774037630390
bybit,gate,ESUSDT,0.13833,0.13905,0.5205,1774037630691
bybit,gate,ESUSDT,0.13833,0.13905,0.5205,1774037630991
bybit,gate,ESUSDT,0.13833,0.13905,0.5205,1774037631292
bybit,gate,ESUSDT,0.13833,0.13905,0.5205,1774037631592
bybit,gate,ESUSDT,0.13833,0.13905,0.5205,1774037631894
bybit,gate,ESUSDT,0.13833,0.13905,0.5205,1774037632194
bybit,gate,ESUSDT,0.13833,0.13905,0.5205,1774037632494
bybit,gate,ESUSDT,0.13833,0.13905,0.5205,1774037632794
bybit,gate,ESUSDT,0.13833,0.13905,0.5205,1774037633095
bybit,gate,ESUSDT,0.13833,0.13905,0.5205,1774037633396
bybit,gate,ESUSDT,0.13833,0.13905,0.5205,1774037633696
bybit,gate,ESUSDT,0.13833,0.13905,0.5205,1774037633996
bybit,gate,ESUSDT,0.13833,0.13905,0.5205,1774037634297
bybit,gate,ESUSDT,0.13833,0.13905,0.5205,1774037634597
bybit,gate,ESUSDT,0.13833,0.13905,0.5205,1774037634897
bybit,gate,ESUSDT,0.13833,0.13905,0.5205,1774037635197
bybit,gate,ESUSDT,0.13833,0.13905,0.5205,1774037635497
bybit,gate,ESUSDT,0.13833,0.13905,0.5205,1774037635798
bybit,gate,ESUSDT,0.13833,0.13905,0.5205,1774037636098
bybit,gate,ESUSDT,0.13833,0.13905,0.5205,1774037636398
bybit,gate,ESUSDT,0.13833,0.13905,0.5205,1774037636698
bybit,gate,ESUSDT,0.13833,0.13905,0.5205,1774037636998
bybit,gate,ESUSDT,0.13833,0.13905,0.5205,1774037637298
bybit,gate,ESUSDT,0.13833,0.13905,0.5205,1774037637599
bybit,gate,ESUSDT,0.13833,0.13905,0.5205,1774037637899
bybit,gate,ESUSDT,0.13833,0.13905,0.5205,1774037638199
bybit,gate,ESUSDT,0.13833,0.13905,0.5205,1774037638499
bybit,gate,ESUSDT,0.13833,0.13905,0.5205,1774037638799
bybit,gate,ESUSDT,0.13833,0.13905,0.5205,1774037639100
bybit,gate,ESUSDT,0.13833,0.13905,0.5205,1774037639400
bybit,gate,ESUSDT,0.13833,0.13905,0.5205,1774037639700
bybit,gate,ESUSDT,0.13833,0.13905,0.5205,1774037640001
bybit,gate,ESUSDT,0.13833,0.13905,0.5205,1774037640301
bybit,gate,ESUSDT,0.13833,0.13905,0.5205,1774037640601
bybit,gate,ESUSDT,0.13833,0.13905,0.5205,1774037640902
bybit,gate,ESUSDT,0.13833,0.13905,0.5205,1774037641202
bybit,gate,ESUSDT,0.13833,0.13905,0.5205,1774037641503
bybit,gate,ESUSDT,0.13833,0.13905,0.5205,1774037641803
bybit,gate,ESUSDT,0.13833,0.13905,0.5205,1774037642103
bybit,gate,ESUSDT,0.13833,0.13905,0.5205,1774037642404
bybit,gate,ESUSDT,0.13833,0.13905,0.5205,1774037642704
bybit,gate,ESUSDT,0.13833,0.13905,0.5205,1774037643004
bybit,gate,ESUSDT,0.13833,0.13905,0.5205,1774037643304
bybit,gate,ESUSDT,0.13833,0.13905,0.5205,1774037643605
bybit,gate,ESUSDT,0.13833,0.13905,0.5205,1774037643905
bybit,gate,ESUSDT,0.13833,0.13905,0.5205,1774037644206
bybit,gate,ESUSDT,0.13833,0.13905,0.5205,1774037644506
bybit,gate,ESUSDT,0.13833,0.13905,0.5205,1774037644806
bybit,gate,ESUSDT,0.13833,0.13905,0.5205,1774037645106
bybit,gate,ESUSDT,0.13833,0.13905,0.5205,1774037645406
bybit,gate,ESUSDT,0.13833,0.13905,0.5205,1774037645706
bybit,gate,ESUSDT,0.13833,0.13905,0.5205,1774037646006
bybit,gate,ESUSDT,0.13833,0.13905,0.5205,1774037646307
bybit,gate,ESUSDT,0.13833,0.13905,0.5205,1774037646607
bybit,gate,ESUSDT,0.13833,0.13905,0.5205,1774037646908
bybit,gate,ESUSDT,0.13833,0.13905,0.5205,1774037647208
bybit,gate,ESUSDT,0.13833,0.13905,0.5205,1774037647508
bybit,gate,ESUSDT,0.13833,0.13905,0.5205,1774037647808
bybit,gate,ESUSDT,0.13833,0.13905,0.5205,1774037648108
bybit,gate,ESUSDT,0.13833,0.13905,0.5205,1774037648409
bybit,gate,ESUSDT,0.13833,0.13905,0.5205,1774037648709
bybit,gate,ESUSDT,0.13833,0.13905,0.5205,1774037649009
bybit,gate,ESUSDT,0.13833,0.13905,0.5205,1774037649310
bybit,gate,ESUSDT,0.13833,0.13905,0.5205,1774037649610
bybit,gate,ESUSDT,0.13833,0.13905,0.5205,1774037649910
bybit,gate,ESUSDT,0.13833,0.13905,0.5205,1774037650211
bybit,gate,ESUSDT,0.13833,0.13905,0.5205,1774037650511
bybit,gate,ESUSDT,0.13833,0.13905,0.5205,1774037650811
bybit,gate,ESUSDT,0.13833,0.13905,0.5205,1774037651112
bybit,gate,ESUSDT,0.13833,0.13905,0.5205,1774037651413
bybit,gate,ESUSDT,0.13833,0.13905,0.5205,1774037651713
bybit,gate,ESUSDT,0.13833,0.13905,0.5205,1774037652013
bybit,gate,ESUSDT,0.13833,0.13905,0.5205,1774037652314
bybit,gate,ESUSDT,0.13833,0.13905,0.5205,1774037652614
bybit,gate,ESUSDT,0.13833,0.13905,0.5205,1774037652914
bybit,gate,ESUSDT,0.13833,0.13905,0.5205,1774037653214
bybit,gate,ESUSDT,0.13833,0.13905,0.5205,1774037653515
bybit,gate,ESUSDT,0.13833,0.13905,0.5205,1774037653815
bybit,gate,ESUSDT,0.13833,0.13905,0.5205,1774037654115
bybit,gate,ESUSDT,0.13833,0.13905,0.5205,1774037654415
bybit,gate,ESUSDT,0.13833,0.13905,0.5205,1774037654716
bybit,gate,ESUSDT,0.13833,0.13905,0.5205,1774037655016
bybit,gate,ESUSDT,0.13833,0.13905,0.5205,1774037655322
bybit,gate,ESUSDT,0.13833,0.13905,0.5205,1774037655622
bybit,gate,ESUSDT,0.13833,0.13905,0.5205,1774037655922
bybit,gate,ESUSDT,0.13833,0.13905,0.5205,1774037656222
bybit,gate,ESUSDT,0.13833,0.13905,0.5205,1774037656523
bybit,gate,ESUSDT,0.13833,0.13905,0.5205,1774037656824
bybit,gate,ESUSDT,0.13833,0.13905,0.5205,1774037657124
bybit,gate,ESUSDT,0.13833,0.13905,0.5205,1774037657424
bybit,gate,ESUSDT,0.13833,0.13905,0.5205,1774037657724
bybit,gate,ESUSDT,0.13833,0.13905,0.5205,1774037658024
bybit,gate,ESUSDT,0.13833,0.13905,0.5205,1774037658324
bybit,gate,ESUSDT,0.13833,0.13905,0.5205,1774037658625
bybit,gate,ESUSDT,0.13833,0.13905,0.5205,1774037658925
bybit,gate,ESUSDT,0.13833,0.13905,0.5205,1774037659225
bybit,gate,ESUSDT,0.13833,0.13905,0.5205,1774037659525
bybit,gate,ESUSDT,0.13833,0.13905,0.5205,1774037659826
bybit,gate,ESUSDT,0.13833,0.13905,0.5205,1774037660127
bybit,gate,ESUSDT,0.13833,0.13905,0.5205,1774037660427
bybit,gate,ESUSDT,0.13833,0.13905,0.5205,1774037660727
bybit,gate,ESUSDT,0.13833,0.13905,0.5205,1774037661027
bybit,gate,ESUSDT,0.13833,0.13905,0.5205,1774037661327
bybit,gate,ESUSDT,0.13833,0.13905,0.5205,1774037661627
bybit,gate,ESUSDT,0.13833,0.13905,0.5205,1774037661928
bybit,gate,ESUSDT,0.13833,0.13905,0.5205,1774037662228
bybit,gate,ESUSDT,0.13833,0.13905,0.5205,1774037662528
bybit,gate,ESUSDT,0.13833,0.13905,0.5205,1774037662828
bybit,gate,ESUSDT,0.13833,0.13905,0.5205,1774037663129
bybit,gate,ESUSDT,0.13833,0.13905,0.5205,1774037663429
bybit,gate,ESUSDT,0.13833,0.13905,0.5205,1774037663731
bybit,gate,ESUSDT,0.13833,0.13905,0.5205,1774037664032
bybit,gate,ESUSDT,0.13833,0.13905,0.5205,1774037664332
bybit,gate,ESUSDT,0.13833,0.13905,0.5205,1774037664632
bybit,gate,ESUSDT,0.13833,0.13905,0.5205,1774037664933
bybit,gate,ESUSDT,0.13833,0.13905,0.5205,1774037665233
bybit,gate,ESUSDT,0.13833,0.13905,0.5205,1774037665534
bybit,gate,ESUSDT,0.13833,0.13905,0.5205,1774037665834
bybit,gate,ESUSDT,0.13833,0.13905,0.5205,1774037666135
bybit,gate,ESUSDT,0.13833,0.13905,0.5205,1774037666435
bybit,gate,ESUSDT,0.13833,0.13905,0.5205,1774037666736
bybit,gate,ESUSDT,0.13833,0.13905,0.5205,1774037667036
bybit,gate,ESUSDT,0.13833,0.13905,0.5205,1774037667336
bybit,gate,ESUSDT,0.13833,0.13905,0.5205,1774037667637
bybit,gate,ESUSDT,0.13833,0.13905,0.5205,1774037667937
bybit,gate,ESUSDT,0.13833,0.13905,0.5205,1774037668237
bybit,gate,ESUSDT,0.13833,0.13905,0.5205,1774037668537
bybit,gate,ESUSDT,0.13833,0.13905,0.5205,1774037668837
bybit,gate,ESUSDT,0.13833,0.13905,0.5205,1774037669138
bybit,gate,ESUSDT,0.13833,0.13905,0.5205,1774037669439
bybit,gate,ESUSDT,0.13833,0.13905,0.5205,1774037669739
bybit,gate,ESUSDT,0.13833,0.13905,0.5205,1774037670039
bybit,gate,ESUSDT,0.13833,0.13905,0.5205,1774037670339
bybit,gate,ESUSDT,0.13833,0.13905,0.5205,1774037670640
bybit,gate,ESUSDT,0.13833,0.13905,0.5205,1774037670940
bybit,gate,ESUSDT,0.13833,0.13905,0.5205,1774037671241
bybit,gate,ESUSDT,0.13833,0.13905,0.5205,1774037671541
bybit,gate,ESUSDT,0.13833,0.13905,0.5205,1774037671842
bybit,gate,ESUSDT,0.13833,0.13905,0.5205,1774037672142
bybit,gate,ESUSDT,0.13833,0.13905,0.5205,1774037672442
bybit,gate,ESUSDT,0.13833,0.13905,0.5205,1774037672743
bybit,gate,ESUSDT,0.13833,0.13905,0.5205,1774037673043
bybit,gate,ESUSDT,0.13833,0.13905,0.5205,1774037673343
bybit,gate,ESUSDT,0.13833,0.13905,0.5205,1774037673644
bybit,gate,ESUSDT,0.13833,0.13905,0.5205,1774037673944
bybit,gate,ESUSDT,0.13833,0.13905,0.5205,1774037674244
bybit,gate,ESUSDT,0.13833,0.13905,0.5205,1774037674544
bybit,gate,ESUSDT,0.13833,0.13905,0.5205,1774037674845
bybit,gate,ESUSDT,0.13833,0.13905,0.5205,1774037675145
bybit,gate,ESUSDT,0.13833,0.13905,0.5205,1774037675445
bybit,gate,ESUSDT,0.13833,0.13905,0.5205,1774037675745
bybit,gate,ESUSDT,0.13833,0.13905,0.5205,1774037676046
bybit,gate,ESUSDT,0.13833,0.13905,0.5205,1774037676346
bybit,gate,ESUSDT,0.13833,0.13905,0.5205,1774037676646
bybit,gate,ESUSDT,0.13833,0.13905,0.5205,1774037676947
bybit,gate,ESUSDT,0.13833,0.13905,0.5205,1774037677247
bybit,gate,ESUSDT,0.13833,0.13905,0.5205,1774037677548
bybit,gate,ESUSDT,0.13833,0.13905,0.5205,1774037677848
bybit,gate,ESUSDT,0.13833,0.13905,0.5205,1774037678149
bybit,gate,ESUSDT,0.13833,0.13905,0.5205,1774037678449
bybit,gate,ESUSDT,0.13833,0.13905,0.5205,1774037678750
bybit,gate,ESUSDT,0.13833,0.13905,0.5205,1774037679050
bybit,gate,ESUSDT,0.13833,0.13905,0.5205,1774037679350
bybit,gate,ESUSDT,0.13833,0.13905,0.5205,1774037679650
bybit,gate,ESUSDT,0.13833,0.13905,0.5205,1774037679951
bybit,gate,ESUSDT,0.13833,0.13905,0.5205,1774037680252
bybit,gate,ESUSDT,0.13833,0.13905,0.5205,1774037680552
bybit,gate,ESUSDT,0.13833,0.13905,0.5205,1774037680853
bybit,gate,ESUSDT,0.13833,0.13905,0.5205,1774037681154
bybit,gate,ESUSDT,0.13833,0.13905,0.5205,1774037681454
bybit,gate,ESUSDT,0.13833,0.13905,0.5205,1774037681754
bybit,gate,ESUSDT,0.13833,0.13905,0.5205,1774037682054
bybit,gate,ESUSDT,0.13833,0.13905,0.5205,1774037682354
bybit,gate,ESUSDT,0.13833,0.13905,0.5205,1774037682658
bybit,gate,ESUSDT,0.13833,0.13905,0.5205,1774037682958
bybit,gate,ESUSDT,0.13833,0.13905,0.5205,1774037683258
bybit,gate,ESUSDT,0.13833,0.13905,0.5205,1774037683558
bybit,gate,ESUSDT,0.13833,0.13905,0.5205,1774037683859
bybit,gate,ESUSDT,0.13833,0.13905,0.5205,1774037684159
bybit,gate,ESUSDT,0.13833,0.13905,0.5205,1774037684459
bybit,gate,ESUSDT,0.13833,0.13905,0.5205,1774037684759
bybit,gate,ESUSDT,0.13833,0.13905,0.5205,1774037685059
bybit,gate,ESUSDT,0.13833,0.13905,0.5205,1774037685360
bybit,gate,ESUSDT,0.13833,0.13905,0.5205,1774037685660
bybit,gate,ESUSDT,0.13833,0.13905,0.5205,1774037685961
bybit,gate,ESUSDT,0.13833,0.13905,0.5205,1774037686261
bybit,gate,ESUSDT,0.13833,0.13905,0.5205,1774037686561
bybit,gate,ESUSDT,0.13833,0.13905,0.5205,1774037686862
bybit,gate,ESUSDT,0.13833,0.13905,0.5205,1774037687163
bybit,gate,ESUSDT,0.13833,0.13905,0.5205,1774037687463
bybit,gate,ESUSDT,0.13833,0.13905,0.5205,1774037687764
bybit,gate,ESUSDT,0.13833,0.13905,0.5205,1774037688064
bybit,gate,ESUSDT,0.13833,0.13905,0.5205,1774037688364
bybit,gate,ESUSDT,0.13833,0.13905,0.5205,1774037688664
bybit,gate,ESUSDT,0.13833,0.13905,0.5205,1774037688965
bybit,gate,ESUSDT,0.13833,0.13905,0.5205,1774037689265
bybit,gate,ESUSDT,0.13833,0.13905,0.5205,1774037689565
bybit,gate,ESUSDT,0.13833,0.13905,0.5205,1774037689866
bybit,gate,ESUSDT,0.13833,0.13905,0.5205,1774037690166
bybit,gate,ESUSDT,0.13833,0.13905,0.5205,1774037690466
bybit,gate,ESUSDT,0.13833,0.13905,0.5205,1774037690766
bybit,gate,ESUSDT,0.13833,0.13905,0.5205,1774037691067
bybit,gate,ESUSDT,0.13833,0.13905,0.5205,1774037691367
bybit,gate,ESUSDT,0.13833,0.13905,0.5205,1774037691668
bybit,gate,ESUSDT,0.13833,0.13905,0.5205,1774037691968
bybit,gate,ESUSDT,0.13833,0.13905,0.5205,1774037692268
bybit,gate,ESUSDT,0.13833,0.13905,0.5205,1774037692569
bybit,gate,ESUSDT,0.13833,0.13905,0.5205,1774037692869
bybit,gate,ESUSDT,0.13833,0.13905,0.5205,1774037693169
bybit,gate,ESUSDT,0.13833,0.13905,0.5205,1774037693470
bybit,gate,ESUSDT,0.13833,0.13905,0.5205,1774037693770
bybit,gate,ESUSDT,0.13833,0.13905,0.5205,1774037694070
bybit,gate,ESUSDT,0.13833,0.13905,0.5205,1774037694371
bybit,gate,ESUSDT,0.13833,0.13905,0.5205,1774037694672
bybit,gate,ESUSDT,0.13833,0.13905,0.5205,1774037694973
bybit,gate,ESUSDT,0.13833,0.13905,0.5205,1774037695273
bybit,gate,ESUSDT,0.13833,0.13905,0.5205,1774037695573
bybit,gate,ESUSDT,0.13833,0.13905,0.5205,1774037695874
bybit,gate,ESUSDT,0.13833,0.13905,0.5205,1774037696174
bybit,gate,ESUSDT,0.13833,0.13905,0.5205,1774037696474
bybit,gate,ESUSDT,0.13833,0.13905,0.5205,1774037696774
bybit,gate,ESUSDT,0.13833,0.13905,0.5205,1774037697075
bybit,gate,ESUSDT,0.13833,0.13905,0.5205,1774037697375
bybit,gate,ESUSDT,0.13833,0.13905,0.5205,1774037697675
bybit,gate,ESUSDT,0.13833,0.13905,0.5205,1774037697975
bybit,gate,ESUSDT,0.13833,0.13905,0.5205,1774037698275
bybit,gate,ESUSDT,0.13833,0.13905,0.5205,1774037698575
bybit,gate,ESUSDT,0.13833,0.13905,0.5205,1774037698876
bybit,gate,ESUSDT,0.13833,0.13905,0.5205,1774037699176
bybit,gate,ESUSDT,0.13833,0.13905,0.5205,1774037699476
bybit,gate,ESUSDT,0.13833,0.13905,0.5205,1774037699777
bybit,gate,ESUSDT,0.13833,0.13905,0.5205,1774037700077
bybit,gate,ESUSDT,0.13833,0.13905,0.5205,1774037700377
bybit,gate,ESUSDT,0.13833,0.13905,0.5205,1774037700677
bybit,gate,ESUSDT,0.13833,0.13905,0.5205,1774037700978
bybit,gate,ESUSDT,0.13833,0.13905,0.5205,1774037701278
bybit,gate,ESUSDT,0.13833,0.13905,0.5205,1774037701578
bybit,gate,ESUSDT,0.13833,0.13905,0.5205,1774037701878
bybit,gate,ESUSDT,0.13833,0.13905,0.5205,1774037702179
bybit,gate,ESUSDT,0.13833,0.13905,0.5205,1774037702479
bybit,gate,ESUSDT,0.13833,0.13905,0.5205,1774037702779
bybit,gate,ESUSDT,0.13833,0.13905,0.5205,1774037703079
bybit,gate,ESUSDT,0.13833,0.13905,0.5205,1774037703379
bybit,gate,ESUSDT,0.13833,0.13905,0.5205,1774037703679
bybit,gate,ESUSDT,0.13839,0.13905,0.4769,1774037703980
bybit,gate,ESUSDT,0.13839,0.13905,0.4769,1774037704280
bybit,gate,ESUSDT,0.13839,0.13905,0.4769,1774037704580
bybit,gate,ESUSDT,0.13839,0.13905,0.4769,1774037704881
bybit,gate,ESUSDT,0.13839,0.13905,0.4769,1774037705181
bybit,gate,ESUSDT,0.13839,0.13905,0.4769,1774037705482
bybit,gate,ESUSDT,0.13839,0.13905,0.4769,1774037705782
bybit,gate,ESUSDT,0.13839,0.13905,0.4769,1774037706082
bybit,gate,ESUSDT,0.13839,0.13905,0.4769,1774037706382
bybit,gate,ESUSDT,0.13839,0.13905,0.4769,1774037706682
bybit,gate,ESUSDT,0.13839,0.13905,0.4769,1774037706982
bybit,gate,ESUSDT,0.13839,0.13905,0.4769,1774037707282
bybit,gate,ESUSDT,0.13839,0.13905,0.4769,1774037707583
bybit,gate,ESUSDT,0.13839,0.13905,0.4769,1774037707883
bybit,gate,ESUSDT,0.13839,0.13905,0.4769,1774037708184
bybit,gate,ESUSDT,0.13839,0.13905,0.4769,1774037708484
bybit,gate,ESUSDT,0.13839,0.13905,0.4769,1774037708784
bybit,gate,ESUSDT,0.13839,0.13905,0.4769,1774037709085
bybit,gate,ESUSDT,0.13839,0.13905,0.4769,1774037709385
bybit,gate,ESUSDT,0.13839,0.13905,0.4769,1774037709685
bybit,gate,ESUSDT,0.13839,0.13905,0.4769,1774037709985
bybit,gate,ESUSDT,0.13839,0.13905,0.4769,1774037710286
bybit,gate,ESUSDT,0.13839,0.13905,0.4769,1774037710587
bybit,gate,ESUSDT,0.13839,0.13905,0.4769,1774037710887
bybit,gate,ESUSDT,0.13839,0.13905,0.4769,1774037711189
bybit,gate,ESUSDT,0.13839,0.13905,0.4769,1774037711489
bybit,gate,ESUSDT,0.13839,0.13905,0.4769,1774037711789
bybit,gate,ESUSDT,0.13839,0.13905,0.4769,1774037712090
bybit,gate,ESUSDT,0.13839,0.13905,0.4769,1774037712391
bybit,gate,ESUSDT,0.13839,0.13905,0.4769,1774037712691
bybit,gate,ESUSDT,0.13839,0.13905,0.4769,1774037712991
bybit,gate,ESUSDT,0.13839,0.13905,0.4769,1774037713292
bybit,gate,ESUSDT,0.13839,0.13905,0.4769,1774037713592
bybit,gate,ESUSDT,0.13839,0.13905,0.4769,1774037713893
bybit,gate,ESUSDT,0.13839,0.13905,0.4769,1774037714193
bybit,gate,ESUSDT,0.13839,0.13905,0.4769,1774037714493
bybit,gate,ESUSDT,0.13839,0.13905,0.4769,1774037714794
bybit,gate,ESUSDT,0.13839,0.13905,0.4769,1774037715095
bybit,gate,ESUSDT,0.13839,0.13905,0.4769,1774037715395
bybit,gate,ESUSDT,0.13839,0.13905,0.4769,1774037715695
bybit,gate,ESUSDT,0.13839,0.13905,0.4769,1774037715995
bybit,gate,ESUSDT,0.13839,0.13905,0.4769,1774037716295
bybit,gate,ESUSDT,0.13839,0.13905,0.4769,1774037716596
bybit,gate,ESUSDT,0.13839,0.13905,0.4769,1774037716896
bybit,gate,ESUSDT,0.13839,0.13905,0.4769,1774037717196
bybit,gate,ESUSDT,0.13839,0.13905,0.4769,1774037717496
bybit,gate,ESUSDT,0.13839,0.13905,0.4769,1774037717796
bybit,gate,ESUSDT,0.13839,0.13905,0.4769,1774037718096
bybit,gate,ESUSDT,0.13839,0.13905,0.4769,1774037718397
