spot_exch,fut_exch,symbol,ask_spot,bid_futures,spread_pct,ts
gate,bybit,VANRYUSDT,0.005681,0.006093,7.2522,1774039666122
gate,bybit,VANRYUSDT,0.005681,0.006093,7.2522,1774039666423
gate,bybit,VANRYUSDT,0.005681,0.006093,7.2522,1774039666723
gate,bybit,VANRYUSDT,0.00568,0.006093,7.2711,1774039667023
gate,bybit,VANRYUSDT,0.005679,0.006092,7.2724,1774039667323
gate,bybit,VANRYUSDT,0.005679,0.006092,7.2724,1774039667624
gate,bybit,VANRYUSDT,0.005679,0.006092,7.2724,1774039667924
gate,bybit,VANRYUSDT,0.00568,0.006092,7.2535,1774039668225
gate,bybit,VANRYUSDT,0.00568,0.006092,7.2535,1774039668525
gate,bybit,VANRYUSDT,0.00568,0.006092,7.2535,1774039668825
gate,bybit,VANRYUSDT,0.00568,0.006092,7.2535,1774039669125
gate,bybit,VANRYUSDT,0.00568,0.006092,7.2535,1774039669426
gate,bybit,VANRYUSDT,0.00568,0.006092,7.2535,1774039669726
gate,bybit,VANRYUSDT,0.00568,0.006092,7.2535,1774039670026
gate,bybit,VANRYUSDT,0.00568,0.006092,7.2535,1774039670326
gate,bybit,VANRYUSDT,0.00568,0.006093,7.2711,1774039670626
gate,bybit,VANRYUSDT,0.00568,0.006093,7.2711,1774039670926
gate,bybit,VANRYUSDT,0.00568,0.006093,7.2711,1774039671226
gate,bybit,VANRYUSDT,0.005681,0.006093,7.2522,1774039671526
gate,bybit,VANRYUSDT,0.005681,0.006093,7.2522,1774039671826
gate,bybit,VANRYUSDT,0.00568,0.006093,7.2711,1774039672127
gate,bybit,VANRYUSDT,0.00568,0.006093,7.2711,1774039672427
gate,bybit,VANRYUSDT,0.00568,0.006093,7.2711,1774039672727
gate,bybit,VANRYUSDT,0.00568,0.006093,7.2711,1774039673028
gate,bybit,VANRYUSDT,0.00568,0.006093,7.2711,1774039673328
gate,bybit,VANRYUSDT,0.00568,0.006093,7.2711,1774039673629
gate,bybit,VANRYUSDT,0.00568,0.006093,7.2711,1774039673929
gate,bybit,VANRYUSDT,0.00568,0.006094,7.2887,1774039674229
gate,bybit,VANRYUSDT,0.00568,0.006094,7.2887,1774039674529
gate,bybit,VANRYUSDT,0.00568,0.006094,7.2887,1774039674829
gate,bybit,VANRYUSDT,0.00568,0.006094,7.2887,1774039675130
gate,bybit,VANRYUSDT,0.00568,0.006094,7.2887,1774039675430
gate,bybit,VANRYUSDT,0.00568,0.006094,7.2887,1774039675730
gate,bybit,VANRYUSDT,0.00568,0.006094,7.2887,1774039676030
gate,bybit,VANRYUSDT,0.00568,0.006094,7.2887,1774039676331
gate,bybit,VANRYUSDT,0.00568,0.006094,7.2887,1774039676631
gate,bybit,VANRYUSDT,0.00568,0.006094,7.2887,1774039676932
gate,bybit,VANRYUSDT,0.00568,0.006094,7.2887,1774039677232
gate,bybit,VANRYUSDT,0.00568,0.006094,7.2887,1774039677532
gate,bybit,VANRYUSDT,0.005681,0.006095,7.2874,1774039677832
gate,bybit,VANRYUSDT,0.005682,0.006095,7.2686,1774039678132
gate,bybit,VANRYUSDT,0.005682,0.006095,7.2686,1774039678432
gate,bybit,VANRYUSDT,0.005682,0.006095,7.2686,1774039678735
gate,bybit,VANRYUSDT,0.005682,0.006095,7.2686,1774039679035
gate,bybit,VANRYUSDT,0.005682,0.006095,7.2686,1774039679335
gate,bybit,VANRYUSDT,0.005682,0.006095,7.2686,1774039679637
gate,bybit,VANRYUSDT,0.005682,0.006095,7.2686,1774039679937
gate,bybit,VANRYUSDT,0.005682,0.006095,7.2686,1774039680237
gate,bybit,VANRYUSDT,0.005682,0.006095,7.2686,1774039680537
gate,bybit,VANRYUSDT,0.005681,0.006095,7.2874,1774039680838
gate,bybit,VANRYUSDT,0.005681,0.006095,7.2874,1774039681138
gate,bybit,VANRYUSDT,0.005681,0.006095,7.2874,1774039681439
gate,bybit,VANRYUSDT,0.005681,0.006095,7.2874,1774039681739
gate,bybit,VANRYUSDT,0.005681,0.006095,7.2874,1774039682039
gate,bybit,VANRYUSDT,0.005682,0.006097,7.3038,1774039682339
gate,bybit,VANRYUSDT,0.005682,0.006097,7.3038,1774039682640
gate,bybit,VANRYUSDT,0.005682,0.006097,7.3038,1774039682940
gate,bybit,VANRYUSDT,0.005682,0.006097,7.3038,1774039683240
gate,bybit,VANRYUSDT,0.005682,0.006097,7.3038,1774039683541
gate,bybit,VANRYUSDT,0.005682,0.006097,7.3038,1774039683842
gate,bybit,VANRYUSDT,0.005682,0.006097,7.3038,1774039684142
gate,bybit,VANRYUSDT,0.005682,0.006097,7.3038,1774039684442
gate,bybit,VANRYUSDT,0.005682,0.006097,7.3038,1774039684742
gate,bybit,VANRYUSDT,0.005682,0.006097,7.3038,1774039685042
gate,bybit,VANRYUSDT,0.005682,0.006097,7.3038,1774039685342
gate,bybit,VANRYUSDT,0.005682,0.006097,7.3038,1774039685643
gate,bybit,VANRYUSDT,0.005682,0.006097,7.3038,1774039685943
gate,bybit,VANRYUSDT,0.005682,0.006097,7.3038,1774039686244
gate,bybit,VANRYUSDT,0.005678,0.006093,7.3089,1774039686544
gate,bybit,VANRYUSDT,0.005678,0.006093,7.3089,1774039686844
gate,bybit,VANRYUSDT,0.005678,0.006093,7.3089,1774039687144
gate,bybit,VANRYUSDT,0.005678,0.006093,7.3089,1774039687445
gate,bybit,VANRYUSDT,0.005678,0.006093,7.3089,1774039687745
gate,bybit,VANRYUSDT,0.005678,0.006093,7.3089,1774039688045
gate,bybit,VANRYUSDT,0.005678,0.006093,7.3089,1774039688345
gate,bybit,VANRYUSDT,0.005678,0.006093,7.3089,1774039688646
gate,bybit,VANRYUSDT,0.005678,0.006093,7.3089,1774039688947
gate,bybit,VANRYUSDT,0.005678,0.006093,7.3089,1774039689247
gate,bybit,VANRYUSDT,0.005678,0.006093,7.3089,1774039689547
gate,bybit,VANRYUSDT,0.005678,0.006093,7.3089,1774039689848
gate,bybit,VANRYUSDT,0.005678,0.006093,7.3089,1774039690148
gate,bybit,VANRYUSDT,0.005678,0.006093,7.3089,1774039690448
gate,bybit,VANRYUSDT,0.005678,0.006093,7.3089,1774039690748
gate,bybit,VANRYUSDT,0.005679,0.006093,7.29,1774039691049
gate,bybit,VANRYUSDT,0.00568,0.006094,7.2887,1774039691349
gate,bybit,VANRYUSDT,0.00568,0.006094,7.2887,1774039691650
gate,bybit,VANRYUSDT,0.00568,0.006094,7.2887,1774039691951
gate,bybit,VANRYUSDT,0.00568,0.006094,7.2887,1774039692251
gate,bybit,VANRYUSDT,0.00568,0.006094,7.2887,1774039692551
gate,bybit,VANRYUSDT,0.00568,0.006094,7.2887,1774039692851
gate,bybit,VANRYUSDT,0.00568,0.006094,7.2887,1774039693152
gate,bybit,VANRYUSDT,0.00568,0.006094,7.2887,1774039693452
gate,bybit,VANRYUSDT,0.005681,0.006096,7.3051,1774039693752
gate,bybit,VANRYUSDT,0.005681,0.006096,7.3051,1774039694052
gate,bybit,VANRYUSDT,0.005681,0.006096,7.3051,1774039694352
gate,bybit,VANRYUSDT,0.005681,0.006096,7.3051,1774039694653
gate,bybit,VANRYUSDT,0.005681,0.006096,7.3051,1774039694953
gate,bybit,VANRYUSDT,0.005681,0.006096,7.3051,1774039695253
gate,bybit,VANRYUSDT,0.005681,0.006096,7.3051,1774039695553
gate,bybit,VANRYUSDT,0.005682,0.006096,7.2862,1774039695854
gate,bybit,VANRYUSDT,0.005682,0.006097,7.3038,1774039696155
gate,bybit,VANRYUSDT,0.005682,0.006097,7.3038,1774039696455
gate,bybit,VANRYUSDT,0.005682,0.006097,7.3038,1774039696755
gate,bybit,VANRYUSDT,0.005682,0.006097,7.3038,1774039697056
gate,bybit,VANRYUSDT,0.005683,0.006097,7.2849,1774039697356
gate,bybit,VANRYUSDT,0.005683,0.006097,7.2849,1774039697656
gate,bybit,VANRYUSDT,0.005686,0.006097,7.2283,1774039697957
gate,bybit,VANRYUSDT,0.005686,0.006097,7.2283,1774039698257
gate,bybit,VANRYUSDT,0.005686,0.006097,7.2283,1774039698557
gate,bybit,VANRYUSDT,0.005686,0.006097,7.2283,1774039698857
gate,bybit,VANRYUSDT,0.005686,0.006097,7.2283,1774039699158
gate,bybit,VANRYUSDT,0.005686,0.006097,7.2283,1774039699458
gate,bybit,VANRYUSDT,0.005683,0.006096,7.2673,1774039699758
gate,bybit,VANRYUSDT,0.005683,0.006096,7.2673,1774039700058
gate,bybit,VANRYUSDT,0.005684,0.006096,7.2484,1774039700359
gate,bybit,VANRYUSDT,0.005684,0.006096,7.2484,1774039700660
gate,bybit,VANRYUSDT,0.005683,0.006096,7.2673,1774039700960
gate,bybit,VANRYUSDT,0.005682,0.006096,7.2862,1774039701260
gate,bybit,VANRYUSDT,0.005682,0.006096,7.2862,1774039701560
gate,bybit,VANRYUSDT,0.005683,0.006096,7.2673,1774039701861
gate,bybit,VANRYUSDT,0.005682,0.006096,7.2862,1774039702161
gate,bybit,VANRYUSDT,0.005682,0.006096,7.2862,1774039702461
gate,bybit,VANRYUSDT,0.005682,0.006096,7.2862,1774039702761
gate,bybit,VANRYUSDT,0.005682,0.006096,7.2862,1774039703061
gate,bybit,VANRYUSDT,0.005682,0.006096,7.2862,1774039703362
gate,bybit,VANRYUSDT,0.005682,0.006096,7.2862,1774039703662
gate,bybit,VANRYUSDT,0.00568,0.006093,7.2711,1774039703962
gate,bybit,VANRYUSDT,0.00568,0.006093,7.2711,1774039704262
gate,bybit,VANRYUSDT,0.00568,0.006093,7.2711,1774039704562
gate,bybit,VANRYUSDT,0.00568,0.006093,7.2711,1774039704862
gate,bybit,VANRYUSDT,0.00568,0.006093,7.2711,1774039705162
gate,bybit,VANRYUSDT,0.00568,0.006093,7.2711,1774039705463
gate,bybit,VANRYUSDT,0.00568,0.006093,7.2711,1774039705764
gate,bybit,VANRYUSDT,0.00568,0.006093,7.2711,1774039706065
gate,bybit,VANRYUSDT,0.00568,0.006093,7.2711,1774039706366
gate,bybit,VANRYUSDT,0.00568,0.006093,7.2711,1774039706666
gate,bybit,VANRYUSDT,0.00568,0.006093,7.2711,1774039706966
gate,bybit,VANRYUSDT,0.00568,0.006093,7.2711,1774039707266
gate,bybit,VANRYUSDT,0.00568,0.006093,7.2711,1774039707566
gate,bybit,VANRYUSDT,0.00568,0.006093,7.2711,1774039707866
gate,bybit,VANRYUSDT,0.00568,0.006093,7.2711,1774039708166
gate,bybit,VANRYUSDT,0.00568,0.006093,7.2711,1774039708467
gate,bybit,VANRYUSDT,0.00568,0.006093,7.2711,1774039708767
gate,bybit,VANRYUSDT,0.00568,0.006093,7.2711,1774039709067
gate,bybit,VANRYUSDT,0.00568,0.006093,7.2711,1774039709368
gate,bybit,VANRYUSDT,0.00568,0.006093,7.2711,1774039709668
gate,bybit,VANRYUSDT,0.00568,0.006093,7.2711,1774039709968
gate,bybit,VANRYUSDT,0.00568,0.006093,7.2711,1774039710269
gate,bybit,VANRYUSDT,0.00568,0.006093,7.2711,1774039710569
gate,bybit,VANRYUSDT,0.00568,0.006093,7.2711,1774039710869
gate,bybit,VANRYUSDT,0.00568,0.006093,7.2711,1774039711169
gate,bybit,VANRYUSDT,0.00568,0.006093,7.2711,1774039711469
gate,bybit,VANRYUSDT,0.00568,0.006093,7.2711,1774039711770
gate,bybit,VANRYUSDT,0.00568,0.006093,7.2711,1774039712070
gate,bybit,VANRYUSDT,0.00568,0.006093,7.2711,1774039712370
gate,bybit,VANRYUSDT,0.00568,0.006093,7.2711,1774039712670
gate,bybit,VANRYUSDT,0.00568,0.006093,7.2711,1774039712971
gate,bybit,VANRYUSDT,0.00568,0.006093,7.2711,1774039713271
gate,bybit,VANRYUSDT,0.00568,0.006093,7.2711,1774039713571
gate,bybit,VANRYUSDT,0.00568,0.006093,7.2711,1774039713871
gate,bybit,VANRYUSDT,0.00568,0.006093,7.2711,1774039714171
gate,bybit,VANRYUSDT,0.00568,0.006093,7.2711,1774039714472
gate,bybit,VANRYUSDT,0.00568,0.006093,7.2711,1774039714772
gate,bybit,VANRYUSDT,0.00568,0.006093,7.2711,1774039715073
gate,bybit,VANRYUSDT,0.00568,0.006093,7.2711,1774039715373
gate,bybit,VANRYUSDT,0.00568,0.006093,7.2711,1774039715673
gate,bybit,VANRYUSDT,0.00568,0.006093,7.2711,1774039715974
gate,bybit,VANRYUSDT,0.00568,0.006093,7.2711,1774039716274
gate,bybit,VANRYUSDT,0.00568,0.006093,7.2711,1774039716574
gate,bybit,VANRYUSDT,0.00568,0.006093,7.2711,1774039716875
gate,bybit,VANRYUSDT,0.00568,0.006093,7.2711,1774039717176
gate,bybit,VANRYUSDT,0.00568,0.006093,7.2711,1774039717476
gate,bybit,VANRYUSDT,0.00568,0.006093,7.2711,1774039717776
gate,bybit,VANRYUSDT,0.00568,0.006093,7.2711,1774039718077
gate,bybit,VANRYUSDT,0.00568,0.006093,7.2711,1774039718377
gate,bybit,VANRYUSDT,0.00568,0.006093,7.2711,1774039718677
gate,bybit,VANRYUSDT,0.00568,0.006093,7.2711,1774039718978
gate,bybit,VANRYUSDT,0.00568,0.006093,7.2711,1774039719278
gate,bybit,VANRYUSDT,0.00568,0.006093,7.2711,1774039719578
gate,bybit,VANRYUSDT,0.00568,0.006093,7.2711,1774039719878
gate,bybit,VANRYUSDT,0.00568,0.006093,7.2711,1774039720179
gate,bybit,VANRYUSDT,0.00568,0.006093,7.2711,1774039720479
gate,bybit,VANRYUSDT,0.00568,0.006093,7.2711,1774039720779
gate,bybit,VANRYUSDT,0.00568,0.006093,7.2711,1774039721079
gate,bybit,VANRYUSDT,0.00568,0.006093,7.2711,1774039721379
gate,bybit,VANRYUSDT,0.00568,0.006093,7.2711,1774039721680
gate,bybit,VANRYUSDT,0.00568,0.006093,7.2711,1774039721980
gate,bybit,VANRYUSDT,0.00568,0.006093,7.2711,1774039722280
gate,bybit,VANRYUSDT,0.00568,0.006093,7.2711,1774039722581
gate,bybit,VANRYUSDT,0.00568,0.006093,7.2711,1774039722881
gate,bybit,VANRYUSDT,0.00568,0.006093,7.2711,1774039723182
gate,bybit,VANRYUSDT,0.00568,0.006093,7.2711,1774039723482
gate,bybit,VANRYUSDT,0.00568,0.006093,7.2711,1774039723783
gate,bybit,VANRYUSDT,0.00568,0.006093,7.2711,1774039724083
gate,bybit,VANRYUSDT,0.00568,0.006093,7.2711,1774039724383
gate,bybit,VANRYUSDT,0.00568,0.006093,7.2711,1774039724684
gate,bybit,VANRYUSDT,0.00568,0.006093,7.2711,1774039724984
gate,bybit,VANRYUSDT,0.00568,0.006093,7.2711,1774039725284
gate,bybit,VANRYUSDT,0.00568,0.006093,7.2711,1774039725584
gate,bybit,VANRYUSDT,0.00568,0.006093,7.2711,1774039725884
gate,bybit,VANRYUSDT,0.00568,0.006093,7.2711,1774039726185
gate,bybit,VANRYUSDT,0.00568,0.006093,7.2711,1774039726485
gate,bybit,VANRYUSDT,0.00568,0.006093,7.2711,1774039726785
gate,bybit,VANRYUSDT,0.00568,0.006093,7.2711,1774039727086
gate,bybit,VANRYUSDT,0.00568,0.006093,7.2711,1774039727386
gate,bybit,VANRYUSDT,0.00568,0.006093,7.2711,1774039727686
gate,bybit,VANRYUSDT,0.00568,0.006093,7.2711,1774039727987
gate,bybit,VANRYUSDT,0.00568,0.006093,7.2711,1774039728287
gate,bybit,VANRYUSDT,0.00568,0.006093,7.2711,1774039728587
gate,bybit,VANRYUSDT,0.00568,0.006093,7.2711,1774039728888
gate,bybit,VANRYUSDT,0.00568,0.006093,7.2711,1774039729189
gate,bybit,VANRYUSDT,0.00568,0.006093,7.2711,1774039729489
gate,bybit,VANRYUSDT,0.00568,0.006093,7.2711,1774039729789
gate,bybit,VANRYUSDT,0.00568,0.006093,7.2711,1774039730089
gate,bybit,VANRYUSDT,0.00568,0.006093,7.2711,1774039730389
gate,bybit,VANRYUSDT,0.00568,0.006093,7.2711,1774039730691
gate,bybit,VANRYUSDT,0.00568,0.006093,7.2711,1774039730991
gate,bybit,VANRYUSDT,0.00568,0.006093,7.2711,1774039731291
gate,bybit,VANRYUSDT,0.00568,0.006093,7.2711,1774039731592
gate,bybit,VANRYUSDT,0.00568,0.006093,7.2711,1774039731892
gate,bybit,VANRYUSDT,0.00568,0.006093,7.2711,1774039732192
gate,bybit,VANRYUSDT,0.00568,0.006093,7.2711,1774039732493
gate,bybit,VANRYUSDT,0.00568,0.006093,7.2711,1774039732793
gate,bybit,VANRYUSDT,0.00568,0.006093,7.2711,1774039733093
gate,bybit,VANRYUSDT,0.00568,0.006093,7.2711,1774039733394
gate,bybit,VANRYUSDT,0.00568,0.006093,7.2711,1774039733694
gate,bybit,VANRYUSDT,0.00568,0.006093,7.2711,1774039733995
gate,bybit,VANRYUSDT,0.00568,0.006093,7.2711,1774039734295
gate,bybit,VANRYUSDT,0.00568,0.006093,7.2711,1774039734595
gate,bybit,VANRYUSDT,0.00568,0.006093,7.2711,1774039734895
gate,bybit,VANRYUSDT,0.00568,0.006093,7.2711,1774039735195
gate,bybit,VANRYUSDT,0.00568,0.006093,7.2711,1774039735496
gate,bybit,VANRYUSDT,0.00568,0.006093,7.2711,1774039735796
gate,bybit,VANRYUSDT,0.00568,0.006093,7.2711,1774039736096
gate,bybit,VANRYUSDT,0.00568,0.006093,7.2711,1774039736396
gate,bybit,VANRYUSDT,0.00568,0.006093,7.2711,1774039736697
gate,bybit,VANRYUSDT,0.00568,0.006093,7.2711,1774039736997
gate,bybit,VANRYUSDT,0.00568,0.006093,7.2711,1774039737298
gate,bybit,VANRYUSDT,0.00568,0.006093,7.2711,1774039737598
gate,bybit,VANRYUSDT,0.00568,0.006093,7.2711,1774039737899
gate,bybit,VANRYUSDT,0.00568,0.006093,7.2711,1774039738199
gate,bybit,VANRYUSDT,0.00568,0.006093,7.2711,1774039738499
gate,bybit,VANRYUSDT,0.00568,0.006093,7.2711,1774039738799
gate,bybit,VANRYUSDT,0.00568,0.006093,7.2711,1774039739100
gate,bybit,VANRYUSDT,0.00568,0.006093,7.2711,1774039739400
gate,bybit,VANRYUSDT,0.005678,0.006092,7.2913,1774039739700
gate,bybit,VANRYUSDT,0.005677,0.006092,7.3102,1774039740000
gate,bybit,VANRYUSDT,0.005677,0.006092,7.3102,1774039740301
gate,bybit,VANRYUSDT,0.005677,0.006092,7.3102,1774039740601
gate,bybit,VANRYUSDT,0.005677,0.006092,7.3102,1774039740902
gate,bybit,VANRYUSDT,0.005677,0.006092,7.3102,1774039741202
gate,bybit,VANRYUSDT,0.005677,0.006092,7.3102,1774039741502
gate,bybit,VANRYUSDT,0.005677,0.006092,7.3102,1774039741802
gate,bybit,VANRYUSDT,0.005677,0.006092,7.3102,1774039742102
gate,bybit,VANRYUSDT,0.005677,0.006092,7.3102,1774039742403
gate,bybit,VANRYUSDT,0.005677,0.006092,7.3102,1774039742703
gate,bybit,VANRYUSDT,0.005677,0.006092,7.3102,1774039743003
gate,bybit,VANRYUSDT,0.005677,0.006092,7.3102,1774039743303
gate,bybit,VANRYUSDT,0.005677,0.006092,7.3102,1774039743604
gate,bybit,VANRYUSDT,0.005677,0.006092,7.3102,1774039743904
gate,bybit,VANRYUSDT,0.005677,0.006092,7.3102,1774039744204
gate,bybit,VANRYUSDT,0.005677,0.006092,7.3102,1774039744505
gate,bybit,VANRYUSDT,0.005677,0.006092,7.3102,1774039744805
gate,bybit,VANRYUSDT,0.005677,0.006092,7.3102,1774039745105
gate,bybit,VANRYUSDT,0.005677,0.006092,7.3102,1774039745405
gate,bybit,VANRYUSDT,0.005677,0.006092,7.3102,1774039745706
gate,bybit,VANRYUSDT,0.005677,0.006092,7.3102,1774039746006
gate,bybit,VANRYUSDT,0.005677,0.006092,7.3102,1774039746307
gate,bybit,VANRYUSDT,0.005677,0.006092,7.3102,1774039746608
gate,bybit,VANRYUSDT,0.005677,0.006092,7.3102,1774039746908
gate,bybit,VANRYUSDT,0.005677,0.006092,7.3102,1774039747212
gate,bybit,VANRYUSDT,0.005677,0.006092,7.3102,1774039747512
gate,bybit,VANRYUSDT,0.005677,0.006092,7.3102,1774039747813
gate,bybit,VANRYUSDT,0.005677,0.006092,7.3102,1774039748113
gate,bybit,VANRYUSDT,0.005677,0.006092,7.3102,1774039748413
gate,bybit,VANRYUSDT,0.005677,0.006092,7.3102,1774039748714
gate,bybit,VANRYUSDT,0.005677,0.006092,7.3102,1774039749014
gate,bybit,VANRYUSDT,0.005677,0.006092,7.3102,1774039749315
gate,bybit,VANRYUSDT,0.005677,0.006092,7.3102,1774039749615
gate,bybit,VANRYUSDT,0.005677,0.006092,7.3102,1774039749916
gate,bybit,VANRYUSDT,0.005677,0.006092,7.3102,1774039750216
gate,bybit,VANRYUSDT,0.005677,0.006092,7.3102,1774039750516
gate,bybit,VANRYUSDT,0.005677,0.006092,7.3102,1774039750816
gate,bybit,VANRYUSDT,0.005677,0.006092,7.3102,1774039751117
gate,bybit,VANRYUSDT,0.005677,0.006092,7.3102,1774039751417
gate,bybit,VANRYUSDT,0.005677,0.006092,7.3102,1774039751717
gate,bybit,VANRYUSDT,0.005677,0.006092,7.3102,1774039752017
gate,bybit,VANRYUSDT,0.005677,0.006092,7.3102,1774039752318
gate,bybit,VANRYUSDT,0.005677,0.006092,7.3102,1774039752618
gate,bybit,VANRYUSDT,0.005677,0.006092,7.3102,1774039752918
gate,bybit,VANRYUSDT,0.005677,0.006092,7.3102,1774039753218
gate,bybit,VANRYUSDT,0.005677,0.006092,7.3102,1774039753518
gate,bybit,VANRYUSDT,0.005677,0.006092,7.3102,1774039753818
gate,bybit,VANRYUSDT,0.005677,0.006092,7.3102,1774039754119
gate,bybit,VANRYUSDT,0.005677,0.006092,7.3102,1774039754419
gate,bybit,VANRYUSDT,0.005677,0.006092,7.3102,1774039754719
gate,bybit,VANRYUSDT,0.005677,0.006092,7.3102,1774039755020
gate,bybit,VANRYUSDT,0.005677,0.006092,7.3102,1774039755320
gate,bybit,VANRYUSDT,0.005677,0.006092,7.3102,1774039755620
gate,bybit,VANRYUSDT,0.005677,0.006092,7.3102,1774039755920
gate,bybit,VANRYUSDT,0.005677,0.006092,7.3102,1774039756221
gate,bybit,VANRYUSDT,0.005677,0.006092,7.3102,1774039756521
gate,bybit,VANRYUSDT,0.005677,0.006092,7.3102,1774039756821
gate,bybit,VANRYUSDT,0.005677,0.006092,7.3102,1774039757122
gate,bybit,VANRYUSDT,0.005677,0.006092,7.3102,1774039757422
gate,bybit,VANRYUSDT,0.005676,0.006092,7.3291,1774039757722
gate,bybit,VANRYUSDT,0.005676,0.006092,7.3291,1774039758023
gate,bybit,VANRYUSDT,0.005676,0.006092,7.3291,1774039758324
gate,bybit,VANRYUSDT,0.005676,0.006092,7.3291,1774039758624
gate,bybit,VANRYUSDT,0.005676,0.006092,7.3291,1774039758925
gate,bybit,VANRYUSDT,0.005676,0.006092,7.3291,1774039759225
gate,bybit,VANRYUSDT,0.005676,0.006092,7.3291,1774039759525
gate,bybit,VANRYUSDT,0.005676,0.006092,7.3291,1774039759826
gate,bybit,VANRYUSDT,0.005676,0.006092,7.3291,1774039760126
gate,bybit,VANRYUSDT,0.005676,0.006092,7.3291,1774039760427
gate,bybit,VANRYUSDT,0.005677,0.006092,7.3102,1774039760727
gate,bybit,VANRYUSDT,0.005677,0.006092,7.3102,1774039761027
gate,bybit,VANRYUSDT,0.005677,0.006092,7.3102,1774039761327
gate,bybit,VANRYUSDT,0.005677,0.006092,7.3102,1774039761627
gate,bybit,VANRYUSDT,0.005677,0.006092,7.3102,1774039761928
gate,bybit,VANRYUSDT,0.005677,0.006092,7.3102,1774039762228
gate,bybit,VANRYUSDT,0.005677,0.006092,7.3102,1774039762528
gate,bybit,VANRYUSDT,0.005677,0.006092,7.3102,1774039762828
gate,bybit,VANRYUSDT,0.005678,0.006094,7.3265,1774039763129
gate,bybit,VANRYUSDT,0.005678,0.006094,7.3265,1774039763429
gate,bybit,VANRYUSDT,0.005679,0.006094,7.3076,1774039763729
gate,bybit,VANRYUSDT,0.005679,0.006094,7.3076,1774039764030
gate,bybit,VANRYUSDT,0.005679,0.006094,7.3076,1774039764330
gate,bybit,VANRYUSDT,0.005679,0.006094,7.3076,1774039764630
gate,bybit,VANRYUSDT,0.005679,0.006094,7.3076,1774039764931
gate,bybit,VANRYUSDT,0.00568,0.006094,7.2887,1774039765232
gate,bybit,VANRYUSDT,0.00568,0.006094,7.2887,1774039765532
gate,bybit,VANRYUSDT,0.00568,0.006094,7.2887,1774039765832
gate,bybit,VANRYUSDT,0.005681,0.006094,7.2698,1774039766133
gate,bybit,VANRYUSDT,0.005681,0.006094,7.2698,1774039766433
gate,bybit,VANRYUSDT,0.005681,0.006094,7.2698,1774039766733
gate,bybit,VANRYUSDT,0.005681,0.006094,7.2698,1774039767033
gate,bybit,VANRYUSDT,0.005681,0.006094,7.2698,1774039767334
gate,bybit,VANRYUSDT,0.005681,0.006094,7.2698,1774039767634
gate,bybit,VANRYUSDT,0.005681,0.006094,7.2698,1774039767934
gate,bybit,VANRYUSDT,0.005681,0.006094,7.2698,1774039768234
gate,bybit,VANRYUSDT,0.005681,0.006094,7.2698,1774039768535
gate,bybit,VANRYUSDT,0.005681,0.006094,7.2698,1774039768835
gate,bybit,VANRYUSDT,0.005682,0.006094,7.251,1774039769135
gate,bybit,VANRYUSDT,0.005681,0.006094,7.2698,1774039769435
gate,bybit,VANRYUSDT,0.005681,0.006094,7.2698,1774039769736
gate,bybit,VANRYUSDT,0.005681,0.006094,7.2698,1774039770036
gate,bybit,VANRYUSDT,0.005682,0.006094,7.251,1774039770336
gate,bybit,VANRYUSDT,0.005682,0.006094,7.251,1774039770636
gate,bybit,VANRYUSDT,0.005682,0.006094,7.251,1774039770937
gate,bybit,VANRYUSDT,0.005682,0.006094,7.251,1774039771237
gate,bybit,VANRYUSDT,0.005682,0.006094,7.251,1774039771537
gate,bybit,VANRYUSDT,0.005682,0.006094,7.251,1774039771837
gate,bybit,VANRYUSDT,0.005682,0.006094,7.251,1774039772137
gate,bybit,VANRYUSDT,0.005682,0.006094,7.251,1774039772438
gate,bybit,VANRYUSDT,0.005682,0.006094,7.251,1774039772739
gate,bybit,VANRYUSDT,0.005682,0.006094,7.251,1774039773039
gate,bybit,VANRYUSDT,0.005682,0.006094,7.251,1774039773339
gate,bybit,VANRYUSDT,0.005682,0.006094,7.251,1774039773640
gate,bybit,VANRYUSDT,0.00568,0.006094,7.2887,1774039773940
gate,bybit,VANRYUSDT,0.00568,0.006094,7.2887,1774039774240
gate,bybit,VANRYUSDT,0.00568,0.006094,7.2887,1774039774541
gate,bybit,VANRYUSDT,0.00568,0.006094,7.2887,1774039774841
gate,bybit,VANRYUSDT,0.00568,0.006094,7.2887,1774039775141
gate,bybit,VANRYUSDT,0.00568,0.006094,7.2887,1774039775441
gate,bybit,VANRYUSDT,0.00568,0.006094,7.2887,1774039775742
gate,bybit,VANRYUSDT,0.00568,0.006094,7.2887,1774039776042
gate,bybit,VANRYUSDT,0.00568,0.006094,7.2887,1774039776342
gate,bybit,VANRYUSDT,0.00568,0.006094,7.2887,1774039776642
gate,bybit,VANRYUSDT,0.00568,0.006094,7.2887,1774039776942
gate,bybit,VANRYUSDT,0.00568,0.006094,7.2887,1774039777242
gate,bybit,VANRYUSDT,0.00568,0.006094,7.2887,1774039777543
gate,bybit,VANRYUSDT,0.00568,0.006094,7.2887,1774039777843
gate,bybit,VANRYUSDT,0.00568,0.006094,7.2887,1774039778143
gate,bybit,VANRYUSDT,0.00568,0.006094,7.2887,1774039778444
gate,bybit,VANRYUSDT,0.00568,0.006094,7.2887,1774039778744
gate,bybit,VANRYUSDT,0.00568,0.006094,7.2887,1774039779044
gate,bybit,VANRYUSDT,0.00568,0.006094,7.2887,1774039779345
gate,bybit,VANRYUSDT,0.00568,0.006094,7.2887,1774039779645
gate,bybit,VANRYUSDT,0.00568,0.006094,7.2887,1774039779945
gate,bybit,VANRYUSDT,0.00568,0.006094,7.2887,1774039780245
gate,bybit,VANRYUSDT,0.00568,0.006094,7.2887,1774039780546
gate,bybit,VANRYUSDT,0.00568,0.006094,7.2887,1774039780847
gate,bybit,VANRYUSDT,0.00568,0.006094,7.2887,1774039781147
gate,bybit,VANRYUSDT,0.00568,0.006094,7.2887,1774039781447
gate,bybit,VANRYUSDT,0.00568,0.006094,7.2887,1774039781748
gate,bybit,VANRYUSDT,0.00568,0.006094,7.2887,1774039782048
gate,bybit,VANRYUSDT,0.00568,0.006094,7.2887,1774039782349
gate,bybit,VANRYUSDT,0.00568,0.006094,7.2887,1774039782649
gate,bybit,VANRYUSDT,0.00568,0.006094,7.2887,1774039782949
gate,bybit,VANRYUSDT,0.00568,0.006094,7.2887,1774039783250
gate,bybit,VANRYUSDT,0.00568,0.006094,7.2887,1774039783550
gate,bybit,VANRYUSDT,0.00568,0.006094,7.2887,1774039783850
gate,bybit,VANRYUSDT,0.00568,0.006094,7.2887,1774039784151
gate,bybit,VANRYUSDT,0.00568,0.006094,7.2887,1774039784451
gate,bybit,VANRYUSDT,0.00568,0.006094,7.2887,1774039784751
gate,bybit,VANRYUSDT,0.00568,0.006094,7.2887,1774039785052
gate,bybit,VANRYUSDT,0.00568,0.006094,7.2887,1774039785352
gate,bybit,VANRYUSDT,0.00568,0.006094,7.2887,1774039785652
gate,bybit,VANRYUSDT,0.00568,0.006094,7.2887,1774039785953
gate,bybit,VANRYUSDT,0.00568,0.006094,7.2887,1774039786253
gate,bybit,VANRYUSDT,0.00568,0.006094,7.2887,1774039786553
gate,bybit,VANRYUSDT,0.00568,0.006094,7.2887,1774039786853
gate,bybit,VANRYUSDT,0.00568,0.006094,7.2887,1774039787154
gate,bybit,VANRYUSDT,0.00568,0.006094,7.2887,1774039787454
gate,bybit,VANRYUSDT,0.00568,0.006094,7.2887,1774039787754
gate,bybit,VANRYUSDT,0.00568,0.006094,7.2887,1774039788054
gate,bybit,VANRYUSDT,0.00568,0.006094,7.2887,1774039788355
gate,bybit,VANRYUSDT,0.00568,0.006094,7.2887,1774039788655
gate,bybit,VANRYUSDT,0.00568,0.006094,7.2887,1774039788955
gate,bybit,VANRYUSDT,0.00568,0.006094,7.2887,1774039789256
gate,bybit,VANRYUSDT,0.00568,0.006094,7.2887,1774039789556
gate,bybit,VANRYUSDT,0.00568,0.006094,7.2887,1774039789856
gate,bybit,VANRYUSDT,0.00568,0.006094,7.2887,1774039790157
gate,bybit,VANRYUSDT,0.00568,0.006094,7.2887,1774039790457
gate,bybit,VANRYUSDT,0.00568,0.006094,7.2887,1774039790758
gate,bybit,VANRYUSDT,0.00568,0.006094,7.2887,1774039791058
gate,bybit,VANRYUSDT,0.00568,0.006094,7.2887,1774039791359
gate,bybit,VANRYUSDT,0.00568,0.006094,7.2887,1774039791660
gate,bybit,VANRYUSDT,0.00568,0.006094,7.2887,1774039791961
gate,bybit,VANRYUSDT,0.005679,0.006094,7.3076,1774039792261
gate,bybit,VANRYUSDT,0.005679,0.006094,7.3076,1774039792562
gate,bybit,VANRYUSDT,0.005679,0.006094,7.3076,1774039792862
gate,bybit,VANRYUSDT,0.005679,0.006094,7.3076,1774039793162
gate,bybit,VANRYUSDT,0.005679,0.006094,7.3076,1774039793463
gate,bybit,VANRYUSDT,0.005678,0.006092,7.2913,1774039793764
gate,bybit,VANRYUSDT,0.005678,0.006092,7.2913,1774039794064
gate,bybit,VANRYUSDT,0.005678,0.006092,7.2913,1774039794364
gate,bybit,VANRYUSDT,0.005678,0.006092,7.2913,1774039794664
gate,bybit,VANRYUSDT,0.005678,0.006092,7.2913,1774039794965
gate,bybit,VANRYUSDT,0.005678,0.006092,7.2913,1774039795266
gate,bybit,VANRYUSDT,0.005678,0.006092,7.2913,1774039795566
gate,bybit,VANRYUSDT,0.005678,0.006092,7.2913,1774039795866
gate,bybit,VANRYUSDT,0.005678,0.006092,7.2913,1774039796167
gate,bybit,VANRYUSDT,0.005678,0.006092,7.2913,1774039796467
gate,bybit,VANRYUSDT,0.005678,0.006092,7.2913,1774039796767
gate,bybit,VANRYUSDT,0.005678,0.006092,7.2913,1774039797067
gate,bybit,VANRYUSDT,0.005678,0.006092,7.2913,1774039797367
gate,bybit,VANRYUSDT,0.005678,0.006092,7.2913,1774039797668
gate,bybit,VANRYUSDT,0.005678,0.006092,7.2913,1774039797968
gate,bybit,VANRYUSDT,0.005678,0.006092,7.2913,1774039798268
gate,bybit,VANRYUSDT,0.005678,0.006092,7.2913,1774039798568
gate,bybit,VANRYUSDT,0.005678,0.006092,7.2913,1774039798869
gate,bybit,VANRYUSDT,0.005678,0.006092,7.2913,1774039799169
gate,bybit,VANRYUSDT,0.005678,0.006092,7.2913,1774039799470
gate,bybit,VANRYUSDT,0.005678,0.006092,7.2913,1774039799770
gate,bybit,VANRYUSDT,0.005678,0.006092,7.2913,1774039800071
gate,bybit,VANRYUSDT,0.005678,0.006092,7.2913,1774039800373
gate,bybit,VANRYUSDT,0.005677,0.006092,7.3102,1774039800676
gate,bybit,VANRYUSDT,0.005677,0.006092,7.3102,1774039800976
gate,bybit,VANRYUSDT,0.005678,0.006092,7.2913,1774039801277
gate,bybit,VANRYUSDT,0.005678,0.006092,7.2913,1774039801577
gate,bybit,VANRYUSDT,0.005678,0.006092,7.2913,1774039801877
gate,bybit,VANRYUSDT,0.005678,0.006092,7.2913,1774039802177
gate,bybit,VANRYUSDT,0.005678,0.006092,7.2913,1774039802478
gate,bybit,VANRYUSDT,0.005678,0.006092,7.2913,1774039802778
gate,bybit,VANRYUSDT,0.005678,0.006092,7.2913,1774039803078
gate,bybit,VANRYUSDT,0.005678,0.006092,7.2913,1774039803378
gate,bybit,VANRYUSDT,0.005678,0.006092,7.2913,1774039803679
gate,bybit,VANRYUSDT,0.005678,0.006092,7.2913,1774039803979
gate,bybit,VANRYUSDT,0.005679,0.006096,7.3428,1774039804287
gate,bybit,VANRYUSDT,0.005679,0.006096,7.3428,1774039804587
gate,bybit,VANRYUSDT,0.005679,0.006096,7.3428,1774039804887
gate,bybit,VANRYUSDT,0.005679,0.006096,7.3428,1774039805188
gate,bybit,VANRYUSDT,0.005679,0.006096,7.3428,1774039805488
gate,bybit,VANRYUSDT,0.005679,0.006096,7.3428,1774039805788
gate,bybit,VANRYUSDT,0.005679,0.006095,7.3252,1774039806088
gate,bybit,VANRYUSDT,0.005679,0.006095,7.3252,1774039806389
gate,bybit,VANRYUSDT,0.005679,0.006095,7.3252,1774039806689
gate,bybit,VANRYUSDT,0.00568,0.006095,7.3063,1774039806989
gate,bybit,VANRYUSDT,0.005679,0.006095,7.3252,1774039807289
gate,bybit,VANRYUSDT,0.005679,0.006095,7.3252,1774039807590
gate,bybit,VANRYUSDT,0.005679,0.006095,7.3252,1774039807890
gate,bybit,VANRYUSDT,0.00568,0.006095,7.3063,1774039808191
gate,bybit,VANRYUSDT,0.00568,0.006095,7.3063,1774039808491
gate,bybit,VANRYUSDT,0.00568,0.006095,7.3063,1774039808791
gate,bybit,VANRYUSDT,0.005681,0.006095,7.2874,1774039809091
gate,bybit,VANRYUSDT,0.005681,0.006095,7.2874,1774039809391
gate,bybit,VANRYUSDT,0.005681,0.006095,7.2874,1774039809692
gate,bybit,VANRYUSDT,0.005681,0.006095,7.2874,1774039809992
gate,bybit,VANRYUSDT,0.005681,0.006095,7.2874,1774039810292
gate,bybit,VANRYUSDT,0.005681,0.006095,7.2874,1774039810592
gate,bybit,VANRYUSDT,0.005681,0.006095,7.2874,1774039810892
gate,bybit,VANRYUSDT,0.005681,0.006097,7.3227,1774039811192
gate,bybit,VANRYUSDT,0.005681,0.006097,7.3227,1774039811492
gate,bybit,VANRYUSDT,0.005681,0.006097,7.3227,1774039811793
gate,bybit,VANRYUSDT,0.005682,0.006097,7.3038,1774039812093
gate,bybit,VANRYUSDT,0.005682,0.006097,7.3038,1774039812393
gate,bybit,VANRYUSDT,0.005682,0.006097,7.3038,1774039812693
gate,bybit,VANRYUSDT,0.005682,0.006097,7.3038,1774039812993
gate,bybit,VANRYUSDT,0.005682,0.006097,7.3038,1774039813294
gate,bybit,VANRYUSDT,0.005682,0.006097,7.3038,1774039813594
gate,bybit,VANRYUSDT,0.005682,0.006097,7.3038,1774039813894
gate,bybit,VANRYUSDT,0.005683,0.006097,7.2849,1774039814195
gate,bybit,VANRYUSDT,0.005682,0.006096,7.2862,1774039814495
gate,bybit,VANRYUSDT,0.005682,0.006096,7.2862,1774039814795
gate,bybit,VANRYUSDT,0.005682,0.006096,7.2862,1774039815095
gate,bybit,VANRYUSDT,0.005681,0.006096,7.3051,1774039815395
gate,bybit,VANRYUSDT,0.005681,0.006096,7.3051,1774039815696
gate,bybit,VANRYUSDT,0.005681,0.006096,7.3051,1774039815996
gate,bybit,VANRYUSDT,0.005681,0.006096,7.3051,1774039816297
gate,bybit,VANRYUSDT,0.005681,0.006096,7.3051,1774039816597
gate,bybit,VANRYUSDT,0.005681,0.006096,7.3051,1774039816897
gate,bybit,VANRYUSDT,0.005682,0.006096,7.2862,1774039817197
gate,bybit,VANRYUSDT,0.005682,0.006096,7.2862,1774039817498
gate,bybit,VANRYUSDT,0.005682,0.006096,7.2862,1774039817799
gate,bybit,VANRYUSDT,0.005682,0.006096,7.2862,1774039818099
gate,bybit,VANRYUSDT,0.005682,0.006096,7.2862,1774039818399
gate,bybit,VANRYUSDT,0.005682,0.006096,7.2862,1774039818699
gate,bybit,VANRYUSDT,0.005682,0.006096,7.2862,1774039819000
gate,bybit,VANRYUSDT,0.005681,0.006096,7.3051,1774039819300
gate,bybit,VANRYUSDT,0.005681,0.006096,7.3051,1774039819601
gate,bybit,VANRYUSDT,0.005681,0.006096,7.3051,1774039819901
gate,bybit,VANRYUSDT,0.005681,0.006096,7.3051,1774039820201
gate,bybit,VANRYUSDT,0.005681,0.006096,7.3051,1774039820501
gate,bybit,VANRYUSDT,0.005681,0.006096,7.3051,1774039820801
gate,bybit,VANRYUSDT,0.005681,0.006096,7.3051,1774039821102
gate,bybit,VANRYUSDT,0.005681,0.006096,7.3051,1774039821402
gate,bybit,VANRYUSDT,0.005681,0.006096,7.3051,1774039821702
gate,bybit,VANRYUSDT,0.005681,0.006096,7.3051,1774039822002
gate,bybit,VANRYUSDT,0.005681,0.006096,7.3051,1774039822302
gate,bybit,VANRYUSDT,0.005681,0.006096,7.3051,1774039822603
gate,bybit,VANRYUSDT,0.005681,0.006096,7.3051,1774039822903
gate,bybit,VANRYUSDT,0.005681,0.006096,7.3051,1774039823204
gate,bybit,VANRYUSDT,0.005681,0.006096,7.3051,1774039823504
gate,bybit,VANRYUSDT,0.005681,0.006096,7.3051,1774039823804
gate,bybit,VANRYUSDT,0.005681,0.006096,7.3051,1774039824104
gate,bybit,VANRYUSDT,0.005681,0.006096,7.3051,1774039824404
gate,bybit,VANRYUSDT,0.005681,0.006096,7.3051,1774039824705
gate,bybit,VANRYUSDT,0.005681,0.006096,7.3051,1774039825005
gate,bybit,VANRYUSDT,0.005681,0.006096,7.3051,1774039825305
gate,bybit,VANRYUSDT,0.005681,0.006096,7.3051,1774039825605
gate,bybit,VANRYUSDT,0.005681,0.006096,7.3051,1774039825906
gate,bybit,VANRYUSDT,0.005681,0.006096,7.3051,1774039826206
gate,bybit,VANRYUSDT,0.005681,0.006096,7.3051,1774039826506
gate,bybit,VANRYUSDT,0.005681,0.006096,7.3051,1774039826806
gate,bybit,VANRYUSDT,0.005681,0.006096,7.3051,1774039827106
gate,bybit,VANRYUSDT,0.005681,0.006096,7.3051,1774039827407
gate,bybit,VANRYUSDT,0.005681,0.006096,7.3051,1774039827707
gate,bybit,VANRYUSDT,0.005681,0.006096,7.3051,1774039828008
gate,bybit,VANRYUSDT,0.005681,0.006096,7.3051,1774039828308
gate,bybit,VANRYUSDT,0.005681,0.006096,7.3051,1774039828608
gate,bybit,VANRYUSDT,0.005681,0.006096,7.3051,1774039828909
gate,bybit,VANRYUSDT,0.005681,0.006096,7.3051,1774039829210
gate,bybit,VANRYUSDT,0.00568,0.006094,7.2887,1774039829510
gate,bybit,VANRYUSDT,0.00568,0.006094,7.2887,1774039829810
gate,bybit,VANRYUSDT,0.00568,0.006094,7.2887,1774039830111
gate,bybit,VANRYUSDT,0.00568,0.006094,7.2887,1774039830411
gate,bybit,VANRYUSDT,0.00568,0.006094,7.2887,1774039830711
gate,bybit,VANRYUSDT,0.00568,0.006094,7.2887,1774039831011
gate,bybit,VANRYUSDT,0.00568,0.006094,7.2887,1774039831311
gate,bybit,VANRYUSDT,0.00568,0.006094,7.2887,1774039831611
gate,bybit,VANRYUSDT,0.005679,0.006094,7.3076,1774039831912
gate,bybit,VANRYUSDT,0.005679,0.006094,7.3076,1774039832212
gate,bybit,VANRYUSDT,0.005679,0.006094,7.3076,1774039832512
gate,bybit,VANRYUSDT,0.005679,0.006094,7.3076,1774039832813
gate,bybit,VANRYUSDT,0.005679,0.006094,7.3076,1774039833113
gate,bybit,VANRYUSDT,0.005679,0.006094,7.3076,1774039833413
gate,bybit,VANRYUSDT,0.005679,0.006094,7.3076,1774039833713
gate,bybit,VANRYUSDT,0.005679,0.006094,7.3076,1774039834014
gate,bybit,VANRYUSDT,0.005679,0.006094,7.3076,1774039834314
gate,bybit,VANRYUSDT,0.005679,0.006094,7.3076,1774039834614
gate,bybit,VANRYUSDT,0.005679,0.006094,7.3076,1774039834915
gate,bybit,VANRYUSDT,0.005679,0.006094,7.3076,1774039835215
gate,bybit,VANRYUSDT,0.005679,0.006094,7.3076,1774039835515
gate,bybit,VANRYUSDT,0.005679,0.006094,7.3076,1774039835816
gate,bybit,VANRYUSDT,0.005679,0.006094,7.3076,1774039836117
gate,bybit,VANRYUSDT,0.005679,0.006094,7.3076,1774039836417
gate,bybit,VANRYUSDT,0.005679,0.006094,7.3076,1774039836717
gate,bybit,VANRYUSDT,0.005679,0.006094,7.3076,1774039837017
gate,bybit,VANRYUSDT,0.005679,0.006094,7.3076,1774039837318
gate,bybit,VANRYUSDT,0.005679,0.006094,7.3076,1774039837618
gate,bybit,VANRYUSDT,0.005679,0.006094,7.3076,1774039837919
gate,bybit,VANRYUSDT,0.005679,0.006094,7.3076,1774039838219
gate,bybit,VANRYUSDT,0.005679,0.006094,7.3076,1774039838519
gate,bybit,VANRYUSDT,0.005679,0.006094,7.3076,1774039838819
gate,bybit,VANRYUSDT,0.005679,0.006094,7.3076,1774039839119
gate,bybit,VANRYUSDT,0.005679,0.006094,7.3076,1774039839420
gate,bybit,VANRYUSDT,0.005679,0.006094,7.3076,1774039839720
gate,bybit,VANRYUSDT,0.005679,0.006094,7.3076,1774039840020
gate,bybit,VANRYUSDT,0.005679,0.006094,7.3076,1774039840320
gate,bybit,VANRYUSDT,0.005679,0.006094,7.3076,1774039840621
gate,bybit,VANRYUSDT,0.005679,0.006094,7.3076,1774039840921
gate,bybit,VANRYUSDT,0.005679,0.006094,7.3076,1774039841222
gate,bybit,VANRYUSDT,0.005679,0.006094,7.3076,1774039841522
gate,bybit,VANRYUSDT,0.005678,0.006093,7.3089,1774039841822
gate,bybit,VANRYUSDT,0.005678,0.006093,7.3089,1774039842123
gate,bybit,VANRYUSDT,0.005678,0.006093,7.3089,1774039842423
gate,bybit,VANRYUSDT,0.005678,0.006093,7.3089,1774039842723
gate,bybit,VANRYUSDT,0.005678,0.006093,7.3089,1774039843023
gate,bybit,VANRYUSDT,0.005678,0.006093,7.3089,1774039843323
gate,bybit,VANRYUSDT,0.005678,0.006093,7.3089,1774039843624
gate,bybit,VANRYUSDT,0.005678,0.006093,7.3089,1774039843924
gate,bybit,VANRYUSDT,0.005678,0.006093,7.3089,1774039844224
gate,bybit,VANRYUSDT,0.005675,0.006089,7.2952,1774039844524
gate,bybit,VANRYUSDT,0.005675,0.006089,7.2952,1774039844824
gate,bybit,VANRYUSDT,0.005675,0.006089,7.2952,1774039845125
gate,bybit,VANRYUSDT,0.005675,0.006089,7.2952,1774039845425
gate,bybit,VANRYUSDT,0.005675,0.006089,7.2952,1774039845725
gate,bybit,VANRYUSDT,0.005675,0.006089,7.2952,1774039846026
gate,bybit,VANRYUSDT,0.005675,0.006089,7.2952,1774039846326
gate,bybit,VANRYUSDT,0.005675,0.006089,7.2952,1774039846627
gate,bybit,VANRYUSDT,0.005675,0.006089,7.2952,1774039846927
gate,bybit,VANRYUSDT,0.005675,0.006089,7.2952,1774039847227
gate,bybit,VANRYUSDT,0.005675,0.006089,7.2952,1774039847527
gate,bybit,VANRYUSDT,0.005675,0.006089,7.2952,1774039847827
gate,bybit,VANRYUSDT,0.005675,0.006089,7.2952,1774039848128
gate,bybit,VANRYUSDT,0.005675,0.006089,7.2952,1774039848428
gate,bybit,VANRYUSDT,0.005675,0.006089,7.2952,1774039848728
gate,bybit,VANRYUSDT,0.005675,0.006089,7.2952,1774039849028
gate,bybit,VANRYUSDT,0.005675,0.006089,7.2952,1774039849329
gate,bybit,VANRYUSDT,0.005675,0.006089,7.2952,1774039849629
gate,bybit,VANRYUSDT,0.005675,0.006089,7.2952,1774039849930
gate,bybit,VANRYUSDT,0.005676,0.00609,7.2939,1774039850230
gate,bybit,VANRYUSDT,0.005679,0.006094,7.3076,1774039850530
gate,bybit,VANRYUSDT,0.005679,0.006094,7.3076,1774039850831
gate,bybit,VANRYUSDT,0.005679,0.006094,7.3076,1774039851131
gate,bybit,VANRYUSDT,0.005679,0.006094,7.3076,1774039851431
gate,bybit,VANRYUSDT,0.005679,0.006094,7.3076,1774039851731
gate,bybit,VANRYUSDT,0.005679,0.006094,7.3076,1774039852031
gate,bybit,VANRYUSDT,0.005679,0.006094,7.3076,1774039852331
gate,bybit,VANRYUSDT,0.005679,0.006094,7.3076,1774039852632
gate,bybit,VANRYUSDT,0.005679,0.006094,7.3076,1774039852932
gate,bybit,VANRYUSDT,0.005679,0.006094,7.3076,1774039853233
gate,bybit,VANRYUSDT,0.005679,0.006094,7.3076,1774039853533
gate,bybit,VANRYUSDT,0.005679,0.006094,7.3076,1774039853833
gate,bybit,VANRYUSDT,0.005679,0.006094,7.3076,1774039854133
gate,bybit,VANRYUSDT,0.005679,0.006094,7.3076,1774039854433
gate,bybit,VANRYUSDT,0.005679,0.006094,7.3076,1774039854733
gate,bybit,VANRYUSDT,0.005679,0.006094,7.3076,1774039855034
gate,bybit,VANRYUSDT,0.005679,0.006094,7.3076,1774039855334
gate,bybit,VANRYUSDT,0.005679,0.006094,7.3076,1774039855634
gate,bybit,VANRYUSDT,0.005679,0.006094,7.3076,1774039855935
gate,bybit,VANRYUSDT,0.005679,0.006094,7.3076,1774039856236
gate,bybit,VANRYUSDT,0.005679,0.006094,7.3076,1774039856536
gate,bybit,VANRYUSDT,0.005679,0.006094,7.3076,1774039856836
gate,bybit,VANRYUSDT,0.005679,0.006094,7.3076,1774039857136
gate,bybit,VANRYUSDT,0.005679,0.006094,7.3076,1774039857437
gate,bybit,VANRYUSDT,0.005679,0.006094,7.3076,1774039857738
gate,bybit,VANRYUSDT,0.005679,0.006094,7.3076,1774039858038
gate,bybit,VANRYUSDT,0.005679,0.006094,7.3076,1774039858338
gate,bybit,VANRYUSDT,0.005679,0.006094,7.3076,1774039858639
gate,bybit,VANRYUSDT,0.005679,0.006094,7.3076,1774039858939
gate,bybit,VANRYUSDT,0.005679,0.006094,7.3076,1774039859239
gate,bybit,VANRYUSDT,0.005679,0.006094,7.3076,1774039859539
gate,bybit,VANRYUSDT,0.005679,0.006094,7.3076,1774039859840
gate,bybit,VANRYUSDT,0.005679,0.006094,7.3076,1774039860141
gate,bybit,VANRYUSDT,0.005679,0.006094,7.3076,1774039860441
gate,bybit,VANRYUSDT,0.005681,0.006094,7.2698,1774039860741
gate,bybit,VANRYUSDT,0.00568,0.006094,7.2887,1774039861041
gate,bybit,VANRYUSDT,0.00568,0.006094,7.2887,1774039861341
gate,bybit,VANRYUSDT,0.00568,0.006094,7.2887,1774039861642
gate,bybit,VANRYUSDT,0.00568,0.006094,7.2887,1774039861942
gate,bybit,VANRYUSDT,0.005681,0.006094,7.2698,1774039862242
gate,bybit,VANRYUSDT,0.005681,0.006094,7.2698,1774039862543
gate,bybit,VANRYUSDT,0.005681,0.006094,7.2698,1774039862843
gate,bybit,VANRYUSDT,0.005681,0.006094,7.2698,1774039863143
gate,bybit,VANRYUSDT,0.005681,0.006094,7.2698,1774039863443
gate,bybit,VANRYUSDT,0.005683,0.006094,7.2321,1774039863743
gate,bybit,VANRYUSDT,0.005682,0.006094,7.251,1774039864043
gate,bybit,VANRYUSDT,0.00568,0.006094,7.2887,1774039864344
gate,bybit,VANRYUSDT,0.00568,0.006094,7.2887,1774039864645
gate,bybit,VANRYUSDT,0.00568,0.006094,7.2887,1774039864946
gate,bybit,VANRYUSDT,0.005681,0.006094,7.2698,1774039865246
gate,bybit,VANRYUSDT,0.005681,0.006094,7.2698,1774039865547
gate,bybit,VANRYUSDT,0.005681,0.006094,7.2698,1774039865847
gate,bybit,VANRYUSDT,0.005681,0.006094,7.2698,1774039866147
gate,bybit,VANRYUSDT,0.005681,0.006094,7.2698,1774039866447
gate,bybit,VANRYUSDT,0.005681,0.006094,7.2698,1774039866748
gate,bybit,VANRYUSDT,0.005681,0.006094,7.2698,1774039867048
gate,bybit,VANRYUSDT,0.005681,0.006094,7.2698,1774039867349
gate,bybit,VANRYUSDT,0.005681,0.006094,7.2698,1774039867649
gate,bybit,VANRYUSDT,0.005681,0.006094,7.2698,1774039867949
gate,bybit,VANRYUSDT,0.005681,0.006094,7.2698,1774039868250
gate,bybit,VANRYUSDT,0.005681,0.006094,7.2698,1774039868550
gate,bybit,VANRYUSDT,0.005681,0.006094,7.2698,1774039868851
gate,bybit,VANRYUSDT,0.005681,0.006094,7.2698,1774039869151
gate,bybit,VANRYUSDT,0.005681,0.006094,7.2698,1774039869452
gate,bybit,VANRYUSDT,0.005681,0.006094,7.2698,1774039869752
gate,bybit,VANRYUSDT,0.005681,0.006094,7.2698,1774039870052
gate,bybit,VANRYUSDT,0.005681,0.006094,7.2698,1774039870352
gate,bybit,VANRYUSDT,0.005678,0.006091,7.2737,1774039870652
gate,bybit,VANRYUSDT,0.005678,0.006091,7.2737,1774039870952
gate,bybit,VANRYUSDT,0.005676,0.00609,7.2939,1774039871253
gate,bybit,VANRYUSDT,0.005676,0.00609,7.2939,1774039871553
gate,bybit,VANRYUSDT,0.005676,0.00609,7.2939,1774039871853
gate,bybit,VANRYUSDT,0.005676,0.00609,7.2939,1774039872153
gate,bybit,VANRYUSDT,0.005676,0.00609,7.2939,1774039872453
gate,bybit,VANRYUSDT,0.005676,0.00609,7.2939,1774039872753
gate,bybit,VANRYUSDT,0.005676,0.00609,7.2939,1774039873054
gate,bybit,VANRYUSDT,0.005676,0.00609,7.2939,1774039873354
gate,bybit,VANRYUSDT,0.005676,0.00609,7.2939,1774039873654
gate,bybit,VANRYUSDT,0.005676,0.00609,7.2939,1774039873954
gate,bybit,VANRYUSDT,0.005676,0.00609,7.2939,1774039874254
gate,bybit,VANRYUSDT,0.005676,0.00609,7.2939,1774039874555
gate,bybit,VANRYUSDT,0.005676,0.00609,7.2939,1774039874855
gate,bybit,VANRYUSDT,0.005676,0.00609,7.2939,1774039875155
gate,bybit,VANRYUSDT,0.005676,0.00609,7.2939,1774039875455
gate,bybit,VANRYUSDT,0.005676,0.00609,7.2939,1774039875756
gate,bybit,VANRYUSDT,0.005676,0.00609,7.2939,1774039876056
gate,bybit,VANRYUSDT,0.005676,0.00609,7.2939,1774039876356
gate,bybit,VANRYUSDT,0.005676,0.00609,7.2939,1774039876656
gate,bybit,VANRYUSDT,0.005676,0.00609,7.2939,1774039876957
gate,bybit,VANRYUSDT,0.005676,0.00609,7.2939,1774039877257
gate,bybit,VANRYUSDT,0.005676,0.00609,7.2939,1774039877558
gate,bybit,VANRYUSDT,0.005676,0.00609,7.2939,1774039877858
gate,bybit,VANRYUSDT,0.005676,0.00609,7.2939,1774039878159
gate,bybit,VANRYUSDT,0.005676,0.00609,7.2939,1774039878459
gate,bybit,VANRYUSDT,0.005676,0.00609,7.2939,1774039878759
gate,bybit,VANRYUSDT,0.005676,0.00609,7.2939,1774039879060
gate,bybit,VANRYUSDT,0.005676,0.00609,7.2939,1774039879360
gate,bybit,VANRYUSDT,0.005676,0.00609,7.2939,1774039879660
gate,bybit,VANRYUSDT,0.005676,0.00609,7.2939,1774039879961
gate,bybit,VANRYUSDT,0.005676,0.00609,7.2939,1774039880261
gate,bybit,VANRYUSDT,0.005676,0.00609,7.2939,1774039880561
gate,bybit,VANRYUSDT,0.005676,0.00609,7.2939,1774039880862
gate,bybit,VANRYUSDT,0.005676,0.00609,7.2939,1774039881162
gate,bybit,VANRYUSDT,0.005676,0.00609,7.2939,1774039881462
gate,bybit,VANRYUSDT,0.005676,0.00609,7.2939,1774039881762
gate,bybit,VANRYUSDT,0.005676,0.00609,7.2939,1774039882062
gate,bybit,VANRYUSDT,0.005676,0.00609,7.2939,1774039882363
gate,bybit,VANRYUSDT,0.005676,0.00609,7.2939,1774039882663
gate,bybit,VANRYUSDT,0.005676,0.00609,7.2939,1774039882974
gate,bybit,VANRYUSDT,0.005676,0.00609,7.2939,1774039883275
gate,bybit,VANRYUSDT,0.005676,0.00609,7.2939,1774039883576
gate,bybit,VANRYUSDT,0.005676,0.00609,7.2939,1774039883876
gate,bybit,VANRYUSDT,0.005676,0.00609,7.2939,1774039884177
gate,bybit,VANRYUSDT,0.005676,0.00609,7.2939,1774039884477
gate,bybit,VANRYUSDT,0.005676,0.00609,7.2939,1774039884777
gate,bybit,VANRYUSDT,0.005676,0.00609,7.2939,1774039885077
gate,bybit,VANRYUSDT,0.005676,0.00609,7.2939,1774039885378
gate,bybit,VANRYUSDT,0.005676,0.00609,7.2939,1774039885678
gate,bybit,VANRYUSDT,0.005676,0.00609,7.2939,1774039885979
gate,bybit,VANRYUSDT,0.005676,0.00609,7.2939,1774039886279
gate,bybit,VANRYUSDT,0.005676,0.00609,7.2939,1774039886579
gate,bybit,VANRYUSDT,0.005676,0.00609,7.2939,1774039886880
gate,bybit,VANRYUSDT,0.005676,0.00609,7.2939,1774039887180
gate,bybit,VANRYUSDT,0.005676,0.00609,7.2939,1774039887480
gate,bybit,VANRYUSDT,0.005676,0.00609,7.2939,1774039887781
gate,bybit,VANRYUSDT,0.005676,0.00609,7.2939,1774039888081
gate,bybit,VANRYUSDT,0.005676,0.00609,7.2939,1774039888381
gate,bybit,VANRYUSDT,0.005676,0.00609,7.2939,1774039888682
gate,bybit,VANRYUSDT,0.005676,0.00609,7.2939,1774039888982
gate,bybit,VANRYUSDT,0.005676,0.00609,7.2939,1774039889283
gate,bybit,VANRYUSDT,0.005676,0.00609,7.2939,1774039889584
gate,bybit,VANRYUSDT,0.005676,0.00609,7.2939,1774039889884
gate,bybit,VANRYUSDT,0.005676,0.00609,7.2939,1774039890184
gate,bybit,VANRYUSDT,0.005676,0.00609,7.2939,1774039890487
gate,bybit,VANRYUSDT,0.005675,0.006089,7.2952,1774039890787
gate,bybit,VANRYUSDT,0.005675,0.006088,7.2775,1774039891087
gate,bybit,VANRYUSDT,0.005672,0.006087,7.3166,1774039891388
gate,bybit,VANRYUSDT,0.005673,0.006087,7.2977,1774039891688
gate,bybit,VANRYUSDT,0.005673,0.006087,7.2977,1774039891988
gate,bybit,VANRYUSDT,0.005673,0.006087,7.2977,1774039892292
gate,bybit,VANRYUSDT,0.005673,0.006087,7.2977,1774039892592
gate,bybit,VANRYUSDT,0.005673,0.006087,7.2977,1774039892892
gate,bybit,VANRYUSDT,0.005673,0.006087,7.2977,1774039893192
gate,bybit,VANRYUSDT,0.005673,0.006087,7.2977,1774039893493
gate,bybit,VANRYUSDT,0.005673,0.006087,7.2977,1774039893793
gate,bybit,VANRYUSDT,0.005673,0.006087,7.2977,1774039894093
gate,bybit,VANRYUSDT,0.005673,0.006087,7.2977,1774039894393
gate,bybit,VANRYUSDT,0.005673,0.006087,7.2977,1774039894693
gate,bybit,VANRYUSDT,0.005673,0.006087,7.2977,1774039894994
gate,bybit,VANRYUSDT,0.005673,0.006087,7.2977,1774039895294
gate,bybit,VANRYUSDT,0.005673,0.006087,7.2977,1774039895594
gate,bybit,VANRYUSDT,0.005673,0.006087,7.2977,1774039895894
gate,bybit,VANRYUSDT,0.005673,0.006087,7.2977,1774039896194
gate,bybit,VANRYUSDT,0.005673,0.006087,7.2977,1774039896494
gate,bybit,VANRYUSDT,0.005673,0.006087,7.2977,1774039896795
gate,bybit,VANRYUSDT,0.005672,0.006087,7.3166,1774039897095
gate,bybit,VANRYUSDT,0.005672,0.006087,7.3166,1774039897396
gate,bybit,VANRYUSDT,0.005672,0.006087,7.3166,1774039897696
gate,bybit,VANRYUSDT,0.005672,0.006087,7.3166,1774039897996
gate,bybit,VANRYUSDT,0.005672,0.006087,7.3166,1774039898296
gate,bybit,VANRYUSDT,0.005672,0.006087,7.3166,1774039898597
gate,bybit,VANRYUSDT,0.005672,0.006087,7.3166,1774039898897
gate,bybit,VANRYUSDT,0.005672,0.006087,7.3166,1774039899197
gate,bybit,VANRYUSDT,0.005672,0.006087,7.3166,1774039899497
gate,bybit,VANRYUSDT,0.005672,0.006087,7.3166,1774039899798
gate,bybit,VANRYUSDT,0.005672,0.006087,7.3166,1774039900098
gate,bybit,VANRYUSDT,0.005672,0.006087,7.3166,1774039900398
gate,bybit,VANRYUSDT,0.005672,0.006087,7.3166,1774039900698
gate,bybit,VANRYUSDT,0.005672,0.006087,7.3166,1774039900998
gate,bybit,VANRYUSDT,0.005672,0.006087,7.3166,1774039901298
gate,bybit,VANRYUSDT,0.005672,0.006087,7.3166,1774039901598
gate,bybit,VANRYUSDT,0.005672,0.006087,7.3166,1774039901899
gate,bybit,VANRYUSDT,0.005672,0.006087,7.3166,1774039902199
gate,bybit,VANRYUSDT,0.005672,0.006087,7.3166,1774039902499
gate,bybit,VANRYUSDT,0.005672,0.006087,7.3166,1774039902799
gate,bybit,VANRYUSDT,0.005673,0.006087,7.2977,1774039903099
gate,bybit,VANRYUSDT,0.005673,0.006087,7.2977,1774039903399
gate,bybit,VANRYUSDT,0.005673,0.006087,7.2977,1774039903699
gate,bybit,VANRYUSDT,0.005673,0.006087,7.2977,1774039904000
gate,bybit,VANRYUSDT,0.005673,0.006087,7.2977,1774039904300
gate,bybit,VANRYUSDT,0.005673,0.006087,7.2977,1774039904601
gate,bybit,VANRYUSDT,0.005673,0.006087,7.2977,1774039904901
gate,bybit,VANRYUSDT,0.005673,0.006087,7.2977,1774039905202
gate,bybit,VANRYUSDT,0.005673,0.006087,7.2977,1774039905502
gate,bybit,VANRYUSDT,0.005673,0.006087,7.2977,1774039905803
gate,bybit,VANRYUSDT,0.005673,0.006087,7.2977,1774039906103
gate,bybit,VANRYUSDT,0.005673,0.006087,7.2977,1774039906403
gate,bybit,VANRYUSDT,0.005673,0.006087,7.2977,1774039906703
gate,bybit,VANRYUSDT,0.005673,0.006087,7.2977,1774039907004
gate,bybit,VANRYUSDT,0.005673,0.006087,7.2977,1774039907304
gate,bybit,VANRYUSDT,0.005673,0.006087,7.2977,1774039907605
gate,bybit,VANRYUSDT,0.005673,0.006087,7.2977,1774039907905
gate,bybit,VANRYUSDT,0.005673,0.006087,7.2977,1774039908206
gate,bybit,VANRYUSDT,0.005673,0.006087,7.2977,1774039908506
gate,bybit,VANRYUSDT,0.005673,0.006087,7.2977,1774039908806
gate,bybit,VANRYUSDT,0.005673,0.006087,7.2977,1774039909106
gate,bybit,VANRYUSDT,0.005673,0.006087,7.2977,1774039909407
gate,bybit,VANRYUSDT,0.005673,0.006087,7.2977,1774039909707
gate,bybit,VANRYUSDT,0.005673,0.006087,7.2977,1774039910007
gate,bybit,VANRYUSDT,0.005673,0.006087,7.2977,1774039910307
gate,bybit,VANRYUSDT,0.005673,0.006087,7.2977,1774039910607
gate,bybit,VANRYUSDT,0.005673,0.006087,7.2977,1774039910907
gate,bybit,VANRYUSDT,0.005673,0.006087,7.2977,1774039911208
gate,bybit,VANRYUSDT,0.005673,0.006087,7.2977,1774039911508
gate,bybit,VANRYUSDT,0.005673,0.006087,7.2977,1774039911808
gate,bybit,VANRYUSDT,0.005673,0.006087,7.2977,1774039912109
gate,bybit,VANRYUSDT,0.005673,0.006087,7.2977,1774039912409
gate,bybit,VANRYUSDT,0.005673,0.006087,7.2977,1774039912710
gate,bybit,VANRYUSDT,0.005673,0.006087,7.2977,1774039913010
gate,bybit,VANRYUSDT,0.005673,0.006087,7.2977,1774039913310
gate,bybit,VANRYUSDT,0.005673,0.006087,7.2977,1774039913610
gate,bybit,VANRYUSDT,0.005673,0.006087,7.2977,1774039913911
gate,bybit,VANRYUSDT,0.005671,0.006085,7.3003,1774039914211
gate,bybit,VANRYUSDT,0.005671,0.006085,7.3003,1774039914511
gate,bybit,VANRYUSDT,0.005672,0.006085,7.2814,1774039914812
gate,bybit,VANRYUSDT,0.005672,0.006085,7.2814,1774039915112
gate,bybit,VANRYUSDT,0.005672,0.006085,7.2814,1774039915412
gate,bybit,VANRYUSDT,0.005671,0.006085,7.3003,1774039915715
gate,bybit,VANRYUSDT,0.005672,0.006087,7.3166,1774039916016
gate,bybit,VANRYUSDT,0.005672,0.006087,7.3166,1774039916316
gate,bybit,VANRYUSDT,0.005672,0.006087,7.3166,1774039916616
gate,bybit,VANRYUSDT,0.005672,0.006087,7.3166,1774039916916
gate,bybit,VANRYUSDT,0.005672,0.006087,7.3166,1774039917216
gate,bybit,VANRYUSDT,0.005672,0.006087,7.3166,1774039917516
gate,bybit,VANRYUSDT,0.005672,0.006087,7.3166,1774039917817
gate,bybit,VANRYUSDT,0.005672,0.006087,7.3166,1774039918117
gate,bybit,VANRYUSDT,0.005672,0.006087,7.3166,1774039918417
gate,bybit,VANRYUSDT,0.005672,0.006087,7.3166,1774039918717
gate,bybit,VANRYUSDT,0.005672,0.006087,7.3166,1774039919017
gate,bybit,VANRYUSDT,0.005672,0.006087,7.3166,1774039919318
gate,bybit,VANRYUSDT,0.005673,0.006087,7.2977,1774039919618
gate,bybit,VANRYUSDT,0.005673,0.006087,7.2977,1774039919918
gate,bybit,VANRYUSDT,0.005673,0.006087,7.2977,1774039920218
gate,bybit,VANRYUSDT,0.005673,0.006087,7.2977,1774039920519
gate,bybit,VANRYUSDT,0.005671,0.006086,7.3179,1774039920820
gate,bybit,VANRYUSDT,0.005671,0.006086,7.3179,1774039921121
gate,bybit,VANRYUSDT,0.005671,0.006086,7.3179,1774039921421
gate,bybit,VANRYUSDT,0.005671,0.006086,7.3179,1774039921721
gate,bybit,VANRYUSDT,0.005671,0.006086,7.3179,1774039922021
gate,bybit,VANRYUSDT,0.005671,0.006086,7.3179,1774039922322
gate,bybit,VANRYUSDT,0.005671,0.006086,7.3179,1774039922622
gate,bybit,VANRYUSDT,0.005671,0.006086,7.3179,1774039922922
gate,bybit,VANRYUSDT,0.005671,0.006086,7.3179,1774039923223
gate,bybit,VANRYUSDT,0.005671,0.006086,7.3179,1774039923523
gate,bybit,VANRYUSDT,0.005671,0.006086,7.3179,1774039923823
gate,bybit,VANRYUSDT,0.005671,0.006086,7.3179,1774039924124
gate,bybit,VANRYUSDT,0.005671,0.006086,7.3179,1774039924425
gate,bybit,VANRYUSDT,0.005671,0.006086,7.3179,1774039924725
gate,bybit,VANRYUSDT,0.005671,0.006086,7.3179,1774039925026
gate,bybit,VANRYUSDT,0.005671,0.006086,7.3179,1774039925326
gate,bybit,VANRYUSDT,0.005671,0.006086,7.3179,1774039925627
gate,bybit,VANRYUSDT,0.005671,0.006086,7.3179,1774039925928
gate,bybit,VANRYUSDT,0.005671,0.006086,7.3179,1774039926228
gate,bybit,VANRYUSDT,0.005671,0.006086,7.3179,1774039926529
gate,bybit,VANRYUSDT,0.005671,0.006086,7.3179,1774039926829
gate,bybit,VANRYUSDT,0.005671,0.006086,7.3179,1774039927129
gate,bybit,VANRYUSDT,0.005671,0.006086,7.3179,1774039927429
gate,bybit,VANRYUSDT,0.005671,0.006086,7.3179,1774039927730
gate,bybit,VANRYUSDT,0.005671,0.006086,7.3179,1774039928030
gate,bybit,VANRYUSDT,0.005671,0.006086,7.3179,1774039928331
gate,bybit,VANRYUSDT,0.005671,0.006086,7.3179,1774039928631
gate,bybit,VANRYUSDT,0.005671,0.006086,7.3179,1774039928931
gate,bybit,VANRYUSDT,0.005671,0.006086,7.3179,1774039929232
gate,bybit,VANRYUSDT,0.005671,0.006086,7.3179,1774039929532
gate,bybit,VANRYUSDT,0.005671,0.006086,7.3179,1774039929832
gate,bybit,VANRYUSDT,0.005671,0.006086,7.3179,1774039930132
gate,bybit,VANRYUSDT,0.005671,0.006086,7.3179,1774039930433
gate,bybit,VANRYUSDT,0.005671,0.006086,7.3179,1774039930733
gate,bybit,VANRYUSDT,0.005671,0.006086,7.3179,1774039931033
gate,bybit,VANRYUSDT,0.005671,0.006086,7.3179,1774039931333
gate,bybit,VANRYUSDT,0.005671,0.006086,7.3179,1774039931634
gate,bybit,VANRYUSDT,0.005671,0.006086,7.3179,1774039931935
gate,bybit,VANRYUSDT,0.005671,0.006086,7.3179,1774039932235
gate,bybit,VANRYUSDT,0.005671,0.006086,7.3179,1774039932535
gate,bybit,VANRYUSDT,0.005671,0.006086,7.3179,1774039932836
gate,bybit,VANRYUSDT,0.005671,0.006086,7.3179,1774039933136
gate,bybit,VANRYUSDT,0.005671,0.006086,7.3179,1774039933436
gate,bybit,VANRYUSDT,0.00567,0.006085,7.3192,1774039933736
gate,bybit,VANRYUSDT,0.00567,0.006085,7.3192,1774039934037
gate,bybit,VANRYUSDT,0.00567,0.006085,7.3192,1774039934338
gate,bybit,VANRYUSDT,0.005668,0.006083,7.3218,1774039934638
gate,bybit,VANRYUSDT,0.005668,0.006083,7.3218,1774039934939
gate,bybit,VANRYUSDT,0.005668,0.006083,7.3218,1774039935239
gate,bybit,VANRYUSDT,0.005668,0.006083,7.3218,1774039935539
gate,bybit,VANRYUSDT,0.005668,0.006083,7.3218,1774039935840
gate,bybit,VANRYUSDT,0.005668,0.006083,7.3218,1774039936140
gate,bybit,VANRYUSDT,0.005668,0.006083,7.3218,1774039936440
gate,bybit,VANRYUSDT,0.005668,0.006083,7.3218,1774039936741
gate,bybit,VANRYUSDT,0.005668,0.006083,7.3218,1774039937041
gate,bybit,VANRYUSDT,0.005668,0.006083,7.3218,1774039937342
gate,bybit,VANRYUSDT,0.005668,0.006083,7.3218,1774039937642
gate,bybit,VANRYUSDT,0.005668,0.006083,7.3218,1774039937942
gate,bybit,VANRYUSDT,0.005668,0.006083,7.3218,1774039938242
gate,bybit,VANRYUSDT,0.005668,0.006083,7.3218,1774039938542
gate,bybit,VANRYUSDT,0.005668,0.006083,7.3218,1774039938843
gate,bybit,VANRYUSDT,0.005668,0.006083,7.3218,1774039939143
gate,bybit,VANRYUSDT,0.005668,0.006083,7.3218,1774039939444
gate,bybit,VANRYUSDT,0.005668,0.006083,7.3218,1774039939744
gate,bybit,VANRYUSDT,0.005668,0.006083,7.3218,1774039940044
gate,bybit,VANRYUSDT,0.005668,0.006083,7.3218,1774039940344
gate,bybit,VANRYUSDT,0.005668,0.006083,7.3218,1774039940645
gate,bybit,VANRYUSDT,0.005668,0.006083,7.3218,1774039940945
gate,bybit,VANRYUSDT,0.005668,0.006083,7.3218,1774039941245
gate,bybit,VANRYUSDT,0.005668,0.006083,7.3218,1774039941546
gate,bybit,VANRYUSDT,0.005668,0.006083,7.3218,1774039941846
gate,bybit,VANRYUSDT,0.005668,0.006083,7.3218,1774039942146
gate,bybit,VANRYUSDT,0.005668,0.006083,7.3218,1774039942447
gate,bybit,VANRYUSDT,0.005668,0.006083,7.3218,1774039942747
gate,bybit,VANRYUSDT,0.005668,0.006083,7.3218,1774039943047
gate,bybit,VANRYUSDT,0.005668,0.006083,7.3218,1774039943348
gate,bybit,VANRYUSDT,0.005668,0.006083,7.3218,1774039943648
gate,bybit,VANRYUSDT,0.005669,0.006083,7.3029,1774039943948
gate,bybit,VANRYUSDT,0.005669,0.006083,7.3029,1774039944249
gate,bybit,VANRYUSDT,0.005669,0.006083,7.3029,1774039944549
gate,bybit,VANRYUSDT,0.005669,0.006083,7.3029,1774039944849
gate,bybit,VANRYUSDT,0.005669,0.006083,7.3029,1774039945149
gate,bybit,VANRYUSDT,0.005669,0.006083,7.3029,1774039945449
gate,bybit,VANRYUSDT,0.005669,0.006083,7.3029,1774039945749
gate,bybit,VANRYUSDT,0.005669,0.006083,7.3029,1774039946049
gate,bybit,VANRYUSDT,0.005669,0.006083,7.3029,1774039946350
gate,bybit,VANRYUSDT,0.005669,0.006083,7.3029,1774039946650
gate,bybit,VANRYUSDT,0.005669,0.006083,7.3029,1774039946951
gate,bybit,VANRYUSDT,0.005669,0.006083,7.3029,1774039947251
gate,bybit,VANRYUSDT,0.005669,0.006083,7.3029,1774039947551
gate,bybit,VANRYUSDT,0.005669,0.006083,7.3029,1774039947852
gate,bybit,VANRYUSDT,0.005669,0.006083,7.3029,1774039948152
gate,bybit,VANRYUSDT,0.005669,0.006083,7.3029,1774039948452
gate,bybit,VANRYUSDT,0.005669,0.006083,7.3029,1774039948753
gate,bybit,VANRYUSDT,0.005669,0.006083,7.3029,1774039949053
gate,bybit,VANRYUSDT,0.005668,0.006083,7.3218,1774039949354
gate,bybit,VANRYUSDT,0.005668,0.006083,7.3218,1774039949655
gate,bybit,VANRYUSDT,0.005668,0.006083,7.3218,1774039949955
gate,bybit,VANRYUSDT,0.005668,0.006083,7.3218,1774039950256
gate,bybit,VANRYUSDT,0.005668,0.006083,7.3218,1774039950556
gate,bybit,VANRYUSDT,0.005668,0.006083,7.3218,1774039950856
gate,bybit,VANRYUSDT,0.005668,0.006083,7.3218,1774039951156
gate,bybit,VANRYUSDT,0.005668,0.006083,7.3218,1774039951456
gate,bybit,VANRYUSDT,0.005668,0.006083,7.3218,1774039951756
gate,bybit,VANRYUSDT,0.005668,0.006083,7.3218,1774039952057
gate,bybit,VANRYUSDT,0.005668,0.006083,7.3218,1774039952357
gate,bybit,VANRYUSDT,0.005668,0.006083,7.3218,1774039952657
gate,bybit,VANRYUSDT,0.005668,0.006083,7.3218,1774039952957
gate,bybit,VANRYUSDT,0.005668,0.006083,7.3218,1774039953258
gate,bybit,VANRYUSDT,0.005668,0.006083,7.3218,1774039953558
gate,bybit,VANRYUSDT,0.005668,0.006083,7.3218,1774039953859
gate,bybit,VANRYUSDT,0.005668,0.006083,7.3218,1774039954159
gate,bybit,VANRYUSDT,0.005668,0.006083,7.3218,1774039954459
gate,bybit,VANRYUSDT,0.005668,0.006083,7.3218,1774039954759
gate,bybit,VANRYUSDT,0.005668,0.006084,7.3394,1774039955059
gate,bybit,VANRYUSDT,0.005669,0.006084,7.3205,1774039955359
gate,bybit,VANRYUSDT,0.005669,0.006084,7.3205,1774039955660
gate,bybit,VANRYUSDT,0.005669,0.006084,7.3205,1774039955960
gate,bybit,VANRYUSDT,0.005669,0.006084,7.3205,1774039956260
gate,bybit,VANRYUSDT,0.005669,0.006084,7.3205,1774039956560
gate,bybit,VANRYUSDT,0.005669,0.006084,7.3205,1774039956860
gate,bybit,VANRYUSDT,0.005669,0.006084,7.3205,1774039957161
gate,bybit,VANRYUSDT,0.005669,0.006084,7.3205,1774039957461
gate,bybit,VANRYUSDT,0.005669,0.006084,7.3205,1774039957761
gate,bybit,VANRYUSDT,0.005669,0.006084,7.3205,1774039958062
gate,bybit,VANRYUSDT,0.005669,0.006084,7.3205,1774039958362
gate,bybit,VANRYUSDT,0.005669,0.006084,7.3205,1774039958662
gate,bybit,VANRYUSDT,0.005669,0.006084,7.3205,1774039958963
gate,bybit,VANRYUSDT,0.005669,0.006084,7.3205,1774039959263
gate,bybit,VANRYUSDT,0.005669,0.006084,7.3205,1774039959564
gate,bybit,VANRYUSDT,0.005669,0.006084,7.3205,1774039959864
gate,bybit,VANRYUSDT,0.005669,0.006084,7.3205,1774039960165
gate,bybit,VANRYUSDT,0.005669,0.006084,7.3205,1774039960465
gate,bybit,VANRYUSDT,0.005669,0.006084,7.3205,1774039960765
gate,bybit,VANRYUSDT,0.005669,0.006084,7.3205,1774039961066
gate,bybit,VANRYUSDT,0.005669,0.006084,7.3205,1774039961366
gate,bybit,VANRYUSDT,0.005671,0.006086,7.3179,1774039961666
gate,bybit,VANRYUSDT,0.005671,0.006086,7.3179,1774039961966
gate,bybit,VANRYUSDT,0.005671,0.006086,7.3179,1774039962267
gate,bybit,VANRYUSDT,0.005671,0.006086,7.3179,1774039962567
gate,bybit,VANRYUSDT,0.005671,0.006086,7.3179,1774039962868
gate,bybit,VANRYUSDT,0.005671,0.006086,7.3179,1774039963168
gate,bybit,VANRYUSDT,0.005671,0.006086,7.3179,1774039963468
gate,bybit,VANRYUSDT,0.005671,0.006086,7.3179,1774039963769
gate,bybit,VANRYUSDT,0.005671,0.006086,7.3179,1774039964069
gate,bybit,VANRYUSDT,0.005671,0.006086,7.3179,1774039964370
gate,bybit,VANRYUSDT,0.005671,0.006086,7.3179,1774039964670
gate,bybit,VANRYUSDT,0.005671,0.006086,7.3179,1774039964970
gate,bybit,VANRYUSDT,0.005671,0.006086,7.3179,1774039965270
gate,bybit,VANRYUSDT,0.005671,0.006086,7.3179,1774039965570
gate,bybit,VANRYUSDT,0.005671,0.006086,7.3179,1774039965871
gate,bybit,VANRYUSDT,0.005671,0.006086,7.3179,1774039966172
gate,bybit,VANRYUSDT,0.005671,0.006086,7.3179,1774039966472
gate,bybit,VANRYUSDT,0.005671,0.006086,7.3179,1774039966773
gate,bybit,VANRYUSDT,0.005671,0.006086,7.3179,1774039967073
gate,bybit,VANRYUSDT,0.005671,0.006086,7.3179,1774039967373
gate,bybit,VANRYUSDT,0.005671,0.006086,7.3179,1774039967673
gate,bybit,VANRYUSDT,0.005671,0.006086,7.3179,1774039967973
gate,bybit,VANRYUSDT,0.005671,0.006086,7.3179,1774039968274
gate,bybit,VANRYUSDT,0.005671,0.006086,7.3179,1774039968574
gate,bybit,VANRYUSDT,0.005672,0.006086,7.299,1774039968874
gate,bybit,VANRYUSDT,0.005671,0.006086,7.3179,1774039969174
gate,bybit,VANRYUSDT,0.005671,0.006086,7.3179,1774039969475
gate,bybit,VANRYUSDT,0.005671,0.006086,7.3179,1774039969775
gate,bybit,VANRYUSDT,0.005671,0.006086,7.3179,1774039970076
gate,bybit,VANRYUSDT,0.005671,0.006086,7.3179,1774039970376
gate,bybit,VANRYUSDT,0.005671,0.006086,7.3179,1774039970676
gate,bybit,VANRYUSDT,0.005671,0.006086,7.3179,1774039970977
gate,bybit,VANRYUSDT,0.005671,0.006086,7.3179,1774039971278
gate,bybit,VANRYUSDT,0.005671,0.006086,7.3179,1774039971578
gate,bybit,VANRYUSDT,0.005671,0.006086,7.3179,1774039971878
gate,bybit,VANRYUSDT,0.005671,0.006086,7.3179,1774039972178
gate,bybit,VANRYUSDT,0.005671,0.006086,7.3179,1774039972479
gate,bybit,VANRYUSDT,0.005671,0.006086,7.3179,1774039972779
gate,bybit,VANRYUSDT,0.005672,0.006086,7.299,1774039973079
gate,bybit,VANRYUSDT,0.005672,0.006086,7.299,1774039973379
gate,bybit,VANRYUSDT,0.005672,0.006086,7.299,1774039973679
gate,bybit,VANRYUSDT,0.005672,0.006086,7.299,1774039973979
gate,bybit,VANRYUSDT,0.005672,0.006086,7.299,1774039974280
gate,bybit,VANRYUSDT,0.005672,0.006086,7.299,1774039974580
gate,bybit,VANRYUSDT,0.005672,0.006086,7.299,1774039974880
gate,bybit,VANRYUSDT,0.005672,0.006086,7.299,1774039975180
gate,bybit,VANRYUSDT,0.005672,0.006086,7.299,1774039975480
gate,bybit,VANRYUSDT,0.005672,0.006086,7.299,1774039975781
gate,bybit,VANRYUSDT,0.005673,0.006086,7.2801,1774039976081
gate,bybit,VANRYUSDT,0.005672,0.006086,7.299,1774039976381
gate,bybit,VANRYUSDT,0.005672,0.006086,7.299,1774039976681
gate,bybit,VANRYUSDT,0.005672,0.006086,7.299,1774039976982
gate,bybit,VANRYUSDT,0.005672,0.006086,7.299,1774039977282
gate,bybit,VANRYUSDT,0.005672,0.006086,7.299,1774039977582
gate,bybit,VANRYUSDT,0.005672,0.006086,7.299,1774039977884
gate,bybit,VANRYUSDT,0.00567,0.006085,7.3192,1774039978185
gate,bybit,VANRYUSDT,0.00567,0.006085,7.3192,1774039978485
gate,bybit,VANRYUSDT,0.00567,0.006085,7.3192,1774039978785
gate,bybit,VANRYUSDT,0.00567,0.006085,7.3192,1774039979085
gate,bybit,VANRYUSDT,0.00567,0.006085,7.3192,1774039979386
gate,bybit,VANRYUSDT,0.005669,0.006085,7.3382,1774039979686
gate,bybit,VANRYUSDT,0.005669,0.006085,7.3382,1774039979986
gate,bybit,VANRYUSDT,0.005669,0.006085,7.3382,1774039980287
gate,bybit,VANRYUSDT,0.005669,0.006085,7.3382,1774039980587
gate,bybit,VANRYUSDT,0.005669,0.006085,7.3382,1774039980887
gate,bybit,VANRYUSDT,0.005669,0.006085,7.3382,1774039981187
gate,bybit,VANRYUSDT,0.005669,0.006085,7.3382,1774039981487
gate,bybit,VANRYUSDT,0.005669,0.006085,7.3382,1774039981788
gate,bybit,VANRYUSDT,0.005669,0.006085,7.3382,1774039982088
gate,bybit,VANRYUSDT,0.005669,0.006085,7.3382,1774039982388
gate,bybit,VANRYUSDT,0.005669,0.006085,7.3382,1774039982688
gate,bybit,VANRYUSDT,0.005669,0.006085,7.3382,1774039982988
gate,bybit,VANRYUSDT,0.005669,0.006085,7.3382,1774039983288
gate,bybit,VANRYUSDT,0.005669,0.006085,7.3382,1774039983589
gate,bybit,VANRYUSDT,0.005669,0.006084,7.3205,1774039983889
gate,bybit,VANRYUSDT,0.005669,0.006084,7.3205,1774039984189
gate,bybit,VANRYUSDT,0.005669,0.006084,7.3205,1774039984490
gate,bybit,VANRYUSDT,0.005669,0.006084,7.3205,1774039984790
gate,bybit,VANRYUSDT,0.005669,0.006084,7.3205,1774039985090
gate,bybit,VANRYUSDT,0.005669,0.006084,7.3205,1774039985391
gate,bybit,VANRYUSDT,0.005669,0.006084,7.3205,1774039985691
gate,bybit,VANRYUSDT,0.005668,0.006083,7.3218,1774039985991
gate,bybit,VANRYUSDT,0.005668,0.006083,7.3218,1774039986292
gate,bybit,VANRYUSDT,0.005668,0.006083,7.3218,1774039986592
gate,bybit,VANRYUSDT,0.005669,0.006084,7.3205,1774039986892
gate,bybit,VANRYUSDT,0.005669,0.006084,7.3205,1774039987193
gate,bybit,VANRYUSDT,0.005669,0.006084,7.3205,1774039987493
gate,bybit,VANRYUSDT,0.005669,0.006084,7.3205,1774039987794
gate,bybit,VANRYUSDT,0.005667,0.006082,7.3231,1774039988094
gate,bybit,VANRYUSDT,0.005666,0.006082,7.342,1774039988395
gate,bybit,VANRYUSDT,0.005666,0.006082,7.342,1774039988695
gate,bybit,VANRYUSDT,0.005666,0.006082,7.342,1774039988996
gate,bybit,VANRYUSDT,0.005666,0.006082,7.342,1774039989296
gate,bybit,VANRYUSDT,0.005666,0.006082,7.342,1774039989597
gate,bybit,VANRYUSDT,0.005666,0.006082,7.342,1774039989897
gate,bybit,VANRYUSDT,0.005666,0.006082,7.342,1774039990197
gate,bybit,VANRYUSDT,0.005666,0.006082,7.342,1774039990498
gate,bybit,VANRYUSDT,0.005666,0.006082,7.342,1774039990798
gate,bybit,VANRYUSDT,0.005666,0.006082,7.342,1774039991098
gate,bybit,VANRYUSDT,0.005668,0.006082,7.3042,1774039991399
gate,bybit,VANRYUSDT,0.005668,0.006082,7.3042,1774039991699
gate,bybit,VANRYUSDT,0.005668,0.006082,7.3042,1774039991999
gate,bybit,VANRYUSDT,0.005668,0.006082,7.3042,1774039992300
gate,bybit,VANRYUSDT,0.005668,0.006082,7.3042,1774039992600
gate,bybit,VANRYUSDT,0.005667,0.006082,7.3231,1774039992900
gate,bybit,VANRYUSDT,0.005667,0.006082,7.3231,1774039993201
gate,bybit,VANRYUSDT,0.005667,0.006082,7.3231,1774039993501
gate,bybit,VANRYUSDT,0.005667,0.006082,7.3231,1774039993802
gate,bybit,VANRYUSDT,0.005667,0.006082,7.3231,1774039994102
gate,bybit,VANRYUSDT,0.005667,0.006082,7.3231,1774039994402
gate,bybit,VANRYUSDT,0.005667,0.006082,7.3231,1774039994702
gate,bybit,VANRYUSDT,0.005667,0.006082,7.3231,1774039995002
gate,bybit,VANRYUSDT,0.005667,0.006082,7.3231,1774039995302
gate,bybit,VANRYUSDT,0.005667,0.006082,7.3231,1774039995602
gate,bybit,VANRYUSDT,0.005667,0.006082,7.3231,1774039995903
gate,bybit,VANRYUSDT,0.005667,0.006082,7.3231,1774039996204
gate,bybit,VANRYUSDT,0.005667,0.006082,7.3231,1774039996504
gate,bybit,VANRYUSDT,0.005667,0.006082,7.3231,1774039996804
gate,bybit,VANRYUSDT,0.005667,0.006082,7.3231,1774039997105
gate,bybit,VANRYUSDT,0.005667,0.006082,7.3231,1774039997405
gate,bybit,VANRYUSDT,0.005667,0.006082,7.3231,1774039997705
gate,bybit,VANRYUSDT,0.005667,0.006082,7.3231,1774039998005
gate,bybit,VANRYUSDT,0.005667,0.006082,7.3231,1774039998305
gate,bybit,VANRYUSDT,0.005667,0.006082,7.3231,1774039998606
gate,bybit,VANRYUSDT,0.005667,0.006082,7.3231,1774039998907
gate,bybit,VANRYUSDT,0.005667,0.006082,7.3231,1774039999207
gate,bybit,VANRYUSDT,0.005667,0.006082,7.3231,1774039999507
gate,bybit,VANRYUSDT,0.005667,0.006082,7.3231,1774039999808
gate,bybit,VANRYUSDT,0.005667,0.006082,7.3231,1774040000108
gate,bybit,VANRYUSDT,0.005667,0.006082,7.3231,1774040000408
gate,bybit,VANRYUSDT,0.005667,0.006082,7.3231,1774040000708
gate,bybit,VANRYUSDT,0.005667,0.006082,7.3231,1774040001008
gate,bybit,VANRYUSDT,0.005667,0.006082,7.3231,1774040001309
gate,bybit,VANRYUSDT,0.005667,0.006082,7.3231,1774040001610
gate,bybit,VANRYUSDT,0.005667,0.006082,7.3231,1774040001910
gate,bybit,VANRYUSDT,0.005667,0.006082,7.3231,1774040002210
gate,bybit,VANRYUSDT,0.005667,0.006082,7.3231,1774040002510
gate,bybit,VANRYUSDT,0.005667,0.006082,7.3231,1774040002811
gate,bybit,VANRYUSDT,0.005667,0.006082,7.3231,1774040003111
gate,bybit,VANRYUSDT,0.005667,0.006082,7.3231,1774040003411
gate,bybit,VANRYUSDT,0.005667,0.006082,7.3231,1774040003712
gate,bybit,VANRYUSDT,0.005667,0.006082,7.3231,1774040004012
gate,bybit,VANRYUSDT,0.005667,0.006082,7.3231,1774040004312
gate,bybit,VANRYUSDT,0.005667,0.006082,7.3231,1774040004612
gate,bybit,VANRYUSDT,0.005667,0.006082,7.3231,1774040004913
gate,bybit,VANRYUSDT,0.005667,0.006082,7.3231,1774040005213
gate,bybit,VANRYUSDT,0.005667,0.006082,7.3231,1774040005513
gate,bybit,VANRYUSDT,0.005667,0.006082,7.3231,1774040005814
gate,bybit,VANRYUSDT,0.005667,0.006082,7.3231,1774040006114
gate,bybit,VANRYUSDT,0.005667,0.006082,7.3231,1774040006414
gate,bybit,VANRYUSDT,0.005667,0.006082,7.3231,1774040006714
gate,bybit,VANRYUSDT,0.005667,0.006082,7.3231,1774040007014
gate,bybit,VANRYUSDT,0.005667,0.006082,7.3231,1774040007314
gate,bybit,VANRYUSDT,0.005667,0.006082,7.3231,1774040007615
gate,bybit,VANRYUSDT,0.005665,0.006081,7.3433,1774040007919
gate,bybit,VANRYUSDT,0.005666,0.006081,7.3244,1774040008219
gate,bybit,VANRYUSDT,0.005666,0.006081,7.3244,1774040008519
gate,bybit,VANRYUSDT,0.005666,0.006081,7.3244,1774040008819
gate,bybit,VANRYUSDT,0.005666,0.006081,7.3244,1774040009120
gate,bybit,VANRYUSDT,0.005666,0.006081,7.3244,1774040009420
gate,bybit,VANRYUSDT,0.005666,0.006081,7.3244,1774040009720
gate,bybit,VANRYUSDT,0.005666,0.006081,7.3244,1774040010021
gate,bybit,VANRYUSDT,0.005666,0.006081,7.3244,1774040010321
gate,bybit,VANRYUSDT,0.005666,0.006081,7.3244,1774040010621
gate,bybit,VANRYUSDT,0.005666,0.006081,7.3244,1774040010921
gate,bybit,VANRYUSDT,0.005666,0.006081,7.3244,1774040011223
gate,bybit,VANRYUSDT,0.005666,0.006081,7.3244,1774040011523
gate,bybit,VANRYUSDT,0.005666,0.006081,7.3244,1774040011824
gate,bybit,VANRYUSDT,0.005666,0.006081,7.3244,1774040012125
gate,bybit,VANRYUSDT,0.005666,0.006081,7.3244,1774040012425
gate,bybit,VANRYUSDT,0.005666,0.006081,7.3244,1774040012725
gate,bybit,VANRYUSDT,0.005666,0.006081,7.3244,1774040013026
gate,bybit,VANRYUSDT,0.005666,0.006081,7.3244,1774040013326
gate,bybit,VANRYUSDT,0.005666,0.006081,7.3244,1774040013627
gate,bybit,VANRYUSDT,0.005666,0.006081,7.3244,1774040013927
gate,bybit,VANRYUSDT,0.005666,0.006081,7.3244,1774040014228
gate,bybit,VANRYUSDT,0.005666,0.006081,7.3244,1774040014528
gate,bybit,VANRYUSDT,0.005666,0.006081,7.3244,1774040014828
gate,bybit,VANRYUSDT,0.005666,0.006081,7.3244,1774040015128
gate,bybit,VANRYUSDT,0.005666,0.006081,7.3244,1774040015428
gate,bybit,VANRYUSDT,0.005666,0.006081,7.3244,1774040015728
gate,bybit,VANRYUSDT,0.005666,0.006081,7.3244,1774040016029
gate,bybit,VANRYUSDT,0.005666,0.006081,7.3244,1774040016330
gate,bybit,VANRYUSDT,0.005666,0.006081,7.3244,1774040016630
gate,bybit,VANRYUSDT,0.005666,0.006081,7.3244,1774040016930
gate,bybit,VANRYUSDT,0.005666,0.006081,7.3244,1774040017231
gate,bybit,VANRYUSDT,0.005666,0.006081,7.3244,1774040017531
gate,bybit,VANRYUSDT,0.005666,0.006081,7.3244,1774040017831
gate,bybit,VANRYUSDT,0.005666,0.006081,7.3244,1774040018131
gate,bybit,VANRYUSDT,0.005666,0.006081,7.3244,1774040018432
gate,bybit,VANRYUSDT,0.005666,0.006081,7.3244,1774040018732
gate,bybit,VANRYUSDT,0.005666,0.006081,7.3244,1774040019033
gate,bybit,VANRYUSDT,0.005666,0.006081,7.3244,1774040019333
gate,bybit,VANRYUSDT,0.005666,0.006081,7.3244,1774040019633
gate,bybit,VANRYUSDT,0.005666,0.006081,7.3244,1774040019934
gate,bybit,VANRYUSDT,0.005666,0.006081,7.3244,1774040020234
gate,bybit,VANRYUSDT,0.005666,0.006081,7.3244,1774040020537
gate,bybit,VANRYUSDT,0.005666,0.006081,7.3244,1774040020837
gate,bybit,VANRYUSDT,0.005666,0.006081,7.3244,1774040021138
gate,bybit,VANRYUSDT,0.005666,0.006081,7.3244,1774040021439
gate,bybit,VANRYUSDT,0.005666,0.006081,7.3244,1774040021739
gate,bybit,VANRYUSDT,0.005666,0.006081,7.3244,1774040022039
gate,bybit,VANRYUSDT,0.005666,0.006081,7.3244,1774040022340
gate,bybit,VANRYUSDT,0.005666,0.006081,7.3244,1774040022640
gate,bybit,VANRYUSDT,0.005666,0.006081,7.3244,1774040022940
gate,bybit,VANRYUSDT,0.005666,0.006081,7.3244,1774040023241
gate,bybit,VANRYUSDT,0.005666,0.006081,7.3244,1774040023541
gate,bybit,VANRYUSDT,0.005666,0.006081,7.3244,1774040023841
gate,bybit,VANRYUSDT,0.005666,0.006081,7.3244,1774040024141
gate,bybit,VANRYUSDT,0.005666,0.006081,7.3244,1774040024442
gate,bybit,VANRYUSDT,0.005666,0.006081,7.3244,1774040024742
gate,bybit,VANRYUSDT,0.005666,0.006081,7.3244,1774040025042
gate,bybit,VANRYUSDT,0.005666,0.006081,7.3244,1774040025342
gate,bybit,VANRYUSDT,0.005666,0.006081,7.3244,1774040025642
gate,bybit,VANRYUSDT,0.005666,0.006081,7.3244,1774040025942
gate,bybit,VANRYUSDT,0.005666,0.006081,7.3244,1774040026243
gate,bybit,VANRYUSDT,0.005666,0.006081,7.3244,1774040026543
gate,bybit,VANRYUSDT,0.005666,0.006081,7.3244,1774040026843
gate,bybit,VANRYUSDT,0.005666,0.006081,7.3244,1774040027143
gate,bybit,VANRYUSDT,0.005666,0.006081,7.3244,1774040027444
gate,bybit,VANRYUSDT,0.005666,0.006081,7.3244,1774040027744
gate,bybit,VANRYUSDT,0.005666,0.006081,7.3244,1774040028044
gate,bybit,VANRYUSDT,0.005666,0.006081,7.3244,1774040028344
gate,bybit,VANRYUSDT,0.005666,0.006081,7.3244,1774040028645
gate,bybit,VANRYUSDT,0.005666,0.006081,7.3244,1774040028946
gate,bybit,VANRYUSDT,0.005666,0.006081,7.3244,1774040029246
gate,bybit,VANRYUSDT,0.005666,0.006081,7.3244,1774040029546
gate,bybit,VANRYUSDT,0.005665,0.006079,7.308,1774040029846
gate,bybit,VANRYUSDT,0.005665,0.006079,7.308,1774040030147
gate,bybit,VANRYUSDT,0.005665,0.006079,7.308,1774040030447
gate,bybit,VANRYUSDT,0.005666,0.006079,7.2891,1774040030747
gate,bybit,VANRYUSDT,0.005666,0.006079,7.2891,1774040031047
gate,bybit,VANRYUSDT,0.005666,0.006079,7.2891,1774040031347
gate,bybit,VANRYUSDT,0.005666,0.00608,7.3067,1774040031647
gate,bybit,VANRYUSDT,0.005666,0.00608,7.3067,1774040031948
gate,bybit,VANRYUSDT,0.005666,0.00608,7.3067,1774040032248
gate,bybit,VANRYUSDT,0.005666,0.00608,7.3067,1774040032549
gate,bybit,VANRYUSDT,0.005666,0.00608,7.3067,1774040032849
gate,bybit,VANRYUSDT,0.005666,0.00608,7.3067,1774040033149
gate,bybit,VANRYUSDT,0.005666,0.00608,7.3067,1774040033450
gate,bybit,VANRYUSDT,0.005666,0.00608,7.3067,1774040033750
gate,bybit,VANRYUSDT,0.005666,0.00608,7.3067,1774040034050
gate,bybit,VANRYUSDT,0.005666,0.00608,7.3067,1774040034350
gate,bybit,VANRYUSDT,0.005666,0.00608,7.3067,1774040034651
gate,bybit,VANRYUSDT,0.005666,0.00608,7.3067,1774040034951
gate,bybit,VANRYUSDT,0.005666,0.00608,7.3067,1774040035252
gate,bybit,VANRYUSDT,0.005665,0.00608,7.3257,1774040035552
gate,bybit,VANRYUSDT,0.005665,0.00608,7.3257,1774040035852
gate,bybit,VANRYUSDT,0.005665,0.00608,7.3257,1774040036153
gate,bybit,VANRYUSDT,0.005665,0.00608,7.3257,1774040036453
gate,bybit,VANRYUSDT,0.005665,0.00608,7.3257,1774040036753
gate,bybit,VANRYUSDT,0.005665,0.006079,7.308,1774040037053
gate,bybit,VANRYUSDT,0.005665,0.006079,7.308,1774040037354
gate,bybit,VANRYUSDT,0.005665,0.006079,7.308,1774040037654
gate,bybit,VANRYUSDT,0.005665,0.006079,7.308,1774040037954
gate,bybit,VANRYUSDT,0.005665,0.006079,7.308,1774040038255
gate,bybit,VANRYUSDT,0.005665,0.006079,7.308,1774040038555
gate,bybit,VANRYUSDT,0.005665,0.006079,7.308,1774040038855
gate,bybit,VANRYUSDT,0.005665,0.006079,7.308,1774040039156
gate,bybit,VANRYUSDT,0.005665,0.006079,7.308,1774040039456
gate,bybit,VANRYUSDT,0.005665,0.006079,7.308,1774040039757
gate,bybit,VANRYUSDT,0.005665,0.006079,7.308,1774040040057
gate,bybit,VANRYUSDT,0.005665,0.006079,7.308,1774040040357
gate,bybit,VANRYUSDT,0.005665,0.00608,7.3257,1774040040657
gate,bybit,VANRYUSDT,0.005666,0.006081,7.3244,1774040040957
gate,bybit,VANRYUSDT,0.005666,0.006081,7.3244,1774040041258
gate,bybit,VANRYUSDT,0.005666,0.006081,7.3244,1774040041558
gate,bybit,VANRYUSDT,0.005666,0.006081,7.3244,1774040041859
gate,bybit,VANRYUSDT,0.005666,0.006081,7.3244,1774040042159
gate,bybit,VANRYUSDT,0.005666,0.006081,7.3244,1774040042459
gate,bybit,VANRYUSDT,0.005666,0.006081,7.3244,1774040042760
gate,bybit,VANRYUSDT,0.005666,0.006081,7.3244,1774040043060
gate,bybit,VANRYUSDT,0.005666,0.006081,7.3244,1774040043360
gate,bybit,VANRYUSDT,0.005666,0.006081,7.3244,1774040043660
gate,bybit,VANRYUSDT,0.005667,0.006082,7.3231,1774040043961
gate,bybit,VANRYUSDT,0.005667,0.006082,7.3231,1774040044261
gate,bybit,VANRYUSDT,0.005667,0.006082,7.3231,1774040044561
gate,bybit,VANRYUSDT,0.005667,0.006083,7.3407,1774040044861
gate,bybit,VANRYUSDT,0.00567,0.006083,7.284,1774040045161
gate,bybit,VANRYUSDT,0.00567,0.006083,7.284,1774040045462
gate,bybit,VANRYUSDT,0.00567,0.006083,7.284,1774040045763
gate,bybit,VANRYUSDT,0.00567,0.006083,7.284,1774040046063
gate,bybit,VANRYUSDT,0.00567,0.006083,7.284,1774040046363
gate,bybit,VANRYUSDT,0.005669,0.006083,7.3029,1774040046663
gate,bybit,VANRYUSDT,0.005671,0.006085,7.3003,1774040046964
gate,bybit,VANRYUSDT,0.005671,0.006085,7.3003,1774040047265
gate,bybit,VANRYUSDT,0.005672,0.006085,7.2814,1774040047565
gate,bybit,VANRYUSDT,0.005672,0.006085,7.2814,1774040047865
gate,bybit,VANRYUSDT,0.005671,0.006085,7.3003,1774040048166
gate,bybit,VANRYUSDT,0.005672,0.006085,7.2814,1774040048466
gate,bybit,VANRYUSDT,0.005672,0.006085,7.2814,1774040048766
gate,bybit,VANRYUSDT,0.005671,0.006085,7.3003,1774040049066
gate,bybit,VANRYUSDT,0.005671,0.006085,7.3003,1774040049366
gate,bybit,VANRYUSDT,0.005671,0.006085,7.3003,1774040049667
gate,bybit,VANRYUSDT,0.005671,0.006085,7.3003,1774040049967
gate,bybit,VANRYUSDT,0.005671,0.006085,7.3003,1774040050267
gate,bybit,VANRYUSDT,0.005671,0.006085,7.3003,1774040050568
gate,bybit,VANRYUSDT,0.005671,0.006085,7.3003,1774040050868
gate,bybit,VANRYUSDT,0.005671,0.006085,7.3003,1774040051168
gate,bybit,VANRYUSDT,0.00567,0.006085,7.3192,1774040051469
gate,bybit,VANRYUSDT,0.00567,0.006085,7.3192,1774040051769
gate,bybit,VANRYUSDT,0.00567,0.006085,7.3192,1774040052069
gate,bybit,VANRYUSDT,0.00567,0.006085,7.3192,1774040052370
gate,bybit,VANRYUSDT,0.00567,0.006085,7.3192,1774040052670
gate,bybit,VANRYUSDT,0.00567,0.006085,7.3192,1774040052970
gate,bybit,VANRYUSDT,0.00567,0.006085,7.3192,1774040053271
gate,bybit,VANRYUSDT,0.00567,0.006085,7.3192,1774040053571
gate,bybit,VANRYUSDT,0.00567,0.006085,7.3192,1774040053871
gate,bybit,VANRYUSDT,0.00567,0.006085,7.3192,1774040054171
gate,bybit,VANRYUSDT,0.00567,0.006085,7.3192,1774040054471
gate,bybit,VANRYUSDT,0.00567,0.006085,7.3192,1774040054771
gate,bybit,VANRYUSDT,0.00567,0.006085,7.3192,1774040055071
gate,bybit,VANRYUSDT,0.00567,0.006085,7.3192,1774040055372
gate,bybit,VANRYUSDT,0.00567,0.006085,7.3192,1774040055672
gate,bybit,VANRYUSDT,0.00567,0.006085,7.3192,1774040055972
gate,bybit,VANRYUSDT,0.00567,0.006085,7.3192,1774040056272
gate,bybit,VANRYUSDT,0.00567,0.006085,7.3192,1774040056573
gate,bybit,VANRYUSDT,0.00567,0.006085,7.3192,1774040056873
gate,bybit,VANRYUSDT,0.00567,0.006085,7.3192,1774040057173
gate,bybit,VANRYUSDT,0.00567,0.006085,7.3192,1774040057473
gate,bybit,VANRYUSDT,0.00567,0.006085,7.3192,1774040057773
gate,bybit,VANRYUSDT,0.00567,0.006085,7.3192,1774040058074
gate,bybit,VANRYUSDT,0.00567,0.006085,7.3192,1774040058374
gate,bybit,VANRYUSDT,0.00567,0.006085,7.3192,1774040058674
gate,bybit,VANRYUSDT,0.00567,0.006085,7.3192,1774040058975
gate,bybit,VANRYUSDT,0.00567,0.006085,7.3192,1774040059275
gate,bybit,VANRYUSDT,0.00567,0.006085,7.3192,1774040059575
gate,bybit,VANRYUSDT,0.00567,0.006085,7.3192,1774040059876
gate,bybit,VANRYUSDT,0.00567,0.006085,7.3192,1774040060176
gate,bybit,VANRYUSDT,0.00567,0.006085,7.3192,1774040060476
gate,bybit,VANRYUSDT,0.005669,0.006085,7.3382,1774040060777
gate,bybit,VANRYUSDT,0.005669,0.006085,7.3382,1774040061077
gate,bybit,VANRYUSDT,0.005669,0.006085,7.3382,1774040061378
gate,bybit,VANRYUSDT,0.005669,0.006085,7.3382,1774040061679
gate,bybit,VANRYUSDT,0.005668,0.006083,7.3218,1774040061979
gate,bybit,VANRYUSDT,0.005668,0.006083,7.3218,1774040062280
gate,bybit,VANRYUSDT,0.005665,0.006079,7.308,1774040062580
gate,bybit,VANRYUSDT,0.005665,0.006079,7.308,1774040062880
gate,bybit,VANRYUSDT,0.005665,0.006079,7.308,1774040063180
gate,bybit,VANRYUSDT,0.005665,0.006079,7.308,1774040063481
gate,bybit,VANRYUSDT,0.005665,0.006079,7.308,1774040063782
gate,bybit,VANRYUSDT,0.005665,0.006079,7.308,1774040064082
gate,bybit,VANRYUSDT,0.005665,0.006079,7.308,1774040064382
gate,bybit,VANRYUSDT,0.005665,0.006079,7.308,1774040064683
gate,bybit,VANRYUSDT,0.005665,0.006079,7.308,1774040064983
gate,bybit,VANRYUSDT,0.005665,0.006079,7.308,1774040065283
gate,bybit,VANRYUSDT,0.005665,0.006079,7.308,1774040065583
gate,bybit,VANRYUSDT,0.005665,0.006079,7.308,1774040065884
gate,bybit,VANRYUSDT,0.005665,0.006079,7.308,1774040066184
gate,bybit,VANRYUSDT,0.005665,0.006079,7.308,1774040066484
gate,bybit,VANRYUSDT,0.005665,0.006079,7.308,1774040066784
gate,bybit,VANRYUSDT,0.005665,0.006079,7.308,1774040067085
gate,bybit,VANRYUSDT,0.005664,0.006079,7.327,1774040067385
gate,bybit,VANRYUSDT,0.005664,0.006079,7.327,1774040067685
gate,bybit,VANRYUSDT,0.005664,0.006079,7.327,1774040067985
gate,bybit,VANRYUSDT,0.005664,0.006079,7.327,1774040068286
gate,bybit,VANRYUSDT,0.005664,0.006079,7.327,1774040068587
gate,bybit,VANRYUSDT,0.005664,0.006079,7.327,1774040068888
gate,bybit,VANRYUSDT,0.005664,0.006079,7.327,1774040069188
gate,bybit,VANRYUSDT,0.005664,0.006079,7.327,1774040069488
gate,bybit,VANRYUSDT,0.005664,0.006079,7.327,1774040069789
gate,bybit,VANRYUSDT,0.005664,0.006079,7.327,1774040070089
gate,bybit,VANRYUSDT,0.005664,0.006079,7.327,1774040070389
gate,bybit,VANRYUSDT,0.005664,0.006079,7.327,1774040070690
gate,bybit,VANRYUSDT,0.005664,0.006079,7.327,1774040070990
gate,bybit,VANRYUSDT,0.005664,0.006079,7.327,1774040071290
gate,bybit,VANRYUSDT,0.005664,0.006079,7.327,1774040071591
gate,bybit,VANRYUSDT,0.005664,0.006079,7.327,1774040071892
gate,bybit,VANRYUSDT,0.005664,0.006079,7.327,1774040072192
gate,bybit,VANRYUSDT,0.005664,0.006079,7.327,1774040072493
gate,bybit,VANRYUSDT,0.005664,0.006079,7.327,1774040072793
gate,bybit,VANRYUSDT,0.005664,0.006079,7.327,1774040073093
gate,bybit,VANRYUSDT,0.005664,0.006079,7.327,1774040073393
gate,bybit,VANRYUSDT,0.005664,0.006079,7.327,1774040073694
gate,bybit,VANRYUSDT,0.005664,0.006079,7.327,1774040073994
gate,bybit,VANRYUSDT,0.005664,0.006079,7.327,1774040074295
gate,bybit,VANRYUSDT,0.005664,0.006079,7.327,1774040074595
gate,bybit,VANRYUSDT,0.005664,0.006079,7.327,1774040074896
gate,bybit,VANRYUSDT,0.005664,0.006079,7.327,1774040075196
gate,bybit,VANRYUSDT,0.005664,0.006079,7.327,1774040075496
gate,bybit,VANRYUSDT,0.005664,0.006079,7.327,1774040075797
gate,bybit,VANRYUSDT,0.005664,0.006079,7.327,1774040076100
gate,bybit,VANRYUSDT,0.005664,0.006079,7.327,1774040076401
gate,bybit,VANRYUSDT,0.005664,0.006079,7.327,1774040076701
gate,bybit,VANRYUSDT,0.005664,0.006079,7.327,1774040077001
gate,bybit,VANRYUSDT,0.005664,0.006079,7.327,1774040077301
gate,bybit,VANRYUSDT,0.005664,0.006079,7.327,1774040077602
gate,bybit,VANRYUSDT,0.005664,0.006079,7.327,1774040077902
gate,bybit,VANRYUSDT,0.005664,0.006079,7.327,1774040078202
gate,bybit,VANRYUSDT,0.005664,0.006079,7.327,1774040078502
gate,bybit,VANRYUSDT,0.005664,0.006079,7.327,1774040078803
gate,bybit,VANRYUSDT,0.005664,0.006079,7.327,1774040079103
gate,bybit,VANRYUSDT,0.005664,0.006079,7.327,1774040079404
gate,bybit,VANRYUSDT,0.005664,0.006079,7.327,1774040079704
gate,bybit,VANRYUSDT,0.005664,0.006079,7.327,1774040080004
gate,bybit,VANRYUSDT,0.005664,0.006079,7.327,1774040080304
gate,bybit,VANRYUSDT,0.005664,0.006079,7.327,1774040080605
gate,bybit,VANRYUSDT,0.005664,0.006079,7.327,1774040080905
gate,bybit,VANRYUSDT,0.005664,0.006079,7.327,1774040081205
gate,bybit,VANRYUSDT,0.005664,0.006079,7.327,1774040081505
gate,bybit,VANRYUSDT,0.005664,0.006079,7.327,1774040081806
gate,bybit,VANRYUSDT,0.005664,0.006079,7.327,1774040082107
gate,bybit,VANRYUSDT,0.005664,0.006079,7.327,1774040082408
gate,bybit,VANRYUSDT,0.005664,0.006079,7.327,1774040082708
gate,bybit,VANRYUSDT,0.005661,0.006076,7.3309,1774040083008
gate,bybit,VANRYUSDT,0.005661,0.006076,7.3309,1774040083308
gate,bybit,VANRYUSDT,0.00566,0.006075,7.3322,1774040083609
gate,bybit,VANRYUSDT,0.005661,0.006075,7.3132,1774040083909
gate,bybit,VANRYUSDT,0.005661,0.006075,7.3132,1774040084209
gate,bybit,VANRYUSDT,0.005661,0.006075,7.3132,1774040084510
gate,bybit,VANRYUSDT,0.005661,0.006075,7.3132,1774040084810
gate,bybit,VANRYUSDT,0.005661,0.006075,7.3132,1774040085111
gate,bybit,VANRYUSDT,0.005661,0.006075,7.3132,1774040085411
gate,bybit,VANRYUSDT,0.005661,0.006075,7.3132,1774040085711
gate,bybit,VANRYUSDT,0.005661,0.006075,7.3132,1774040086013
gate,bybit,VANRYUSDT,0.005661,0.006075,7.3132,1774040086313
gate,bybit,VANRYUSDT,0.005661,0.006075,7.3132,1774040086614
gate,bybit,VANRYUSDT,0.005661,0.006075,7.3132,1774040086914
gate,bybit,VANRYUSDT,0.005661,0.006075,7.3132,1774040087215
gate,bybit,VANRYUSDT,0.005661,0.006075,7.3132,1774040087515
gate,bybit,VANRYUSDT,0.005661,0.006075,7.3132,1774040087816
gate,bybit,VANRYUSDT,0.005661,0.006075,7.3132,1774040088116
gate,bybit,VANRYUSDT,0.005661,0.006075,7.3132,1774040088416
gate,bybit,VANRYUSDT,0.005661,0.006075,7.3132,1774040088717
gate,bybit,VANRYUSDT,0.005661,0.006075,7.3132,1774040089017
gate,bybit,VANRYUSDT,0.005661,0.006075,7.3132,1774040089318
gate,bybit,VANRYUSDT,0.005661,0.006075,7.3132,1774040089619
gate,bybit,VANRYUSDT,0.005661,0.006075,7.3132,1774040089920
gate,bybit,VANRYUSDT,0.005661,0.006075,7.3132,1774040090220
gate,bybit,VANRYUSDT,0.005661,0.006075,7.3132,1774040090520
gate,bybit,VANRYUSDT,0.005661,0.006075,7.3132,1774040090820
gate,bybit,VANRYUSDT,0.005661,0.006075,7.3132,1774040091121
gate,bybit,VANRYUSDT,0.005661,0.006075,7.3132,1774040091421
gate,bybit,VANRYUSDT,0.005661,0.006075,7.3132,1774040091721
gate,bybit,VANRYUSDT,0.005661,0.006075,7.3132,1774040092021
gate,bybit,VANRYUSDT,0.005661,0.006075,7.3132,1774040092321
gate,bybit,VANRYUSDT,0.005661,0.006075,7.3132,1774040092622
gate,bybit,VANRYUSDT,0.005661,0.006075,7.3132,1774040092922
gate,bybit,VANRYUSDT,0.005661,0.006075,7.3132,1774040093222
gate,bybit,VANRYUSDT,0.005661,0.006075,7.3132,1774040093523
gate,bybit,VANRYUSDT,0.005661,0.006075,7.3132,1774040093823
gate,bybit,VANRYUSDT,0.005661,0.006075,7.3132,1774040094123
gate,bybit,VANRYUSDT,0.005661,0.006075,7.3132,1774040094424
gate,bybit,VANRYUSDT,0.005661,0.006075,7.3132,1774040094724
gate,bybit,VANRYUSDT,0.005661,0.006075,7.3132,1774040095024
gate,bybit,VANRYUSDT,0.005661,0.006075,7.3132,1774040095324
gate,bybit,VANRYUSDT,0.005661,0.006075,7.3132,1774040095625
gate,bybit,VANRYUSDT,0.005661,0.006075,7.3132,1774040095925
gate,bybit,VANRYUSDT,0.005661,0.006076,7.3309,1774040096225
gate,bybit,VANRYUSDT,0.005661,0.006076,7.3309,1774040096526
gate,bybit,VANRYUSDT,0.005661,0.006076,7.3309,1774040096826
gate,bybit,VANRYUSDT,0.005661,0.006076,7.3309,1774040097127
gate,bybit,VANRYUSDT,0.005661,0.006076,7.3309,1774040097427
gate,bybit,VANRYUSDT,0.005662,0.006076,7.3119,1774040097727
gate,bybit,VANRYUSDT,0.005661,0.006076,7.3309,1774040098028
gate,bybit,VANRYUSDT,0.005661,0.006076,7.3309,1774040098328
gate,bybit,VANRYUSDT,0.005661,0.006076,7.3309,1774040098628
gate,bybit,VANRYUSDT,0.005661,0.006076,7.3309,1774040098928
gate,bybit,VANRYUSDT,0.005661,0.006076,7.3309,1774040099229
gate,bybit,VANRYUSDT,0.005661,0.006076,7.3309,1774040099529
gate,bybit,VANRYUSDT,0.005661,0.006076,7.3309,1774040099829
gate,bybit,VANRYUSDT,0.005661,0.006076,7.3309,1774040100129
gate,bybit,VANRYUSDT,0.005661,0.006076,7.3309,1774040100429
gate,bybit,VANRYUSDT,0.005661,0.006076,7.3309,1774040100730
gate,bybit,VANRYUSDT,0.005662,0.006076,7.3119,1774040101030
gate,bybit,VANRYUSDT,0.005662,0.006076,7.3119,1774040101330
gate,bybit,VANRYUSDT,0.005662,0.006076,7.3119,1774040101630
gate,bybit,VANRYUSDT,0.005662,0.006076,7.3119,1774040101930
gate,bybit,VANRYUSDT,0.005661,0.006075,7.3132,1774040102232
gate,bybit,VANRYUSDT,0.005661,0.006074,7.2955,1774040102533
gate,bybit,VANRYUSDT,0.00566,0.006074,7.3145,1774040102833
gate,bybit,VANRYUSDT,0.00566,0.006074,7.3145,1774040103133
gate,bybit,VANRYUSDT,0.00566,0.006074,7.3145,1774040103433
gate,bybit,VANRYUSDT,0.00566,0.006074,7.3145,1774040103733
gate,bybit,VANRYUSDT,0.005662,0.006076,7.3119,1774040104033
gate,bybit,VANRYUSDT,0.005662,0.006076,7.3119,1774040104333
gate,bybit,VANRYUSDT,0.005662,0.006076,7.3119,1774040104633
gate,bybit,VANRYUSDT,0.005662,0.006076,7.3119,1774040104934
gate,bybit,VANRYUSDT,0.005662,0.006076,7.3119,1774040105234
gate,bybit,VANRYUSDT,0.005662,0.006076,7.3119,1774040105534
gate,bybit,VANRYUSDT,0.005662,0.006076,7.3119,1774040105834
gate,bybit,VANRYUSDT,0.005662,0.006076,7.3119,1774040106135
gate,bybit,VANRYUSDT,0.005662,0.006076,7.3119,1774040106435
gate,bybit,VANRYUSDT,0.005662,0.006076,7.3119,1774040106736
gate,bybit,VANRYUSDT,0.005662,0.006076,7.3119,1774040107036
gate,bybit,VANRYUSDT,0.005662,0.006076,7.3119,1774040107336
gate,bybit,VANRYUSDT,0.005662,0.006076,7.3119,1774040107637
gate,bybit,VANRYUSDT,0.005662,0.006076,7.3119,1774040107937
gate,bybit,VANRYUSDT,0.005662,0.006076,7.3119,1774040108237
gate,bybit,VANRYUSDT,0.005662,0.006076,7.3119,1774040108538
gate,bybit,VANRYUSDT,0.005662,0.006076,7.3119,1774040108838
gate,bybit,VANRYUSDT,0.005662,0.006076,7.3119,1774040109139
gate,bybit,VANRYUSDT,0.005662,0.006076,7.3119,1774040109439
gate,bybit,VANRYUSDT,0.005662,0.006076,7.3119,1774040109739
gate,bybit,VANRYUSDT,0.005662,0.006076,7.3119,1774040110039
gate,bybit,VANRYUSDT,0.005662,0.006076,7.3119,1774040110340
gate,bybit,VANRYUSDT,0.005662,0.006076,7.3119,1774040110640
gate,bybit,VANRYUSDT,0.005662,0.006076,7.3119,1774040110940
gate,bybit,VANRYUSDT,0.005662,0.006076,7.3119,1774040111240
gate,bybit,VANRYUSDT,0.005662,0.006076,7.3119,1774040111540
gate,bybit,VANRYUSDT,0.005662,0.006076,7.3119,1774040111841
gate,bybit,VANRYUSDT,0.005662,0.006076,7.3119,1774040112141
gate,bybit,VANRYUSDT,0.005662,0.006076,7.3119,1774040112442
gate,bybit,VANRYUSDT,0.005662,0.006076,7.3119,1774040112742
gate,bybit,VANRYUSDT,0.005662,0.006076,7.3119,1774040113042
gate,bybit,VANRYUSDT,0.005662,0.006076,7.3119,1774040113343
gate,bybit,VANRYUSDT,0.005662,0.006076,7.3119,1774040113643
gate,bybit,VANRYUSDT,0.005662,0.006076,7.3119,1774040113944
gate,bybit,VANRYUSDT,0.005662,0.006076,7.3119,1774040114244
gate,bybit,VANRYUSDT,0.005662,0.006076,7.3119,1774040114544
gate,bybit,VANRYUSDT,0.005662,0.006076,7.3119,1774040114845
gate,bybit,VANRYUSDT,0.005662,0.006076,7.3119,1774040115145
gate,bybit,VANRYUSDT,0.005662,0.006076,7.3119,1774040115445
gate,bybit,VANRYUSDT,0.005662,0.006076,7.3119,1774040115745
gate,bybit,VANRYUSDT,0.005662,0.006076,7.3119,1774040116046
gate,bybit,VANRYUSDT,0.005662,0.006076,7.3119,1774040116346
gate,bybit,VANRYUSDT,0.005662,0.006076,7.3119,1774040116646
gate,bybit,VANRYUSDT,0.005662,0.006076,7.3119,1774040116947
gate,bybit,VANRYUSDT,0.005662,0.006076,7.3119,1774040117247
gate,bybit,VANRYUSDT,0.005662,0.006076,7.3119,1774040117547
gate,bybit,VANRYUSDT,0.005662,0.006076,7.3119,1774040117847
gate,bybit,VANRYUSDT,0.005662,0.006076,7.3119,1774040118147
gate,bybit,VANRYUSDT,0.005662,0.006078,7.3472,1774040118448
gate,bybit,VANRYUSDT,0.005662,0.006078,7.3472,1774040118748
gate,bybit,VANRYUSDT,0.005662,0.006078,7.3472,1774040119048
gate,bybit,VANRYUSDT,0.005662,0.006078,7.3472,1774040119348
gate,bybit,VANRYUSDT,0.005662,0.006078,7.3472,1774040119649
gate,bybit,VANRYUSDT,0.005662,0.006078,7.3472,1774040119949
gate,bybit,VANRYUSDT,0.005662,0.006078,7.3472,1774040120250
gate,bybit,VANRYUSDT,0.005662,0.006078,7.3472,1774040120550
gate,bybit,VANRYUSDT,0.005662,0.006078,7.3472,1774040120850
gate,bybit,VANRYUSDT,0.005662,0.006078,7.3472,1774040121151
gate,bybit,VANRYUSDT,0.005662,0.006078,7.3472,1774040121451
gate,bybit,VANRYUSDT,0.005662,0.006078,7.3472,1774040121751
gate,bybit,VANRYUSDT,0.005659,0.006074,7.3335,1774040122052
gate,bybit,VANRYUSDT,0.005659,0.006074,7.3335,1774040122352
gate,bybit,VANRYUSDT,0.005659,0.006074,7.3335,1774040122652
gate,bybit,VANRYUSDT,0.005659,0.006074,7.3335,1774040122952
gate,bybit,VANRYUSDT,0.005659,0.006074,7.3335,1774040123252
gate,bybit,VANRYUSDT,0.005659,0.006074,7.3335,1774040123552
gate,bybit,VANRYUSDT,0.005659,0.006074,7.3335,1774040123853
gate,bybit,VANRYUSDT,0.005659,0.006074,7.3335,1774040124154
gate,bybit,VANRYUSDT,0.005659,0.006074,7.3335,1774040124455
gate,bybit,VANRYUSDT,0.005659,0.006074,7.3335,1774040124755
gate,bybit,VANRYUSDT,0.005659,0.006074,7.3335,1774040125055
gate,bybit,VANRYUSDT,0.005659,0.006074,7.3335,1774040125356
gate,bybit,VANRYUSDT,0.005659,0.006074,7.3335,1774040125656
gate,bybit,VANRYUSDT,0.005659,0.006074,7.3335,1774040125957
gate,bybit,VANRYUSDT,0.005659,0.006074,7.3335,1774040126257
gate,bybit,VANRYUSDT,0.005659,0.006074,7.3335,1774040126557
gate,bybit,VANRYUSDT,0.005659,0.006074,7.3335,1774040126858
gate,bybit,VANRYUSDT,0.005659,0.006074,7.3335,1774040127158
gate,bybit,VANRYUSDT,0.005659,0.006074,7.3335,1774040127459
gate,bybit,VANRYUSDT,0.005659,0.006074,7.3335,1774040127759
gate,bybit,VANRYUSDT,0.005659,0.006074,7.3335,1774040128060
gate,bybit,VANRYUSDT,0.005659,0.006074,7.3335,1774040128360
gate,bybit,VANRYUSDT,0.005659,0.006074,7.3335,1774040128661
gate,bybit,VANRYUSDT,0.005659,0.006074,7.3335,1774040128961
gate,bybit,VANRYUSDT,0.005659,0.006074,7.3335,1774040129262
gate,bybit,VANRYUSDT,0.005659,0.006074,7.3335,1774040129562
gate,bybit,VANRYUSDT,0.005659,0.006074,7.3335,1774040129862
gate,bybit,VANRYUSDT,0.005659,0.006074,7.3335,1774040130163
gate,bybit,VANRYUSDT,0.005659,0.006074,7.3335,1774040130463
gate,bybit,VANRYUSDT,0.005659,0.006074,7.3335,1774040130763
gate,bybit,VANRYUSDT,0.005659,0.006074,7.3335,1774040131064
gate,bybit,VANRYUSDT,0.005659,0.006074,7.3335,1774040131364
gate,bybit,VANRYUSDT,0.005659,0.006074,7.3335,1774040131664
gate,bybit,VANRYUSDT,0.005659,0.006074,7.3335,1774040131964
gate,bybit,VANRYUSDT,0.005659,0.006074,7.3335,1774040132264
gate,bybit,VANRYUSDT,0.005659,0.006074,7.3335,1774040132565
gate,bybit,VANRYUSDT,0.005659,0.006074,7.3335,1774040132865
gate,bybit,VANRYUSDT,0.005659,0.006074,7.3335,1774040133165
gate,bybit,VANRYUSDT,0.005659,0.006074,7.3335,1774040133466
gate,bybit,VANRYUSDT,0.005659,0.006074,7.3335,1774040133766
gate,bybit,VANRYUSDT,0.005659,0.006074,7.3335,1774040134066
gate,bybit,VANRYUSDT,0.005659,0.006074,7.3335,1774040134366
gate,bybit,VANRYUSDT,0.005659,0.006074,7.3335,1774040134666
gate,bybit,VANRYUSDT,0.005659,0.006074,7.3335,1774040134967
gate,bybit,VANRYUSDT,0.005659,0.006074,7.3335,1774040135267
gate,bybit,VANRYUSDT,0.005659,0.006074,7.3335,1774040135567
gate,bybit,VANRYUSDT,0.005659,0.006074,7.3335,1774040135867
gate,bybit,VANRYUSDT,0.005659,0.006074,7.3335,1774040136167
gate,bybit,VANRYUSDT,0.005658,0.006074,7.3524,1774040136468
gate,bybit,VANRYUSDT,0.005658,0.006074,7.3524,1774040136768
gate,bybit,VANRYUSDT,0.005658,0.006074,7.3524,1774040137069
gate,bybit,VANRYUSDT,0.005658,0.006074,7.3524,1774040137369
gate,bybit,VANRYUSDT,0.005658,0.006074,7.3524,1774040137669
gate,bybit,VANRYUSDT,0.005658,0.006074,7.3524,1774040137969
gate,bybit,VANRYUSDT,0.005658,0.006074,7.3524,1774040138270
gate,bybit,VANRYUSDT,0.005658,0.006074,7.3524,1774040138570
gate,bybit,VANRYUSDT,0.005658,0.006074,7.3524,1774040138870
gate,bybit,VANRYUSDT,0.005658,0.006074,7.3524,1774040139171
gate,bybit,VANRYUSDT,0.005658,0.006074,7.3524,1774040139471
gate,bybit,VANRYUSDT,0.005658,0.006074,7.3524,1774040139771
gate,bybit,VANRYUSDT,0.005658,0.006074,7.3524,1774040140071
gate,bybit,VANRYUSDT,0.005658,0.006074,7.3524,1774040140372
gate,bybit,VANRYUSDT,0.005658,0.006074,7.3524,1774040140672
gate,bybit,VANRYUSDT,0.005658,0.006074,7.3524,1774040140972
gate,bybit,VANRYUSDT,0.005658,0.006074,7.3524,1774040141272
gate,bybit,VANRYUSDT,0.005658,0.006074,7.3524,1774040141572
gate,bybit,VANRYUSDT,0.005658,0.006074,7.3524,1774040141873
gate,bybit,VANRYUSDT,0.005658,0.006074,7.3524,1774040142173
gate,bybit,VANRYUSDT,0.005658,0.006074,7.3524,1774040142473
gate,bybit,VANRYUSDT,0.005658,0.006074,7.3524,1774040142773
gate,bybit,VANRYUSDT,0.005658,0.006074,7.3524,1774040143074
gate,bybit,VANRYUSDT,0.005658,0.006074,7.3524,1774040143374
gate,bybit,VANRYUSDT,0.005658,0.006074,7.3524,1774040143674
gate,bybit,VANRYUSDT,0.005658,0.006074,7.3524,1774040143975
gate,bybit,VANRYUSDT,0.005658,0.006074,7.3524,1774040144275
gate,bybit,VANRYUSDT,0.005658,0.006074,7.3524,1774040144575
gate,bybit,VANRYUSDT,0.005658,0.006074,7.3524,1774040144875
gate,bybit,VANRYUSDT,0.005658,0.006074,7.3524,1774040145175
gate,bybit,VANRYUSDT,0.005658,0.006074,7.3524,1774040145475
gate,bybit,VANRYUSDT,0.005658,0.006074,7.3524,1774040145776
gate,bybit,VANRYUSDT,0.005658,0.006074,7.3524,1774040146076
gate,bybit,VANRYUSDT,0.005658,0.006074,7.3524,1774040146377
gate,bybit,VANRYUSDT,0.005658,0.006074,7.3524,1774040146677
gate,bybit,VANRYUSDT,0.005658,0.006074,7.3524,1774040146977
gate,bybit,VANRYUSDT,0.005658,0.006074,7.3524,1774040147278
gate,bybit,VANRYUSDT,0.005657,0.006072,7.336,1774040147578
gate,bybit,VANRYUSDT,0.005657,0.006072,7.336,1774040147879
gate,bybit,VANRYUSDT,0.005657,0.006072,7.336,1774040148179
gate,bybit,VANRYUSDT,0.005657,0.006072,7.336,1774040148479
gate,bybit,VANRYUSDT,0.005657,0.006072,7.336,1774040148779
gate,bybit,VANRYUSDT,0.005657,0.006072,7.336,1774040149080
gate,bybit,VANRYUSDT,0.005657,0.006072,7.336,1774040149380
gate,bybit,VANRYUSDT,0.005657,0.006072,7.336,1774040149680
gate,bybit,VANRYUSDT,0.005657,0.006072,7.336,1774040149981
gate,bybit,VANRYUSDT,0.005657,0.006072,7.336,1774040150281
gate,bybit,VANRYUSDT,0.005657,0.006072,7.336,1774040150582
gate,bybit,VANRYUSDT,0.005657,0.006072,7.336,1774040150882
gate,bybit,VANRYUSDT,0.005657,0.006072,7.336,1774040151183
gate,bybit,VANRYUSDT,0.005657,0.006072,7.336,1774040151483
gate,bybit,VANRYUSDT,0.005657,0.006072,7.336,1774040151783
gate,bybit,VANRYUSDT,0.005657,0.006072,7.336,1774040152084
gate,bybit,VANRYUSDT,0.005657,0.006072,7.336,1774040152384
gate,bybit,VANRYUSDT,0.005657,0.006072,7.336,1774040152684
gate,bybit,VANRYUSDT,0.005657,0.006072,7.336,1774040152985
gate,bybit,VANRYUSDT,0.005657,0.006072,7.336,1774040153285
gate,bybit,VANRYUSDT,0.005657,0.006072,7.336,1774040153585
gate,bybit,VANRYUSDT,0.005656,0.006071,7.3373,1774040153885
gate,bybit,VANRYUSDT,0.005656,0.006071,7.3373,1774040154185
gate,bybit,VANRYUSDT,0.005654,0.00607,7.3576,1774040154486
gate,bybit,VANRYUSDT,0.005654,0.00607,7.3576,1774040154786
gate,bybit,VANRYUSDT,0.005654,0.00607,7.3576,1774040155087
gate,bybit,VANRYUSDT,0.005654,0.00607,7.3576,1774040155387
gate,bybit,VANRYUSDT,0.005654,0.00607,7.3576,1774040155688
gate,bybit,VANRYUSDT,0.005654,0.00607,7.3576,1774040155988
gate,bybit,VANRYUSDT,0.005654,0.00607,7.3576,1774040156289
gate,bybit,VANRYUSDT,0.005654,0.00607,7.3576,1774040156590
gate,bybit,VANRYUSDT,0.005654,0.00607,7.3576,1774040156890
gate,bybit,VANRYUSDT,0.005654,0.00607,7.3576,1774040157190
gate,bybit,VANRYUSDT,0.005654,0.00607,7.3576,1774040157491
gate,bybit,VANRYUSDT,0.005654,0.00607,7.3576,1774040157791
gate,bybit,VANRYUSDT,0.005654,0.00607,7.3576,1774040158092
gate,bybit,VANRYUSDT,0.005652,0.006068,7.3602,1774040158392
gate,bybit,VANRYUSDT,0.005652,0.006068,7.3602,1774040158693
gate,bybit,VANRYUSDT,0.005652,0.006068,7.3602,1774040158993
gate,bybit,VANRYUSDT,0.005652,0.006068,7.3602,1774040159293
gate,bybit,VANRYUSDT,0.005652,0.006068,7.3602,1774040159594
gate,bybit,VANRYUSDT,0.005652,0.006068,7.3602,1774040159894
gate,bybit,VANRYUSDT,0.005652,0.006068,7.3602,1774040160194
gate,bybit,VANRYUSDT,0.005652,0.006068,7.3602,1774040160495
gate,bybit,VANRYUSDT,0.005654,0.006069,7.3399,1774040160795
gate,bybit,VANRYUSDT,0.005653,0.006068,7.3412,1774040161095
gate,bybit,VANRYUSDT,0.005653,0.006068,7.3412,1774040161395
gate,bybit,VANRYUSDT,0.005653,0.006068,7.3412,1774040161695
gate,bybit,VANRYUSDT,0.005653,0.006068,7.3412,1774040161995
gate,bybit,VANRYUSDT,0.005653,0.006068,7.3412,1774040162296
gate,bybit,VANRYUSDT,0.005653,0.006068,7.3412,1774040162596
gate,bybit,VANRYUSDT,0.005653,0.006068,7.3412,1774040162897
gate,bybit,VANRYUSDT,0.005653,0.006068,7.3412,1774040163197
gate,bybit,VANRYUSDT,0.005653,0.006068,7.3412,1774040163497
gate,bybit,VANRYUSDT,0.005653,0.006068,7.3412,1774040163797
gate,bybit,VANRYUSDT,0.005653,0.006068,7.3412,1774040164098
gate,bybit,VANRYUSDT,0.005653,0.006068,7.3412,1774040164398
gate,bybit,VANRYUSDT,0.005653,0.006068,7.3412,1774040164698
gate,bybit,VANRYUSDT,0.005653,0.006068,7.3412,1774040164998
gate,bybit,VANRYUSDT,0.005653,0.006068,7.3412,1774040165298
gate,bybit,VANRYUSDT,0.005653,0.006068,7.3412,1774040165599
gate,bybit,VANRYUSDT,0.005653,0.006068,7.3412,1774040165899
gate,bybit,VANRYUSDT,0.005653,0.006068,7.3412,1774040166199
gate,bybit,VANRYUSDT,0.005653,0.006068,7.3412,1774040166499
gate,bybit,VANRYUSDT,0.005653,0.006068,7.3412,1774040166800
gate,bybit,VANRYUSDT,0.005653,0.006068,7.3412,1774040167100
gate,bybit,VANRYUSDT,0.005653,0.006068,7.3412,1774040167400
gate,bybit,VANRYUSDT,0.005653,0.006068,7.3412,1774040167700
gate,bybit,VANRYUSDT,0.005653,0.006068,7.3412,1774040168001
gate,bybit,VANRYUSDT,0.005653,0.006068,7.3412,1774040168301
gate,bybit,VANRYUSDT,0.005653,0.006068,7.3412,1774040168601
