spot_exch,fut_exch,symbol,ask_spot,bid_futures,spread_pct,ts
okx,gate,WAXPUSDT,0.008352,0.008303,-0.5867,1774036579000
okx,gate,WAXPUSDT,0.008352,0.008304,-0.5747,1774036581000
okx,gate,WAXPUSDT,0.008352,0.008304,-0.5747,1774036583000
okx,gate,WAXPUSDT,0.008352,0.008304,-0.5747,1774036585000
okx,gate,WAXPUSDT,0.008352,0.008308,-0.5268,1774036586000
okx,gate,WAXPUSDT,0.008352,0.008304,-0.5747,1774036587000
okx,gate,WAXPUSDT,0.008352,0.008301,-0.6106,1774036588000
okx,gate,WAXPUSDT,0.008352,0.008302,-0.5987,1774036590000
okx,gate,WAXPUSDT,0.008355,0.008299,-0.6703,1774036599000
okx,gate,WAXPUSDT,0.008354,0.008302,-0.6225,1774036600000
okx,gate,WAXPUSDT,0.008354,0.0083,-0.6464,1774036601000
okx,gate,WAXPUSDT,0.008354,0.0083,-0.6464,1774036606000
okx,gate,WAXPUSDT,0.008354,0.0083,-0.6464,1774036610000
okx,gate,WAXPUSDT,0.008354,0.0083,-0.6464,1774036613000
okx,gate,WAXPUSDT,0.008354,0.0083,-0.6464,1774036614000
okx,gate,WAXPUSDT,0.008354,0.008294,-0.7182,1774036616000
okx,gate,WAXPUSDT,0.008345,0.008292,-0.6351,1774036619000
okx,gate,WAXPUSDT,0.008345,0.008289,-0.6711,1774036620000
okx,gate,WAXPUSDT,0.008344,0.008293,-0.6112,1774036621000
okx,gate,WAXPUSDT,0.008344,0.008292,-0.6232,1774036622000
okx,gate,WAXPUSDT,0.008344,0.008292,-0.6232,1774036625000
okx,gate,WAXPUSDT,0.008344,0.008295,-0.5872,1774036635000
okx,gate,WAXPUSDT,0.008344,0.008293,-0.6112,1774036645000
okx,gate,WAXPUSDT,0.008344,0.008293,-0.6112,1774036646000
okx,gate,WAXPUSDT,0.008344,0.008293,-0.6112,1774036647000
okx,gate,WAXPUSDT,0.008344,0.008293,-0.6112,1774036648000
okx,gate,WAXPUSDT,0.008344,0.008294,-0.5992,1774036649000
okx,gate,WAXPUSDT,0.008344,0.008294,-0.5992,1774036651000
okx,gate,WAXPUSDT,0.008344,0.0083,-0.5273,1774036664000
okx,gate,WAXPUSDT,0.008344,0.008303,-0.4914,1774036665000
okx,gate,WAXPUSDT,0.008344,0.008306,-0.4554,1774036668000
okx,gate,WAXPUSDT,0.008344,0.008306,-0.4554,1774036669000
okx,gate,WAXPUSDT,0.008346,0.008306,-0.4793,1774036680000
okx,gate,WAXPUSDT,0.008345,0.0083,-0.5392,1774036681000
okx,gate,WAXPUSDT,0.008346,0.0083,-0.5512,1774036682000
okx,gate,WAXPUSDT,0.008346,0.008305,-0.4913,1774036690000
okx,gate,WAXPUSDT,0.008346,0.00831,-0.4313,1774036691000
okx,gate,WAXPUSDT,0.008375,0.008313,-0.7403,1774036701000
okx,gate,WAXPUSDT,0.008376,0.00833,-0.5492,1774036702000
okx,gate,WAXPUSDT,0.008378,0.00833,-0.5729,1774036704000
okx,gate,WAXPUSDT,0.008377,0.00832,-0.6804,1774036706000
okx,gate,WAXPUSDT,0.008377,0.00832,-0.6804,1774036708000
okx,gate,WAXPUSDT,0.008384,0.008325,-0.7037,1774036709000
okx,gate,WAXPUSDT,0.008384,0.008325,-0.7037,1774036710000
okx,gate,WAXPUSDT,0.008384,0.008325,-0.7037,1774036711000
okx,gate,WAXPUSDT,0.008384,0.008327,-0.6799,1774036712000
okx,gate,WAXPUSDT,0.008384,0.008322,-0.7395,1774036713000
okx,gate,WAXPUSDT,0.008384,0.008323,-0.7276,1774036714000
okx,gate,WAXPUSDT,0.008384,0.008323,-0.7276,1774036715000
okx,gate,WAXPUSDT,0.008384,0.008323,-0.7276,1774036716000
okx,gate,WAXPUSDT,0.008384,0.008323,-0.7276,1774036717000
okx,gate,WAXPUSDT,0.008384,0.008323,-0.7276,1774036718000
okx,gate,WAXPUSDT,0.008384,0.008327,-0.6799,1774036719000
okx,gate,WAXPUSDT,0.008384,0.008324,-0.7156,1774036720000
okx,gate,WAXPUSDT,0.008384,0.008321,-0.7514,1774036721000
okx,gate,WAXPUSDT,0.008381,0.008319,-0.7398,1774036722000
okx,gate,WAXPUSDT,0.008381,0.008324,-0.6801,1774036723000
okx,gate,WAXPUSDT,0.008381,0.008327,-0.6443,1774036724000
okx,gate,WAXPUSDT,0.008381,0.008327,-0.6443,1774036725000
okx,gate,WAXPUSDT,0.008381,0.008327,-0.6443,1774036726000
okx,gate,WAXPUSDT,0.008381,0.008327,-0.6443,1774036727000
okx,gate,WAXPUSDT,0.008381,0.008327,-0.6443,1774036728000
okx,gate,WAXPUSDT,0.008381,0.008327,-0.6443,1774036729000
okx,gate,WAXPUSDT,0.008381,0.008327,-0.6443,1774036730000
okx,gate,WAXPUSDT,0.008381,0.008331,-0.5966,1774036731000
okx,gate,WAXPUSDT,0.008381,0.008331,-0.5966,1774036732000
okx,gate,WAXPUSDT,0.008381,0.008332,-0.5847,1774036733000
okx,gate,WAXPUSDT,0.008381,0.008345,-0.4295,1774036734000
okx,gate,WAXPUSDT,0.008386,0.008356,-0.3577,1774036735000
okx,gate,WAXPUSDT,0.008389,0.008357,-0.3815,1774036736000
okx,gate,WAXPUSDT,0.008389,0.008352,-0.4411,1774036737000
okx,gate,WAXPUSDT,0.008389,0.008352,-0.4411,1774036740000
okx,gate,WAXPUSDT,0.008389,0.008348,-0.4887,1774036746000
okx,gate,WAXPUSDT,0.008389,0.008348,-0.4887,1774036747000
okx,gate,WAXPUSDT,0.008396,0.008348,-0.5717,1774036748000
okx,gate,WAXPUSDT,0.008396,0.008352,-0.5241,1774036749000
okx,gate,WAXPUSDT,0.008396,0.008352,-0.5241,1774036750000
okx,gate,WAXPUSDT,0.008406,0.008352,-0.6424,1774036751000
okx,gate,WAXPUSDT,0.008406,0.008352,-0.6424,1774036752000
okx,gate,WAXPUSDT,0.008406,0.008355,-0.6067,1774036753000
okx,gate,WAXPUSDT,0.008406,0.008355,-0.6067,1774036754000
okx,gate,WAXPUSDT,0.008406,0.00836,-0.5472,1774036755000
okx,gate,WAXPUSDT,0.008406,0.008357,-0.5829,1774036756000
okx,gate,WAXPUSDT,0.008406,0.008357,-0.5829,1774036757000
okx,gate,WAXPUSDT,0.008406,0.008357,-0.5829,1774036758000
okx,gate,WAXPUSDT,0.008406,0.008357,-0.5829,1774036759000
okx,gate,WAXPUSDT,0.008406,0.008357,-0.5829,1774036760000
okx,gate,WAXPUSDT,0.008406,0.008357,-0.5829,1774036761000
okx,gate,WAXPUSDT,0.008407,0.008357,-0.5947,1774036762000
okx,gate,WAXPUSDT,0.008407,0.008357,-0.5947,1774036763000
okx,gate,WAXPUSDT,0.008407,0.008357,-0.5947,1774036764000
okx,gate,WAXPUSDT,0.008407,0.008357,-0.5947,1774036765000
okx,gate,WAXPUSDT,0.008407,0.008358,-0.5828,1774036766000
okx,gate,WAXPUSDT,0.008407,0.008358,-0.5828,1774036767000
okx,gate,WAXPUSDT,0.008407,0.008355,-0.6185,1774036768000
okx,gate,WAXPUSDT,0.008407,0.008355,-0.6185,1774036769000
okx,gate,WAXPUSDT,0.008407,0.008355,-0.6185,1774036770000
okx,gate,WAXPUSDT,0.008407,0.008355,-0.6185,1774036771000
okx,gate,WAXPUSDT,0.008407,0.008355,-0.6185,1774036777000
okx,gate,WAXPUSDT,0.008407,0.008355,-0.6185,1774036778000
okx,gate,WAXPUSDT,0.008407,0.00836,-0.5591,1774036779000
okx,gate,WAXPUSDT,0.008407,0.008363,-0.5234,1774036780000
okx,gate,WAXPUSDT,0.008407,0.008369,-0.452,1774036783000
okx,gate,WAXPUSDT,0.008408,0.008369,-0.4638,1774036784000
okx,gate,WAXPUSDT,0.008408,0.008369,-0.4638,1774036785000
okx,gate,WAXPUSDT,0.008407,0.008366,-0.4877,1774036786000
okx,gate,WAXPUSDT,0.008404,0.008357,-0.5593,1774036787000
okx,gate,WAXPUSDT,0.008397,0.008357,-0.4764,1774036788000
okx,gate,WAXPUSDT,0.008408,0.008367,-0.4876,1774036789000
okx,gate,WAXPUSDT,0.008407,0.00837,-0.4401,1774036790000
okx,gate,WAXPUSDT,0.008407,0.00837,-0.4401,1774036792000
okx,gate,WAXPUSDT,0.008406,0.008367,-0.464,1774036793000
okx,gate,WAXPUSDT,0.008403,0.008367,-0.4284,1774036794000
okx,gate,WAXPUSDT,0.008406,0.00837,-0.4283,1774036795000
okx,gate,WAXPUSDT,0.008406,0.008367,-0.464,1774036796000
okx,gate,WAXPUSDT,0.008406,0.008367,-0.464,1774036797000
okx,gate,WAXPUSDT,0.008402,0.008367,-0.4166,1774036798000
okx,gate,WAXPUSDT,0.008405,0.008375,-0.3569,1774036799000
okx,gate,WAXPUSDT,0.008407,0.008367,-0.4758,1774036800000
okx,gate,WAXPUSDT,0.0084,0.008343,-0.6786,1774036801000
okx,gate,WAXPUSDT,0.008392,0.00833,-0.7388,1774036802000
okx,gate,WAXPUSDT,0.008384,0.008328,-0.6679,1774036803000
okx,gate,WAXPUSDT,0.008384,0.008333,-0.6083,1774036805000
okx,gate,WAXPUSDT,0.008386,0.008333,-0.632,1774036806000
okx,gate,WAXPUSDT,0.008386,0.008329,-0.6797,1774036807000
okx,gate,WAXPUSDT,0.008382,0.008333,-0.5846,1774036808000
okx,gate,WAXPUSDT,0.008382,0.008323,-0.7039,1774036810000
okx,gate,WAXPUSDT,0.008382,0.008323,-0.7039,1774036811000
okx,gate,WAXPUSDT,0.008386,0.008337,-0.5843,1774036815000
okx,gate,WAXPUSDT,0.008385,0.008342,-0.5128,1774036816000
okx,gate,WAXPUSDT,0.008384,0.008331,-0.6322,1774036819000
okx,gate,WAXPUSDT,0.008384,0.008334,-0.5964,1774036821000
okx,gate,WAXPUSDT,0.008384,0.008334,-0.5964,1774036822000
okx,gate,WAXPUSDT,0.008386,0.008334,-0.6201,1774036823000
okx,gate,WAXPUSDT,0.008386,0.008334,-0.6201,1774036824000
okx,gate,WAXPUSDT,0.008386,0.008334,-0.6201,1774036825000
okx,gate,WAXPUSDT,0.008386,0.008334,-0.6201,1774036826000
okx,gate,WAXPUSDT,0.008386,0.008334,-0.6201,1774036827000
okx,gate,WAXPUSDT,0.008384,0.008334,-0.5964,1774036828000
okx,gate,WAXPUSDT,0.008382,0.008321,-0.7277,1774036837000
okx,gate,WAXPUSDT,0.008382,0.008321,-0.7277,1774036840000
okx,gate,WAXPUSDT,0.008382,0.008322,-0.7158,1774036841000
okx,gate,WAXPUSDT,0.008382,0.008321,-0.7277,1774036842000
okx,gate,WAXPUSDT,0.008382,0.008321,-0.7277,1774036845000
okx,gate,WAXPUSDT,0.008382,0.008321,-0.7277,1774036846000
okx,gate,WAXPUSDT,0.008382,0.008321,-0.7277,1774036847000
okx,gate,WAXPUSDT,0.008382,0.008321,-0.7277,1774036849000
okx,gate,WAXPUSDT,0.008382,0.008322,-0.7158,1774036852000
okx,gate,WAXPUSDT,0.008382,0.008322,-0.7158,1774036853000
okx,gate,WAXPUSDT,0.008382,0.008322,-0.7158,1774036854000
okx,gate,WAXPUSDT,0.008382,0.008328,-0.6442,1774036855000
okx,gate,WAXPUSDT,0.008382,0.008331,-0.6084,1774036860000
okx,gate,WAXPUSDT,0.008382,0.008328,-0.6442,1774036861000
okx,gate,WAXPUSDT,0.008382,0.008332,-0.5965,1774036867000
okx,gate,WAXPUSDT,0.00838,0.008332,-0.5728,1774036868000
okx,gate,WAXPUSDT,0.008374,0.008336,-0.4538,1774036870000
okx,gate,WAXPUSDT,0.008378,0.008341,-0.4416,1774036871000
okx,gate,WAXPUSDT,0.00838,0.008341,-0.4654,1774036874000
okx,gate,WAXPUSDT,0.00838,0.008338,-0.5012,1774036876000
okx,gate,WAXPUSDT,0.00838,0.008338,-0.5012,1774036877000
okx,gate,WAXPUSDT,0.008378,0.008341,-0.4416,1774036880000
okx,gate,WAXPUSDT,0.008381,0.008344,-0.4415,1774036882000
okx,gate,WAXPUSDT,0.008384,0.008344,-0.4771,1774036883000
okx,gate,WAXPUSDT,0.00838,0.008344,-0.4296,1774036884000
okx,gate,WAXPUSDT,0.008384,0.008341,-0.5129,1774036885000
okx,gate,WAXPUSDT,0.008376,0.008331,-0.5372,1774036886000
okx,gate,WAXPUSDT,0.008373,0.008331,-0.5016,1774036887000
okx,gate,WAXPUSDT,0.008371,0.008331,-0.4778,1774036888000
okx,gate,WAXPUSDT,0.008371,0.008331,-0.4778,1774036890000
okx,gate,WAXPUSDT,0.008371,0.008328,-0.5137,1774036892000
okx,gate,WAXPUSDT,0.008371,0.008328,-0.5137,1774036893000
okx,gate,WAXPUSDT,0.008371,0.008328,-0.5137,1774036895000
okx,gate,WAXPUSDT,0.008371,0.008328,-0.5137,1774036896000
okx,gate,WAXPUSDT,0.008371,0.008325,-0.5495,1774036904000
okx,gate,WAXPUSDT,0.008371,0.008326,-0.5376,1774036905000
okx,gate,WAXPUSDT,0.008371,0.008326,-0.5376,1774036906000
okx,gate,WAXPUSDT,0.008371,0.008326,-0.5376,1774036907000
okx,gate,WAXPUSDT,0.008371,0.008326,-0.5376,1774036908000
okx,gate,WAXPUSDT,0.008371,0.008321,-0.5973,1774036909000
okx,gate,WAXPUSDT,0.008383,0.008329,-0.6442,1774036911000
okx,gate,WAXPUSDT,0.008381,0.008327,-0.6443,1774036912000
okx,gate,WAXPUSDT,0.008382,0.008327,-0.6562,1774036913000
okx,gate,WAXPUSDT,0.008381,0.008327,-0.6443,1774036917000
okx,gate,WAXPUSDT,0.00838,0.008322,-0.6921,1774036918000
okx,gate,WAXPUSDT,0.00838,0.008324,-0.6683,1774036919000
okx,gate,WAXPUSDT,0.00838,0.008324,-0.6683,1774036920000
okx,gate,WAXPUSDT,0.00838,0.008332,-0.5728,1774036923000
okx,gate,WAXPUSDT,0.00838,0.008332,-0.5728,1774036924000
okx,gate,WAXPUSDT,0.008383,0.008332,-0.6084,1774036926000
okx,gate,WAXPUSDT,0.008381,0.008321,-0.7159,1774036935000
okx,gate,WAXPUSDT,0.008383,0.008321,-0.7396,1774036938000
okx,gate,WAXPUSDT,0.008381,0.008309,-0.8591,1774036941000
okx,gate,WAXPUSDT,0.008372,0.008307,-0.7764,1774036942000
okx,gate,WAXPUSDT,0.008367,0.008287,-0.9561,1774036943000
okx,gate,WAXPUSDT,0.008366,0.00829,-0.9084,1774036944000
okx,gate,WAXPUSDT,0.008363,0.008288,-0.8968,1774036949000
okx,gate,WAXPUSDT,0.008361,0.008309,-0.6219,1774036957000
okx,gate,WAXPUSDT,0.008361,0.008306,-0.6578,1774036958000
okx,gate,WAXPUSDT,0.008361,0.008307,-0.6459,1774036961000
okx,gate,WAXPUSDT,0.008361,0.008307,-0.6459,1774036963000
okx,gate,WAXPUSDT,0.008361,0.008333,-0.3349,1774036987000
okx,gate,WAXPUSDT,0.008362,0.008334,-0.3348,1774036989000
okx,gate,WAXPUSDT,0.008371,0.008334,-0.442,1774036991000
okx,gate,WAXPUSDT,0.008371,0.008334,-0.442,1774036992000
okx,gate,WAXPUSDT,0.008367,0.008334,-0.3944,1774036993000
okx,gate,WAXPUSDT,0.008371,0.008352,-0.227,1774036994000
okx,gate,WAXPUSDT,0.008381,0.008447,0.7875,1774036995000
okx,gate,WAXPUSDT,0.008377,0.008476,1.1818,1774036995729
okx,gate,WAXPUSDT,0.008375,0.008476,1.206,1774036996029
okx,gate,WAXPUSDT,0.008381,0.008467,1.0261,1774036996329
okx,gate,WAXPUSDT,0.008381,0.008471,1.0739,1774036996629
okx,gate,WAXPUSDT,0.008377,0.008491,1.3609,1774036996930
okx,gate,WAXPUSDT,0.008375,0.008503,1.5284,1774036997230
okx,gate,WAXPUSDT,0.008379,0.008498,1.4202,1774036997530
okx,gate,WAXPUSDT,0.008375,0.008503,1.5284,1774036997830
okx,gate,WAXPUSDT,0.008381,0.008501,1.4318,1774036998130
okx,gate,WAXPUSDT,0.008375,0.008508,1.5881,1774036998430
okx,gate,WAXPUSDT,0.008383,0.008518,1.6104,1774036998730
okx,gate,WAXPUSDT,0.008374,0.00859,2.5794,1774036999032
okx,gate,WAXPUSDT,0.00838,0.008565,2.2076,1774036999332
okx,gate,WAXPUSDT,0.008376,0.00856,2.1968,1774036999633
okx,gate,WAXPUSDT,0.008376,0.008558,2.1729,1774036999933
okx,gate,WAXPUSDT,0.008374,0.008563,2.257,1774037000233
okx,gate,WAXPUSDT,0.00838,0.008569,2.2554,1774037000534
okx,gate,WAXPUSDT,0.008378,0.008575,2.3514,1774037000834
okx,gate,WAXPUSDT,0.008376,0.008575,2.3758,1774037001134
okx,gate,WAXPUSDT,0.008376,0.00856,2.1968,1774037001434
okx,gate,WAXPUSDT,0.008383,0.008558,2.0876,1774037001734
okx,gate,WAXPUSDT,0.008391,0.008556,1.9664,1774037002034
okx,gate,WAXPUSDT,0.00849,0.008559,0.8127,1774037002335
okx,gate,WAXPUSDT,0.008489,0.008549,0.7068,1774037002635
okx,gate,WAXPUSDT,0.008487,0.008543,0.6598,1774037002936
okx,gate,WAXPUSDT,0.008484,0.008536,0.6129,1774037003236
okx,gate,WAXPUSDT,0.008534,0.008514,-0.2344,1774037003536
okx,gate,WAXPUSDT,0.008534,0.008484,-0.5859,1774037003836
okx,gate,WAXPUSDT,0.008551,0.008494,-0.6666,1774037004136
okx,gate,WAXPUSDT,0.008551,0.008482,-0.8069,1774037004436
okx,gate,WAXPUSDT,0.008542,0.00848,-0.7258,1774037004736
okx,gate,WAXPUSDT,0.008521,0.008478,-0.5046,1774037005037
okx,gate,WAXPUSDT,0.008518,0.008472,-0.54,1774037005337
okx,gate,WAXPUSDT,0.008518,0.008472,-0.54,1774037005637
okx,gate,WAXPUSDT,0.008533,0.008467,-0.7735,1774037005937
okx,gate,WAXPUSDT,0.008531,0.008468,-0.7385,1774037006237
okx,gate,WAXPUSDT,0.00853,0.008474,-0.6565,1774037006537
okx,gate,WAXPUSDT,0.00853,0.008476,-0.6331,1774037006838
okx,gate,WAXPUSDT,0.008537,0.008476,-0.7145,1774037007138
okx,gate,WAXPUSDT,0.008537,0.008489,-0.5623,1774037007438
okx,gate,WAXPUSDT,0.008537,0.008491,-0.5388,1774037007738
okx,gate,WAXPUSDT,0.008626,0.008497,-1.4955,1774037008039
okx,gate,WAXPUSDT,0.008596,0.008497,-1.1517,1774037008339
okx,gate,WAXPUSDT,0.008592,0.008509,-0.966,1774037008639
okx,gate,WAXPUSDT,0.008582,0.008511,-0.8273,1774037008940
okx,gate,WAXPUSDT,0.008582,0.008511,-0.8273,1774037009240
okx,gate,WAXPUSDT,0.008578,0.008509,-0.8044,1774037009541
okx,gate,WAXPUSDT,0.008579,0.00851,-0.8043,1774037009841
okx,gate,WAXPUSDT,0.008579,0.008505,-0.8626,1774037010141
okx,gate,WAXPUSDT,0.008577,0.008504,-0.8511,1774037010442
okx,gate,WAXPUSDT,0.008577,0.008505,-0.8395,1774037010742
okx,gate,WAXPUSDT,0.008577,0.0085,-0.8977,1774037011042
okx,gate,WAXPUSDT,0.008569,0.00848,-1.0386,1774037011342
okx,gate,WAXPUSDT,0.008568,0.00848,-1.0271,1774037011644
okx,gate,WAXPUSDT,0.008568,0.00848,-1.0271,1774037011944
okx,gate,WAXPUSDT,0.008569,0.00848,-1.0386,1774037012244
okx,gate,WAXPUSDT,0.008569,0.008476,-1.0853,1774037012544
okx,gate,WAXPUSDT,0.008569,0.008476,-1.0853,1774037012845
okx,gate,WAXPUSDT,0.008569,0.008476,-1.0853,1774037013145
okx,gate,WAXPUSDT,0.008567,0.008484,-0.9688,1774037013445
okx,gate,WAXPUSDT,0.008567,0.008487,-0.9338,1774037013746
okx,gate,WAXPUSDT,0.008564,0.008489,-0.8758,1774037014046
okx,gate,WAXPUSDT,0.008528,0.008489,-0.4573,1774037014346
okx,gate,WAXPUSDT,0.008528,0.008492,-0.4221,1774037014646
okx,gate,WAXPUSDT,0.008522,0.008492,-0.352,1774037014947
okx,gate,WAXPUSDT,0.008516,0.008487,-0.3405,1774037015247
okx,gate,WAXPUSDT,0.00851,0.008492,-0.2115,1774037015547
okx,gate,WAXPUSDT,0.00851,0.008487,-0.2703,1774037015848
okx,gate,WAXPUSDT,0.008509,0.008487,-0.2585,1774037016148
okx,gate,WAXPUSDT,0.008509,0.008487,-0.2585,1774037016448
okx,gate,WAXPUSDT,0.008509,0.008488,-0.2468,1774037016749
okx,gate,WAXPUSDT,0.008509,0.008488,-0.2468,1774037017049
okx,gate,WAXPUSDT,0.008509,0.008489,-0.235,1774037017349
okx,gate,WAXPUSDT,0.008509,0.008488,-0.2468,1774037017650
okx,gate,WAXPUSDT,0.008509,0.008488,-0.2468,1774037017951
okx,gate,WAXPUSDT,0.008509,0.008486,-0.2703,1774037018251
okx,gate,WAXPUSDT,0.008525,0.008486,-0.4575,1774037018551
okx,gate,WAXPUSDT,0.008532,0.008483,-0.5743,1774037018852
okx,gate,WAXPUSDT,0.008537,0.008471,-0.7731,1774037019152
okx,gate,WAXPUSDT,0.008537,0.008471,-0.7731,1774037019452
okx,gate,WAXPUSDT,0.008538,0.00847,-0.7964,1774037019752
okx,gate,WAXPUSDT,0.008538,0.00847,-0.7964,1774037020053
okx,gate,WAXPUSDT,0.008537,0.008476,-0.7145,1774037020353
okx,gate,WAXPUSDT,0.008537,0.008481,-0.656,1774037020653
okx,gate,WAXPUSDT,0.008523,0.008482,-0.4811,1774037020954
okx,gate,WAXPUSDT,0.008521,0.008482,-0.4577,1774037021255
okx,gate,WAXPUSDT,0.00852,0.008486,-0.3991,1774037021556
okx,gate,WAXPUSDT,0.008523,0.008493,-0.352,1774037021856
okx,gate,WAXPUSDT,0.008527,0.00849,-0.4339,1774037022157
okx,gate,WAXPUSDT,0.008529,0.008492,-0.4338,1774037022457
okx,gate,WAXPUSDT,0.008531,0.008492,-0.4572,1774037022757
okx,gate,WAXPUSDT,0.008531,0.008492,-0.4572,1774037023058
okx,gate,WAXPUSDT,0.008531,0.008492,-0.4572,1774037023358
okx,gate,WAXPUSDT,0.008531,0.008492,-0.4572,1774037023658
okx,gate,WAXPUSDT,0.008526,0.008492,-0.3988,1774037023959
okx,gate,WAXPUSDT,0.008526,0.008492,-0.3988,1774037024259
okx,gate,WAXPUSDT,0.00853,0.008492,-0.4455,1774037024559
okx,gate,WAXPUSDT,0.008523,0.008492,-0.3637,1774037024860
okx,gate,WAXPUSDT,0.00852,0.008492,-0.3286,1774037025160
okx,gate,WAXPUSDT,0.008518,0.008486,-0.3757,1774037025460
okx,gate,WAXPUSDT,0.008525,0.008486,-0.4575,1774037025760
okx,gate,WAXPUSDT,0.008525,0.008486,-0.4575,1774037026060
okx,gate,WAXPUSDT,0.008521,0.008486,-0.4107,1774037026361
okx,gate,WAXPUSDT,0.008528,0.008486,-0.4925,1774037026661
okx,gate,WAXPUSDT,0.00853,0.008486,-0.5158,1774037026961
okx,gate,WAXPUSDT,0.008528,0.00848,-0.5629,1774037027261
okx,gate,WAXPUSDT,0.008528,0.008479,-0.5746,1774037027562
okx,gate,WAXPUSDT,0.008531,0.008479,-0.6095,1774037027862
okx,gate,WAXPUSDT,0.00853,0.008476,-0.6331,1774037028162
okx,gate,WAXPUSDT,0.008528,0.008474,-0.6332,1774037028462
okx,gate,WAXPUSDT,0.008524,0.008474,-0.5866,1774037028763
okx,gate,WAXPUSDT,0.008524,0.008474,-0.5866,1774037029063
okx,gate,WAXPUSDT,0.008526,0.008474,-0.6099,1774037029363
okx,gate,WAXPUSDT,0.008522,0.008474,-0.5632,1774037029663
okx,gate,WAXPUSDT,0.008521,0.008469,-0.6103,1774037029964
okx,gate,WAXPUSDT,0.008516,0.008469,-0.5519,1774037030264
okx,gate,WAXPUSDT,0.008516,0.008469,-0.5519,1774037030565
okx,gate,WAXPUSDT,0.008518,0.008469,-0.5753,1774037030865
okx,gate,WAXPUSDT,0.008518,0.008469,-0.5753,1774037031166
okx,gate,WAXPUSDT,0.008519,0.00847,-0.5752,1774037031466
okx,gate,WAXPUSDT,0.008518,0.00847,-0.5635,1774037031766
okx,gate,WAXPUSDT,0.008516,0.00847,-0.5402,1774037032067
okx,gate,WAXPUSDT,0.008519,0.008473,-0.54,1774037032367
okx,gate,WAXPUSDT,0.008519,0.008474,-0.5282,1774037032667
okx,gate,WAXPUSDT,0.008518,0.008474,-0.5166,1774037032968
okx,gate,WAXPUSDT,0.008518,0.008474,-0.5166,1774037033269
okx,gate,WAXPUSDT,0.008518,0.008472,-0.54,1774037033569
okx,gate,WAXPUSDT,0.008518,0.00847,-0.5635,1774037033869
okx,gate,WAXPUSDT,0.00852,0.008481,-0.4577,1774037034170
okx,gate,WAXPUSDT,0.00852,0.008482,-0.446,1774037034470
okx,gate,WAXPUSDT,0.008521,0.008475,-0.5398,1774037034770
okx,gate,WAXPUSDT,0.008521,0.008475,-0.5398,1774037035071
okx,gate,WAXPUSDT,0.008525,0.008477,-0.563,1774037035372
okx,gate,WAXPUSDT,0.008525,0.008477,-0.563,1774037035672
okx,gate,WAXPUSDT,0.008524,0.008478,-0.5397,1774037035972
okx,gate,WAXPUSDT,0.008524,0.008478,-0.5397,1774037036272
okx,gate,WAXPUSDT,0.008526,0.008478,-0.563,1774037036573
okx,gate,WAXPUSDT,0.008524,0.008487,-0.4341,1774037036873
okx,gate,WAXPUSDT,0.008525,0.00849,-0.4106,1774037037173
okx,gate,WAXPUSDT,0.008526,0.008494,-0.3753,1774037037473
okx,gate,WAXPUSDT,0.008526,0.008494,-0.3753,1774037037773
okx,gate,WAXPUSDT,0.008526,0.008494,-0.3753,1774037038074
okx,gate,WAXPUSDT,0.008526,0.00849,-0.4222,1774037038374
okx,gate,WAXPUSDT,0.008533,0.00849,-0.5039,1774037038675
okx,gate,WAXPUSDT,0.008533,0.008482,-0.5977,1774037038975
okx,gate,WAXPUSDT,0.008529,0.008482,-0.5511,1774037039275
okx,gate,WAXPUSDT,0.008527,0.008482,-0.5277,1774037039575
okx,gate,WAXPUSDT,0.008525,0.008477,-0.563,1774037039876
okx,gate,WAXPUSDT,0.008524,0.008477,-0.5514,1774037040177
okx,gate,WAXPUSDT,0.008523,0.008477,-0.5397,1774037040493
okx,gate,WAXPUSDT,0.008524,0.008474,-0.5866,1774037040793
okx,gate,WAXPUSDT,0.008524,0.008468,-0.657,1774037041094
okx,gate,WAXPUSDT,0.008523,0.008468,-0.6453,1774037041394
okx,gate,WAXPUSDT,0.008521,0.008472,-0.575,1774037041694
okx,gate,WAXPUSDT,0.008521,0.008467,-0.6337,1774037041994
okx,gate,WAXPUSDT,0.008519,0.008467,-0.6104,1774037042295
okx,gate,WAXPUSDT,0.008519,0.008467,-0.6104,1774037042595
okx,gate,WAXPUSDT,0.008515,0.008467,-0.5637,1774037042895
okx,gate,WAXPUSDT,0.008517,0.00846,-0.6692,1774037043196
okx,gate,WAXPUSDT,0.008517,0.008466,-0.5988,1774037043496
okx,gate,WAXPUSDT,0.008517,0.008461,-0.6575,1774037043808
okx,gate,WAXPUSDT,0.008516,0.008461,-0.6458,1774037044108
okx,gate,WAXPUSDT,0.008516,0.008481,-0.411,1774037044408
okx,gate,WAXPUSDT,0.008515,0.008476,-0.458,1774037044709
okx,gate,WAXPUSDT,0.008516,0.008476,-0.4697,1774037045009
okx,gate,WAXPUSDT,0.008516,0.00847,-0.5402,1774037045309
okx,gate,WAXPUSDT,0.008515,0.00847,-0.5285,1774037045609
okx,gate,WAXPUSDT,0.008513,0.008461,-0.6108,1774037045910
okx,gate,WAXPUSDT,0.008514,0.00846,-0.6342,1774037046210
okx,gate,WAXPUSDT,0.008518,0.00846,-0.6809,1774037046512
okx,gate,WAXPUSDT,0.008517,0.00846,-0.6692,1774037046812
okx,gate,WAXPUSDT,0.008517,0.00846,-0.6692,1774037047112
okx,gate,WAXPUSDT,0.008518,0.008462,-0.6574,1774037047412
okx,gate,WAXPUSDT,0.008518,0.008462,-0.6574,1774037047713
okx,gate,WAXPUSDT,0.008517,0.008462,-0.6458,1774037048013
okx,gate,WAXPUSDT,0.008518,0.008462,-0.6574,1774037048313
okx,gate,WAXPUSDT,0.008518,0.008462,-0.6574,1774037048613
okx,gate,WAXPUSDT,0.008518,0.008464,-0.634,1774037048914
okx,gate,WAXPUSDT,0.008516,0.008464,-0.6106,1774037049214
okx,gate,WAXPUSDT,0.008516,0.008464,-0.6106,1774037049514
okx,gate,WAXPUSDT,0.008515,0.008464,-0.5989,1774037049814
okx,gate,WAXPUSDT,0.008512,0.008465,-0.5522,1774037050115
okx,gate,WAXPUSDT,0.008511,0.008465,-0.5405,1774037050415
okx,gate,WAXPUSDT,0.00851,0.00846,-0.5875,1774037050715
okx,gate,WAXPUSDT,0.008507,0.00846,-0.5525,1774037051016
okx,gate,WAXPUSDT,0.008507,0.008461,-0.5407,1774037051316
okx,gate,WAXPUSDT,0.008513,0.00846,-0.6226,1774037051616
okx,gate,WAXPUSDT,0.008512,0.008466,-0.5404,1774037051916
okx,gate,WAXPUSDT,0.008511,0.008468,-0.5052,1774037052217
okx,gate,WAXPUSDT,0.008512,0.008468,-0.5169,1774037052517
okx,gate,WAXPUSDT,0.008512,0.008468,-0.5169,1774037052817
okx,gate,WAXPUSDT,0.00851,0.00847,-0.47,1774037053117
okx,gate,WAXPUSDT,0.00851,0.008476,-0.3995,1774037053418
okx,gate,WAXPUSDT,0.008511,0.008481,-0.3525,1774037053718
okx,gate,WAXPUSDT,0.008512,0.008473,-0.4582,1774037054018
okx,gate,WAXPUSDT,0.008515,0.008473,-0.4932,1774037054319
okx,gate,WAXPUSDT,0.008514,0.008469,-0.5285,1774037054619
okx,gate,WAXPUSDT,0.008514,0.008469,-0.5285,1774037054920
okx,gate,WAXPUSDT,0.008514,0.008469,-0.5285,1774037055220
okx,gate,WAXPUSDT,0.008514,0.008469,-0.5285,1774037055521
okx,gate,WAXPUSDT,0.008514,0.008469,-0.5285,1774037055821
okx,gate,WAXPUSDT,0.008514,0.008469,-0.5285,1774037056122
okx,gate,WAXPUSDT,0.008514,0.008469,-0.5285,1774037056422
okx,gate,WAXPUSDT,0.008514,0.008469,-0.5285,1774037056722
okx,gate,WAXPUSDT,0.008514,0.008469,-0.5285,1774037057022
okx,gate,WAXPUSDT,0.008514,0.008469,-0.5285,1774037057323
okx,gate,WAXPUSDT,0.008514,0.008469,-0.5285,1774037057623
okx,gate,WAXPUSDT,0.008514,0.008467,-0.552,1774037057923
okx,gate,WAXPUSDT,0.008514,0.008467,-0.552,1774037058223
okx,gate,WAXPUSDT,0.008514,0.008466,-0.5638,1774037058523
okx,gate,WAXPUSDT,0.008514,0.008466,-0.5638,1774037058823
okx,gate,WAXPUSDT,0.008514,0.008468,-0.5403,1774037059124
okx,gate,WAXPUSDT,0.008514,0.008468,-0.5403,1774037059425
okx,gate,WAXPUSDT,0.008514,0.008468,-0.5403,1774037059725
okx,gate,WAXPUSDT,0.008514,0.008468,-0.5403,1774037060025
okx,gate,WAXPUSDT,0.008514,0.008467,-0.552,1774037060325
okx,gate,WAXPUSDT,0.008514,0.008467,-0.552,1774037060625
okx,gate,WAXPUSDT,0.008514,0.008467,-0.552,1774037060926
okx,gate,WAXPUSDT,0.008514,0.008468,-0.5403,1774037061226
okx,gate,WAXPUSDT,0.008514,0.008469,-0.5285,1774037061526
okx,gate,WAXPUSDT,0.008514,0.008469,-0.5285,1774037061826
okx,gate,WAXPUSDT,0.008514,0.008469,-0.5285,1774037062127
okx,gate,WAXPUSDT,0.008514,0.008469,-0.5285,1774037062427
okx,gate,WAXPUSDT,0.008514,0.00847,-0.5168,1774037062727
okx,gate,WAXPUSDT,0.008514,0.00847,-0.5168,1774037063028
okx,gate,WAXPUSDT,0.008514,0.00847,-0.5168,1774037063328
okx,gate,WAXPUSDT,0.008514,0.00847,-0.5168,1774037063628
okx,gate,WAXPUSDT,0.008514,0.008478,-0.4228,1774037063928
okx,gate,WAXPUSDT,0.008514,0.008487,-0.3171,1774037064228
okx,gate,WAXPUSDT,0.008514,0.008487,-0.3171,1774037064529
okx,gate,WAXPUSDT,0.008514,0.008487,-0.3171,1774037064829
okx,gate,WAXPUSDT,0.00853,0.008487,-0.5041,1774037065130
okx,gate,WAXPUSDT,0.00853,0.008487,-0.5041,1774037065430
okx,gate,WAXPUSDT,0.008528,0.008487,-0.4808,1774037065731
okx,gate,WAXPUSDT,0.008528,0.008487,-0.4808,1774037066032
okx,gate,WAXPUSDT,0.008528,0.008487,-0.4808,1774037066332
okx,gate,WAXPUSDT,0.008528,0.008482,-0.5394,1774037066632
okx,gate,WAXPUSDT,0.008528,0.008482,-0.5394,1774037066932
okx,gate,WAXPUSDT,0.008528,0.008482,-0.5394,1774037067232
okx,gate,WAXPUSDT,0.008529,0.008482,-0.5511,1774037067533
okx,gate,WAXPUSDT,0.008529,0.008482,-0.5511,1774037067833
okx,gate,WAXPUSDT,0.008528,0.008482,-0.5394,1774037068133
okx,gate,WAXPUSDT,0.008528,0.008482,-0.5394,1774037068433
okx,gate,WAXPUSDT,0.008528,0.00849,-0.4456,1774037068734
okx,gate,WAXPUSDT,0.008528,0.008491,-0.4339,1774037069034
okx,gate,WAXPUSDT,0.008528,0.008491,-0.4339,1774037069334
okx,gate,WAXPUSDT,0.008528,0.008491,-0.4339,1774037069635
okx,gate,WAXPUSDT,0.008528,0.008491,-0.4339,1774037069935
okx,gate,WAXPUSDT,0.008536,0.008491,-0.5272,1774037070235
okx,gate,WAXPUSDT,0.008535,0.008491,-0.5155,1774037070536
okx,gate,WAXPUSDT,0.008535,0.008487,-0.5624,1774037070836
okx,gate,WAXPUSDT,0.008535,0.008487,-0.5624,1774037071136
okx,gate,WAXPUSDT,0.008535,0.008487,-0.5624,1774037071436
okx,gate,WAXPUSDT,0.008535,0.008487,-0.5624,1774037071736
okx,gate,WAXPUSDT,0.008535,0.008491,-0.5155,1774037072037
okx,gate,WAXPUSDT,0.008535,0.008491,-0.5155,1774037072337
okx,gate,WAXPUSDT,0.008535,0.008491,-0.5155,1774037072638
okx,gate,WAXPUSDT,0.008535,0.008491,-0.5155,1774037072938
okx,gate,WAXPUSDT,0.008535,0.008491,-0.5155,1774037073238
okx,gate,WAXPUSDT,0.008535,0.008491,-0.5155,1774037073538
okx,gate,WAXPUSDT,0.008535,0.008491,-0.5155,1774037073838
okx,gate,WAXPUSDT,0.008535,0.008491,-0.5155,1774037074139
okx,gate,WAXPUSDT,0.008535,0.008491,-0.5155,1774037074439
okx,gate,WAXPUSDT,0.008535,0.008491,-0.5155,1774037074739
okx,gate,WAXPUSDT,0.008535,0.008491,-0.5155,1774037075043
okx,gate,WAXPUSDT,0.008535,0.008484,-0.5975,1774037075344
okx,gate,WAXPUSDT,0.008535,0.00849,-0.5272,1774037075646
okx,gate,WAXPUSDT,0.008535,0.008492,-0.5038,1774037075946
okx,gate,WAXPUSDT,0.008535,0.008492,-0.5038,1774037076246
okx,gate,WAXPUSDT,0.008535,0.008492,-0.5038,1774037076546
okx,gate,WAXPUSDT,0.008535,0.008492,-0.5038,1774037076847
okx,gate,WAXPUSDT,0.008535,0.008492,-0.5038,1774037077147
okx,gate,WAXPUSDT,0.008535,0.008492,-0.5038,1774037077447
okx,gate,WAXPUSDT,0.008535,0.008492,-0.5038,1774037077747
okx,gate,WAXPUSDT,0.008535,0.008492,-0.5038,1774037078048
okx,gate,WAXPUSDT,0.008535,0.008492,-0.5038,1774037078349
okx,gate,WAXPUSDT,0.008535,0.008483,-0.6093,1774037078649
okx,gate,WAXPUSDT,0.008535,0.008483,-0.6093,1774037078949
okx,gate,WAXPUSDT,0.008535,0.008483,-0.6093,1774037079249
okx,gate,WAXPUSDT,0.008535,0.008483,-0.6093,1774037079550
okx,gate,WAXPUSDT,0.00853,0.008483,-0.551,1774037079850
okx,gate,WAXPUSDT,0.00853,0.008483,-0.551,1774037080150
okx,gate,WAXPUSDT,0.00853,0.008483,-0.551,1774037080450
okx,gate,WAXPUSDT,0.00853,0.008483,-0.551,1774037080750
okx,gate,WAXPUSDT,0.008532,0.008483,-0.5743,1774037081051
okx,gate,WAXPUSDT,0.008532,0.008483,-0.5743,1774037081351
okx,gate,WAXPUSDT,0.008528,0.008483,-0.5277,1774037081651
okx,gate,WAXPUSDT,0.00853,0.008483,-0.551,1774037081952
okx,gate,WAXPUSDT,0.008529,0.008483,-0.5393,1774037082252
okx,gate,WAXPUSDT,0.008528,0.008483,-0.5277,1774037082552
okx,gate,WAXPUSDT,0.008528,0.008483,-0.5277,1774037082852
okx,gate,WAXPUSDT,0.008532,0.008484,-0.5626,1774037083153
okx,gate,WAXPUSDT,0.008532,0.008484,-0.5626,1774037083453
okx,gate,WAXPUSDT,0.008532,0.008483,-0.5743,1774037083753
okx,gate,WAXPUSDT,0.008534,0.008483,-0.5976,1774037084053
okx,gate,WAXPUSDT,0.008533,0.008481,-0.6094,1774037084354
okx,gate,WAXPUSDT,0.008532,0.008481,-0.5977,1774037084654
okx,gate,WAXPUSDT,0.008534,0.008481,-0.621,1774037084955
okx,gate,WAXPUSDT,0.008534,0.008481,-0.621,1774037085255
okx,gate,WAXPUSDT,0.008532,0.008481,-0.5977,1774037085555
okx,gate,WAXPUSDT,0.008533,0.008481,-0.6094,1774037085856
okx,gate,WAXPUSDT,0.008533,0.008481,-0.6094,1774037086156
okx,gate,WAXPUSDT,0.008532,0.008481,-0.5977,1774037086457
okx,gate,WAXPUSDT,0.008531,0.008482,-0.5744,1774037086757
okx,gate,WAXPUSDT,0.008528,0.008482,-0.5394,1774037087057
okx,gate,WAXPUSDT,0.008527,0.008482,-0.5277,1774037087358
okx,gate,WAXPUSDT,0.008533,0.008482,-0.5977,1774037087658
okx,gate,WAXPUSDT,0.008529,0.008482,-0.5511,1774037087958
okx,gate,WAXPUSDT,0.008529,0.008482,-0.5511,1774037088258
okx,gate,WAXPUSDT,0.008529,0.008481,-0.5628,1774037088559
okx,gate,WAXPUSDT,0.008529,0.008481,-0.5628,1774037088859
okx,gate,WAXPUSDT,0.008525,0.008481,-0.5161,1774037089160
okx,gate,WAXPUSDT,0.008523,0.008481,-0.4928,1774037089460
okx,gate,WAXPUSDT,0.008522,0.008481,-0.4811,1774037089760
okx,gate,WAXPUSDT,0.008522,0.008481,-0.4811,1774037090060
okx,gate,WAXPUSDT,0.008527,0.008481,-0.5395,1774037090360
okx,gate,WAXPUSDT,0.008524,0.00848,-0.5162,1774037090660
okx,gate,WAXPUSDT,0.008523,0.00848,-0.5045,1774037090960
okx,gate,WAXPUSDT,0.008523,0.00848,-0.5045,1774037091261
okx,gate,WAXPUSDT,0.008529,0.00848,-0.5745,1774037091561
okx,gate,WAXPUSDT,0.008528,0.00848,-0.5629,1774037091861
okx,gate,WAXPUSDT,0.008525,0.00848,-0.5279,1774037092162
okx,gate,WAXPUSDT,0.00853,0.008478,-0.6096,1774037092462
okx,gate,WAXPUSDT,0.00853,0.008478,-0.6096,1774037092762
okx,gate,WAXPUSDT,0.008528,0.008478,-0.5863,1774037093063
okx,gate,WAXPUSDT,0.008526,0.008478,-0.563,1774037093363
okx,gate,WAXPUSDT,0.008525,0.008478,-0.5513,1774037093663
okx,gate,WAXPUSDT,0.008533,0.008479,-0.6328,1774037093963
okx,gate,WAXPUSDT,0.00853,0.00848,-0.5862,1774037094264
okx,gate,WAXPUSDT,0.00853,0.00848,-0.5862,1774037094564
okx,gate,WAXPUSDT,0.008525,0.00847,-0.6452,1774037094865
okx,gate,WAXPUSDT,0.008525,0.00847,-0.6452,1774037095166
okx,gate,WAXPUSDT,0.00852,0.00847,-0.5869,1774037095466
okx,gate,WAXPUSDT,0.008518,0.00847,-0.5635,1774037095767
okx,gate,WAXPUSDT,0.00852,0.00847,-0.5869,1774037096067
okx,gate,WAXPUSDT,0.00852,0.00847,-0.5869,1774037096367
okx,gate,WAXPUSDT,0.00852,0.008472,-0.5634,1774037096668
okx,gate,WAXPUSDT,0.008518,0.008472,-0.54,1774037096969
okx,gate,WAXPUSDT,0.008518,0.008473,-0.5283,1774037097269
okx,gate,WAXPUSDT,0.008518,0.00847,-0.5635,1774037097570
okx,gate,WAXPUSDT,0.008518,0.008467,-0.5987,1774037097870
okx,gate,WAXPUSDT,0.008517,0.008468,-0.5753,1774037098170
okx,gate,WAXPUSDT,0.008517,0.008468,-0.5753,1774037098470
okx,gate,WAXPUSDT,0.008517,0.008468,-0.5753,1774037098771
okx,gate,WAXPUSDT,0.008517,0.008465,-0.6105,1774037099071
okx,gate,WAXPUSDT,0.008515,0.008465,-0.5872,1774037099371
okx,gate,WAXPUSDT,0.008515,0.008466,-0.5755,1774037099671
okx,gate,WAXPUSDT,0.008514,0.008467,-0.552,1774037099972
okx,gate,WAXPUSDT,0.008514,0.008467,-0.552,1774037100288
okx,gate,WAXPUSDT,0.008514,0.008467,-0.552,1774037100588
okx,gate,WAXPUSDT,0.008514,0.008467,-0.552,1774037100888
okx,gate,WAXPUSDT,0.008514,0.008467,-0.552,1774037101188
okx,gate,WAXPUSDT,0.008514,0.008467,-0.552,1774037101488
okx,gate,WAXPUSDT,0.008513,0.008469,-0.5169,1774037101789
okx,gate,WAXPUSDT,0.008511,0.008465,-0.5405,1774037102089
okx,gate,WAXPUSDT,0.00851,0.008462,-0.564,1774037102390
okx,gate,WAXPUSDT,0.008509,0.008462,-0.5524,1774037102690
okx,gate,WAXPUSDT,0.008514,0.008462,-0.6108,1774037102990
okx,gate,WAXPUSDT,0.008511,0.008463,-0.564,1774037103291
okx,gate,WAXPUSDT,0.008513,0.008463,-0.5873,1774037103591
okx,gate,WAXPUSDT,0.008512,0.008463,-0.5757,1774037103891
okx,gate,WAXPUSDT,0.008512,0.008463,-0.5757,1774037104191
okx,gate,WAXPUSDT,0.008512,0.008463,-0.5757,1774037104491
okx,gate,WAXPUSDT,0.008511,0.008469,-0.4935,1774037104792
okx,gate,WAXPUSDT,0.008511,0.008463,-0.564,1774037105092
okx,gate,WAXPUSDT,0.008513,0.008472,-0.4816,1774037105392
okx,gate,WAXPUSDT,0.008518,0.008472,-0.54,1774037105692
okx,gate,WAXPUSDT,0.008518,0.00848,-0.4461,1774037105992
okx,gate,WAXPUSDT,0.00852,0.008481,-0.4577,1774037106292
okx,gate,WAXPUSDT,0.00852,0.008481,-0.4577,1774037106592
okx,gate,WAXPUSDT,0.008524,0.008481,-0.5045,1774037106893
okx,gate,WAXPUSDT,0.008524,0.00849,-0.3989,1774037107193
okx,gate,WAXPUSDT,0.008525,0.00849,-0.4106,1774037107493
okx,gate,WAXPUSDT,0.008525,0.00849,-0.4106,1774037107796
okx,gate,WAXPUSDT,0.008525,0.00849,-0.4106,1774037108096
okx,gate,WAXPUSDT,0.008533,0.00849,-0.5039,1774037108397
okx,gate,WAXPUSDT,0.008533,0.008491,-0.4922,1774037108698
okx,gate,WAXPUSDT,0.008537,0.008491,-0.5388,1774037108998
okx,gate,WAXPUSDT,0.008535,0.008491,-0.5155,1774037109298
okx,gate,WAXPUSDT,0.008541,0.008491,-0.5854,1774037109598
okx,gate,WAXPUSDT,0.008541,0.008491,-0.5854,1774037109899
okx,gate,WAXPUSDT,0.008541,0.008491,-0.5854,1774037110199
okx,gate,WAXPUSDT,0.008541,0.008491,-0.5854,1774037110499
okx,gate,WAXPUSDT,0.008541,0.008491,-0.5854,1774037110799
okx,gate,WAXPUSDT,0.008541,0.008499,-0.4917,1774037111099
okx,gate,WAXPUSDT,0.008541,0.008504,-0.4332,1774037111400
okx,gate,WAXPUSDT,0.008541,0.008504,-0.4332,1774037111700
okx,gate,WAXPUSDT,0.008544,0.008504,-0.4682,1774037112002
okx,gate,WAXPUSDT,0.008545,0.008504,-0.4798,1774037112303
okx,gate,WAXPUSDT,0.008554,0.008504,-0.5845,1774037112603
okx,gate,WAXPUSDT,0.008549,0.008504,-0.5264,1774037112904
okx,gate,WAXPUSDT,0.008547,0.008495,-0.6084,1774037113204
okx,gate,WAXPUSDT,0.008547,0.008489,-0.6786,1774037113504
okx,gate,WAXPUSDT,0.008546,0.008487,-0.6904,1774037113804
okx,gate,WAXPUSDT,0.00854,0.008489,-0.5972,1774037114105
okx,gate,WAXPUSDT,0.008539,0.00849,-0.5738,1774037114405
okx,gate,WAXPUSDT,0.008538,0.008498,-0.4685,1774037114705
okx,gate,WAXPUSDT,0.008543,0.008498,-0.5267,1774037115005
okx,gate,WAXPUSDT,0.008545,0.008491,-0.6319,1774037115306
okx,gate,WAXPUSDT,0.008541,0.008494,-0.5503,1774037115607
okx,gate,WAXPUSDT,0.008541,0.008494,-0.5503,1774037115907
okx,gate,WAXPUSDT,0.008541,0.008484,-0.6674,1774037116207
okx,gate,WAXPUSDT,0.00854,0.008485,-0.644,1774037116507
okx,gate,WAXPUSDT,0.008538,0.008484,-0.6325,1774037116807
okx,gate,WAXPUSDT,0.008534,0.008484,-0.5859,1774037117107
okx,gate,WAXPUSDT,0.008533,0.008484,-0.5742,1774037117408
okx,gate,WAXPUSDT,0.008533,0.008484,-0.5742,1774037117708
okx,gate,WAXPUSDT,0.008533,0.008484,-0.5742,1774037118008
okx,gate,WAXPUSDT,0.008533,0.008484,-0.5742,1774037118308
okx,gate,WAXPUSDT,0.008533,0.008484,-0.5742,1774037118609
okx,gate,WAXPUSDT,0.008533,0.008484,-0.5742,1774037118909
okx,gate,WAXPUSDT,0.008534,0.008484,-0.5859,1774037119209
okx,gate,WAXPUSDT,0.008533,0.008484,-0.5742,1774037119509
okx,gate,WAXPUSDT,0.008532,0.008484,-0.5626,1774037119810
okx,gate,WAXPUSDT,0.008532,0.008484,-0.5626,1774037120110
okx,gate,WAXPUSDT,0.008531,0.008484,-0.5509,1774037120410
okx,gate,WAXPUSDT,0.008531,0.008484,-0.5509,1774037120711
okx,gate,WAXPUSDT,0.008531,0.008484,-0.5509,1774037121011
okx,gate,WAXPUSDT,0.00853,0.008484,-0.5393,1774037121311
okx,gate,WAXPUSDT,0.00853,0.008481,-0.5744,1774037121612
okx,gate,WAXPUSDT,0.008529,0.008481,-0.5628,1774037121912
okx,gate,WAXPUSDT,0.008529,0.008481,-0.5628,1774037122212
okx,gate,WAXPUSDT,0.008529,0.008481,-0.5628,1774037122512
okx,gate,WAXPUSDT,0.008529,0.008481,-0.5628,1774037122813
okx,gate,WAXPUSDT,0.008529,0.008481,-0.5628,1774037123113
okx,gate,WAXPUSDT,0.008532,0.008484,-0.5626,1774037123414
okx,gate,WAXPUSDT,0.008532,0.008484,-0.5626,1774037123714
okx,gate,WAXPUSDT,0.008532,0.008481,-0.5977,1774037124014
okx,gate,WAXPUSDT,0.00853,0.008481,-0.5744,1774037124314
okx,gate,WAXPUSDT,0.00853,0.008481,-0.5744,1774037124614
okx,gate,WAXPUSDT,0.008529,0.008481,-0.5628,1774037124915
okx,gate,WAXPUSDT,0.008529,0.008481,-0.5628,1774037125216
okx,gate,WAXPUSDT,0.008531,0.008481,-0.5861,1774037125516
okx,gate,WAXPUSDT,0.008531,0.008481,-0.5861,1774037125816
okx,gate,WAXPUSDT,0.008531,0.008481,-0.5861,1774037126117
okx,gate,WAXPUSDT,0.008527,0.00848,-0.5512,1774037126417
okx,gate,WAXPUSDT,0.008527,0.00848,-0.5512,1774037126718
okx,gate,WAXPUSDT,0.008527,0.008481,-0.5395,1774037127018
okx,gate,WAXPUSDT,0.008527,0.008481,-0.5395,1774037127318
okx,gate,WAXPUSDT,0.008527,0.008481,-0.5395,1774037127619
okx,gate,WAXPUSDT,0.008526,0.008481,-0.5278,1774037127919
okx,gate,WAXPUSDT,0.008527,0.008488,-0.4574,1774037128220
okx,gate,WAXPUSDT,0.008527,0.008488,-0.4574,1774037128520
okx,gate,WAXPUSDT,0.008534,0.008488,-0.539,1774037128821
okx,gate,WAXPUSDT,0.008539,0.008488,-0.5973,1774037129121
okx,gate,WAXPUSDT,0.008538,0.008488,-0.5856,1774037129422
okx,gate,WAXPUSDT,0.008538,0.008488,-0.5856,1774037129723
okx,gate,WAXPUSDT,0.008538,0.008492,-0.5388,1774037130023
okx,gate,WAXPUSDT,0.008536,0.008492,-0.5155,1774037130323
okx,gate,WAXPUSDT,0.008543,0.008492,-0.597,1774037130623
okx,gate,WAXPUSDT,0.008537,0.008481,-0.656,1774037130924
okx,gate,WAXPUSDT,0.008534,0.008481,-0.621,1774037131224
okx,gate,WAXPUSDT,0.008534,0.008481,-0.621,1774037131524
okx,gate,WAXPUSDT,0.008534,0.008487,-0.5507,1774037131825
okx,gate,WAXPUSDT,0.008534,0.008487,-0.5507,1774037132125
okx,gate,WAXPUSDT,0.008534,0.008481,-0.621,1774037132425
okx,gate,WAXPUSDT,0.008537,0.008481,-0.656,1774037132725
okx,gate,WAXPUSDT,0.008535,0.008481,-0.6327,1774037133025
okx,gate,WAXPUSDT,0.008535,0.008487,-0.5624,1774037133325
okx,gate,WAXPUSDT,0.008534,0.008481,-0.621,1774037133625
okx,gate,WAXPUSDT,0.008533,0.00848,-0.6211,1774037133926
okx,gate,WAXPUSDT,0.008533,0.00848,-0.6211,1774037134226
okx,gate,WAXPUSDT,0.008533,0.00848,-0.6211,1774037134526
okx,gate,WAXPUSDT,0.008533,0.008481,-0.6094,1774037134826
okx,gate,WAXPUSDT,0.00853,0.00848,-0.5862,1774037135127
okx,gate,WAXPUSDT,0.00853,0.00848,-0.5862,1774037135427
okx,gate,WAXPUSDT,0.00853,0.00848,-0.5862,1774037135728
okx,gate,WAXPUSDT,0.00853,0.00848,-0.5862,1774037136028
okx,gate,WAXPUSDT,0.008529,0.00848,-0.5745,1774037136329
okx,gate,WAXPUSDT,0.008529,0.00848,-0.5745,1774037136631
okx,gate,WAXPUSDT,0.008529,0.00848,-0.5745,1774037136931
okx,gate,WAXPUSDT,0.008529,0.008481,-0.5628,1774037137231
okx,gate,WAXPUSDT,0.008529,0.00848,-0.5745,1774037137531
okx,gate,WAXPUSDT,0.008529,0.00848,-0.5745,1774037137831
okx,gate,WAXPUSDT,0.008529,0.008481,-0.5628,1774037138132
okx,gate,WAXPUSDT,0.008529,0.008481,-0.5628,1774037138433
okx,gate,WAXPUSDT,0.008529,0.008481,-0.5628,1774037138733
okx,gate,WAXPUSDT,0.008529,0.008481,-0.5628,1774037139033
okx,gate,WAXPUSDT,0.008529,0.008481,-0.5628,1774037139334
okx,gate,WAXPUSDT,0.008529,0.008481,-0.5628,1774037139634
okx,gate,WAXPUSDT,0.008529,0.008481,-0.5628,1774037139934
okx,gate,WAXPUSDT,0.008529,0.00848,-0.5745,1774037140234
okx,gate,WAXPUSDT,0.008529,0.00848,-0.5745,1774037140535
okx,gate,WAXPUSDT,0.008529,0.00848,-0.5745,1774037140835
okx,gate,WAXPUSDT,0.008529,0.00848,-0.5745,1774037141135
okx,gate,WAXPUSDT,0.008529,0.00848,-0.5745,1774037141436
okx,gate,WAXPUSDT,0.00853,0.00848,-0.5862,1774037141736
okx,gate,WAXPUSDT,0.00853,0.00848,-0.5862,1774037142037
okx,gate,WAXPUSDT,0.008534,0.008484,-0.5859,1774037142337
okx,gate,WAXPUSDT,0.008533,0.008484,-0.5742,1774037142638
okx,gate,WAXPUSDT,0.008529,0.008484,-0.5276,1774037142938
okx,gate,WAXPUSDT,0.008535,0.008484,-0.5975,1774037143238
okx,gate,WAXPUSDT,0.008535,0.008484,-0.5975,1774037143538
okx,gate,WAXPUSDT,0.008531,0.00848,-0.5978,1774037143838
okx,gate,WAXPUSDT,0.008531,0.00848,-0.5978,1774037144138
okx,gate,WAXPUSDT,0.008534,0.00848,-0.6328,1774037144438
okx,gate,WAXPUSDT,0.008533,0.00848,-0.6211,1774037144739
okx,gate,WAXPUSDT,0.008532,0.00848,-0.6095,1774037145039
okx,gate,WAXPUSDT,0.008532,0.00848,-0.6095,1774037145339
okx,gate,WAXPUSDT,0.008528,0.008463,-0.7622,1774037145639
okx,gate,WAXPUSDT,0.008528,0.008464,-0.7505,1774037145940
okx,gate,WAXPUSDT,0.008528,0.008464,-0.7505,1774037146240
okx,gate,WAXPUSDT,0.008528,0.008464,-0.7505,1774037146540
okx,gate,WAXPUSDT,0.008528,0.008464,-0.7505,1774037146840
okx,gate,WAXPUSDT,0.008527,0.008464,-0.7388,1774037147141
okx,gate,WAXPUSDT,0.008527,0.008464,-0.7388,1774037147441
okx,gate,WAXPUSDT,0.008527,0.008465,-0.7271,1774037147741
okx,gate,WAXPUSDT,0.008527,0.008471,-0.6567,1774037148041
okx,gate,WAXPUSDT,0.008527,0.008471,-0.6567,1774037148342
okx,gate,WAXPUSDT,0.008527,0.008471,-0.6567,1774037148642
okx,gate,WAXPUSDT,0.008527,0.008471,-0.6567,1774037148942
okx,gate,WAXPUSDT,0.008527,0.008471,-0.6567,1774037149243
okx,gate,WAXPUSDT,0.008527,0.008471,-0.6567,1774037149543
okx,gate,WAXPUSDT,0.008527,0.008471,-0.6567,1774037149844
okx,gate,WAXPUSDT,0.008527,0.008471,-0.6567,1774037150144
okx,gate,WAXPUSDT,0.008527,0.008466,-0.7154,1774037150445
okx,gate,WAXPUSDT,0.008527,0.008466,-0.7154,1774037150745
okx,gate,WAXPUSDT,0.008527,0.008464,-0.7388,1774037151045
okx,gate,WAXPUSDT,0.008527,0.008465,-0.7271,1774037151345
okx,gate,WAXPUSDT,0.008526,0.008467,-0.692,1774037151646
okx,gate,WAXPUSDT,0.008526,0.008465,-0.7155,1774037151946
okx,gate,WAXPUSDT,0.008526,0.008465,-0.7155,1774037152246
okx,gate,WAXPUSDT,0.008526,0.008465,-0.7155,1774037152547
okx,gate,WAXPUSDT,0.008526,0.008465,-0.7155,1774037152847
okx,gate,WAXPUSDT,0.008528,0.008465,-0.7387,1774037153148
okx,gate,WAXPUSDT,0.008525,0.008467,-0.6804,1774037153448
okx,gate,WAXPUSDT,0.008521,0.008467,-0.6337,1774037153748
okx,gate,WAXPUSDT,0.008518,0.008467,-0.5987,1774037154048
okx,gate,WAXPUSDT,0.008517,0.008467,-0.5871,1774037154349
okx,gate,WAXPUSDT,0.008517,0.008467,-0.5871,1774037154649
okx,gate,WAXPUSDT,0.008517,0.008467,-0.5871,1774037154949
okx,gate,WAXPUSDT,0.008517,0.008467,-0.5871,1774037155250
okx,gate,WAXPUSDT,0.008517,0.008467,-0.5871,1774037155550
okx,gate,WAXPUSDT,0.008517,0.008467,-0.5871,1774037155851
okx,gate,WAXPUSDT,0.008517,0.008474,-0.5049,1774037156151
okx,gate,WAXPUSDT,0.008518,0.008474,-0.5166,1774037156452
okx,gate,WAXPUSDT,0.008518,0.008474,-0.5166,1774037156752
okx,gate,WAXPUSDT,0.008518,0.008474,-0.5166,1774037157052
okx,gate,WAXPUSDT,0.008518,0.008474,-0.5166,1774037157352
okx,gate,WAXPUSDT,0.008518,0.008474,-0.5166,1774037157653
okx,gate,WAXPUSDT,0.008518,0.008474,-0.5166,1774037157953
okx,gate,WAXPUSDT,0.008518,0.008474,-0.5166,1774037158253
okx,gate,WAXPUSDT,0.00852,0.008474,-0.5399,1774037158554
okx,gate,WAXPUSDT,0.008518,0.008474,-0.5166,1774037158854
okx,gate,WAXPUSDT,0.008518,0.008473,-0.5283,1774037159154
okx,gate,WAXPUSDT,0.008518,0.008473,-0.5283,1774037159454
okx,gate,WAXPUSDT,0.008518,0.008473,-0.5283,1774037159755
okx,gate,WAXPUSDT,0.008518,0.008473,-0.5283,1774037160055
okx,gate,WAXPUSDT,0.008518,0.008474,-0.5166,1774037160355
okx,gate,WAXPUSDT,0.008518,0.008473,-0.5283,1774037160655
okx,gate,WAXPUSDT,0.008521,0.008466,-0.6455,1774037160955
okx,gate,WAXPUSDT,0.008517,0.008467,-0.5871,1774037161256
okx,gate,WAXPUSDT,0.008517,0.008467,-0.5871,1774037161556
okx,gate,WAXPUSDT,0.008517,0.008473,-0.5166,1774037161856
okx,gate,WAXPUSDT,0.008518,0.008476,-0.4931,1774037162156
okx,gate,WAXPUSDT,0.008526,0.008482,-0.5161,1774037162456
okx,gate,WAXPUSDT,0.008526,0.008476,-0.5864,1774037162757
okx,gate,WAXPUSDT,0.008526,0.008476,-0.5864,1774037163057
okx,gate,WAXPUSDT,0.008526,0.008477,-0.5747,1774037163357
okx,gate,WAXPUSDT,0.008527,0.008479,-0.5629,1774037163657
okx,gate,WAXPUSDT,0.008523,0.008477,-0.5397,1774037163957
okx,gate,WAXPUSDT,0.008523,0.008477,-0.5397,1774037164257
okx,gate,WAXPUSDT,0.008523,0.008477,-0.5397,1774037164557
okx,gate,WAXPUSDT,0.008523,0.008477,-0.5397,1774037164858
okx,gate,WAXPUSDT,0.008523,0.008477,-0.5397,1774037165159
okx,gate,WAXPUSDT,0.008523,0.008477,-0.5397,1774037165459
okx,gate,WAXPUSDT,0.008523,0.008477,-0.5397,1774037165760
okx,gate,WAXPUSDT,0.008522,0.008477,-0.528,1774037166060
okx,gate,WAXPUSDT,0.008522,0.008476,-0.5398,1774037166360
okx,gate,WAXPUSDT,0.00852,0.008476,-0.5164,1774037166660
okx,gate,WAXPUSDT,0.00852,0.008476,-0.5164,1774037166960
okx,gate,WAXPUSDT,0.008518,0.008476,-0.4931,1774037167261
okx,gate,WAXPUSDT,0.008519,0.008476,-0.5048,1774037167562
okx,gate,WAXPUSDT,0.008519,0.008476,-0.5048,1774037167862
okx,gate,WAXPUSDT,0.008519,0.008476,-0.5048,1774037168162
okx,gate,WAXPUSDT,0.008521,0.008476,-0.5281,1774037168462
okx,gate,WAXPUSDT,0.008521,0.008476,-0.5281,1774037168762
okx,gate,WAXPUSDT,0.008521,0.008476,-0.5281,1774037169063
okx,gate,WAXPUSDT,0.008521,0.008476,-0.5281,1774037169363
okx,gate,WAXPUSDT,0.008521,0.008476,-0.5281,1774037169663
okx,gate,WAXPUSDT,0.008521,0.008476,-0.5281,1774037169963
okx,gate,WAXPUSDT,0.008521,0.008476,-0.5281,1774037170263
okx,gate,WAXPUSDT,0.008521,0.008476,-0.5281,1774037170564
okx,gate,WAXPUSDT,0.008521,0.008476,-0.5281,1774037170864
okx,gate,WAXPUSDT,0.008521,0.008476,-0.5281,1774037171164
okx,gate,WAXPUSDT,0.008521,0.008476,-0.5281,1774037171464
okx,gate,WAXPUSDT,0.008521,0.008476,-0.5281,1774037171765
okx,gate,WAXPUSDT,0.008521,0.008476,-0.5281,1774037172065
okx,gate,WAXPUSDT,0.008521,0.008476,-0.5281,1774037172365
okx,gate,WAXPUSDT,0.008521,0.008476,-0.5281,1774037172665
okx,gate,WAXPUSDT,0.008521,0.008476,-0.5281,1774037172965
okx,gate,WAXPUSDT,0.008521,0.008476,-0.5281,1774037173266
okx,gate,WAXPUSDT,0.008521,0.008476,-0.5281,1774037173567
okx,gate,WAXPUSDT,0.008521,0.008476,-0.5281,1774037173867
okx,gate,WAXPUSDT,0.008521,0.008476,-0.5281,1774037174168
okx,gate,WAXPUSDT,0.008521,0.008476,-0.5281,1774037174468
okx,gate,WAXPUSDT,0.008521,0.008476,-0.5281,1774037174768
okx,gate,WAXPUSDT,0.008521,0.008476,-0.5281,1774037175068
okx,gate,WAXPUSDT,0.008521,0.008482,-0.4577,1774037175369
okx,gate,WAXPUSDT,0.008521,0.008482,-0.4577,1774037175669
okx,gate,WAXPUSDT,0.008521,0.008482,-0.4577,1774037175969
okx,gate,WAXPUSDT,0.008521,0.008482,-0.4577,1774037176270
okx,gate,WAXPUSDT,0.008521,0.008482,-0.4577,1774037176570
okx,gate,WAXPUSDT,0.008521,0.008477,-0.5164,1774037176870
okx,gate,WAXPUSDT,0.008521,0.008477,-0.5164,1774037177170
okx,gate,WAXPUSDT,0.008521,0.008474,-0.5516,1774037177470
okx,gate,WAXPUSDT,0.00852,0.008477,-0.5047,1774037177770
okx,gate,WAXPUSDT,0.00852,0.008477,-0.5047,1774037178071
okx,gate,WAXPUSDT,0.00852,0.008475,-0.5282,1774037178371
okx,gate,WAXPUSDT,0.00852,0.008476,-0.5164,1774037178671
okx,gate,WAXPUSDT,0.00852,0.008476,-0.5164,1774037178972
okx,gate,WAXPUSDT,0.00852,0.008476,-0.5164,1774037179272
okx,gate,WAXPUSDT,0.008521,0.008476,-0.5281,1774037179572
okx,gate,WAXPUSDT,0.008521,0.008476,-0.5281,1774037179875
okx,gate,WAXPUSDT,0.008521,0.008475,-0.5398,1774037180175
okx,gate,WAXPUSDT,0.008521,0.008475,-0.5398,1774037180476
okx,gate,WAXPUSDT,0.008521,0.008475,-0.5398,1774037180776
okx,gate,WAXPUSDT,0.008521,0.008479,-0.4929,1774037181076
okx,gate,WAXPUSDT,0.008521,0.008479,-0.4929,1774037181377
okx,gate,WAXPUSDT,0.008521,0.008479,-0.4929,1774037181677
okx,gate,WAXPUSDT,0.008521,0.008477,-0.5164,1774037181977
okx,gate,WAXPUSDT,0.008521,0.008477,-0.5164,1774037182277
okx,gate,WAXPUSDT,0.008521,0.008473,-0.5633,1774037182578
okx,gate,WAXPUSDT,0.008521,0.008475,-0.5398,1774037182878
okx,gate,WAXPUSDT,0.008519,0.008478,-0.4813,1774037183179
okx,gate,WAXPUSDT,0.008521,0.008478,-0.5046,1774037183479
okx,gate,WAXPUSDT,0.008521,0.008478,-0.5046,1774037183779
okx,gate,WAXPUSDT,0.008521,0.008475,-0.5398,1774037184079
okx,gate,WAXPUSDT,0.008521,0.008476,-0.5281,1774037184380
okx,gate,WAXPUSDT,0.008521,0.008476,-0.5281,1774037184680
okx,gate,WAXPUSDT,0.008521,0.008476,-0.5281,1774037184981
okx,gate,WAXPUSDT,0.008521,0.008476,-0.5281,1774037185282
okx,gate,WAXPUSDT,0.008521,0.008477,-0.5164,1774037185582
okx,gate,WAXPUSDT,0.008521,0.008477,-0.5164,1774037185883
okx,gate,WAXPUSDT,0.008521,0.008478,-0.5046,1774037186183
okx,gate,WAXPUSDT,0.008521,0.008478,-0.5046,1774037186484
okx,gate,WAXPUSDT,0.008521,0.008483,-0.446,1774037186784
okx,gate,WAXPUSDT,0.008521,0.008487,-0.399,1774037187084
okx,gate,WAXPUSDT,0.008521,0.008486,-0.4107,1774037187385
okx,gate,WAXPUSDT,0.008521,0.008488,-0.3873,1774037187685
okx,gate,WAXPUSDT,0.008521,0.008488,-0.3873,1774037187985
okx,gate,WAXPUSDT,0.008521,0.008494,-0.3169,1774037188286
okx,gate,WAXPUSDT,0.008521,0.008492,-0.3403,1774037188587
okx,gate,WAXPUSDT,0.008521,0.008492,-0.3403,1774037188887
okx,gate,WAXPUSDT,0.008521,0.008483,-0.446,1774037189187
okx,gate,WAXPUSDT,0.008521,0.008483,-0.446,1774037189487
okx,gate,WAXPUSDT,0.008521,0.008488,-0.3873,1774037189787
okx,gate,WAXPUSDT,0.008521,0.008488,-0.3873,1774037190087
okx,gate,WAXPUSDT,0.008521,0.008488,-0.3873,1774037190388
okx,gate,WAXPUSDT,0.008521,0.008488,-0.3873,1774037190688
okx,gate,WAXPUSDT,0.008521,0.008488,-0.3873,1774037190988
okx,gate,WAXPUSDT,0.008521,0.008488,-0.3873,1774037191289
okx,gate,WAXPUSDT,0.008521,0.008488,-0.3873,1774037191589
okx,gate,WAXPUSDT,0.008521,0.008488,-0.3873,1774037191889
okx,gate,WAXPUSDT,0.008521,0.008488,-0.3873,1774037192189
okx,gate,WAXPUSDT,0.008521,0.008486,-0.4107,1774037192489
okx,gate,WAXPUSDT,0.008521,0.008486,-0.4107,1774037192790
okx,gate,WAXPUSDT,0.008521,0.008486,-0.4107,1774037193090
okx,gate,WAXPUSDT,0.008521,0.008486,-0.4107,1774037193390
okx,gate,WAXPUSDT,0.008521,0.008486,-0.4107,1774037193690
okx,gate,WAXPUSDT,0.008521,0.008486,-0.4107,1774037193991
okx,gate,WAXPUSDT,0.008521,0.008486,-0.4107,1774037194291
okx,gate,WAXPUSDT,0.008521,0.008486,-0.4107,1774037194592
okx,gate,WAXPUSDT,0.008521,0.008486,-0.4107,1774037194892
okx,gate,WAXPUSDT,0.008521,0.008486,-0.4107,1774037195192
okx,gate,WAXPUSDT,0.008521,0.008486,-0.4107,1774037195493
okx,gate,WAXPUSDT,0.008521,0.008486,-0.4107,1774037195793
okx,gate,WAXPUSDT,0.008521,0.00849,-0.3638,1774037196093
okx,gate,WAXPUSDT,0.008521,0.00849,-0.3638,1774037196393
okx,gate,WAXPUSDT,0.008521,0.00849,-0.3638,1774037196693
okx,gate,WAXPUSDT,0.008521,0.00849,-0.3638,1774037196993
okx,gate,WAXPUSDT,0.008521,0.00849,-0.3638,1774037197293
okx,gate,WAXPUSDT,0.008521,0.00849,-0.3638,1774037197595
okx,gate,WAXPUSDT,0.008521,0.008486,-0.4107,1774037197895
okx,gate,WAXPUSDT,0.008521,0.008486,-0.4107,1774037198195
okx,gate,WAXPUSDT,0.008521,0.008486,-0.4107,1774037198495
okx,gate,WAXPUSDT,0.008523,0.008486,-0.4341,1774037198795
okx,gate,WAXPUSDT,0.00853,0.008486,-0.5158,1774037199095
okx,gate,WAXPUSDT,0.008529,0.008486,-0.5042,1774037199395
okx,gate,WAXPUSDT,0.008529,0.008486,-0.5042,1774037199695
okx,gate,WAXPUSDT,0.008529,0.008486,-0.5042,1774037199996
okx,gate,WAXPUSDT,0.008531,0.008486,-0.5275,1774037200296
okx,gate,WAXPUSDT,0.00853,0.008486,-0.5158,1774037200596
okx,gate,WAXPUSDT,0.00853,0.008486,-0.5158,1774037200896
okx,gate,WAXPUSDT,0.008529,0.008486,-0.5042,1774037201196
okx,gate,WAXPUSDT,0.008531,0.008486,-0.5275,1774037201496
okx,gate,WAXPUSDT,0.00853,0.008486,-0.5158,1774037201798
okx,gate,WAXPUSDT,0.008529,0.008486,-0.5042,1774037202098
okx,gate,WAXPUSDT,0.008529,0.008486,-0.5042,1774037202398
okx,gate,WAXPUSDT,0.008529,0.008486,-0.5042,1774037202699
okx,gate,WAXPUSDT,0.008531,0.008486,-0.5275,1774037202999
okx,gate,WAXPUSDT,0.008531,0.008486,-0.5275,1774037203299
okx,gate,WAXPUSDT,0.008531,0.008486,-0.5275,1774037203600
okx,gate,WAXPUSDT,0.008531,0.008486,-0.5275,1774037203900
okx,gate,WAXPUSDT,0.008531,0.008486,-0.5275,1774037204200
okx,gate,WAXPUSDT,0.00853,0.008486,-0.5158,1774037204500
okx,gate,WAXPUSDT,0.00853,0.008486,-0.5158,1774037204800
okx,gate,WAXPUSDT,0.00853,0.008486,-0.5158,1774037205101
okx,gate,WAXPUSDT,0.008529,0.008486,-0.5042,1774037205401
okx,gate,WAXPUSDT,0.008529,0.008486,-0.5042,1774037205701
okx,gate,WAXPUSDT,0.008528,0.008486,-0.4925,1774037206001
okx,gate,WAXPUSDT,0.008528,0.008486,-0.4925,1774037206302
okx,gate,WAXPUSDT,0.008528,0.008477,-0.598,1774037206602
okx,gate,WAXPUSDT,0.008528,0.008477,-0.598,1774037206902
okx,gate,WAXPUSDT,0.008523,0.008477,-0.5397,1774037207203
okx,gate,WAXPUSDT,0.008523,0.008477,-0.5397,1774037207503
okx,gate,WAXPUSDT,0.008523,0.008477,-0.5397,1774037207803
okx,gate,WAXPUSDT,0.008523,0.008477,-0.5397,1774037208104
okx,gate,WAXPUSDT,0.008523,0.008478,-0.528,1774037208404
okx,gate,WAXPUSDT,0.008523,0.008478,-0.528,1774037208704
okx,gate,WAXPUSDT,0.008523,0.008478,-0.528,1774037209004
okx,gate,WAXPUSDT,0.008523,0.008475,-0.5632,1774037209304
okx,gate,WAXPUSDT,0.008523,0.008475,-0.5632,1774037209605
okx,gate,WAXPUSDT,0.008522,0.008475,-0.5515,1774037209905
okx,gate,WAXPUSDT,0.008522,0.008483,-0.4576,1774037210205
okx,gate,WAXPUSDT,0.008522,0.008483,-0.4576,1774037210505
okx,gate,WAXPUSDT,0.008522,0.008483,-0.4576,1774037210805
okx,gate,WAXPUSDT,0.008522,0.008483,-0.4576,1774037211105
okx,gate,WAXPUSDT,0.008522,0.008475,-0.5515,1774037211406
okx,gate,WAXPUSDT,0.008522,0.008475,-0.5515,1774037211706
okx,gate,WAXPUSDT,0.008522,0.008475,-0.5515,1774037212007
okx,gate,WAXPUSDT,0.008522,0.008475,-0.5515,1774037212307
okx,gate,WAXPUSDT,0.008522,0.008475,-0.5515,1774037212607
okx,gate,WAXPUSDT,0.008522,0.008475,-0.5515,1774037212907
okx,gate,WAXPUSDT,0.008522,0.008475,-0.5515,1774037213207
okx,gate,WAXPUSDT,0.008522,0.008475,-0.5515,1774037213508
okx,gate,WAXPUSDT,0.008522,0.008475,-0.5515,1774037213808
okx,gate,WAXPUSDT,0.008522,0.008475,-0.5515,1774037214108
okx,gate,WAXPUSDT,0.008522,0.008475,-0.5515,1774037214408
okx,gate,WAXPUSDT,0.008522,0.008475,-0.5515,1774037214709
okx,gate,WAXPUSDT,0.008522,0.008475,-0.5515,1774037215009
okx,gate,WAXPUSDT,0.008522,0.008476,-0.5398,1774037215310
okx,gate,WAXPUSDT,0.008522,0.008476,-0.5398,1774037215610
okx,gate,WAXPUSDT,0.008522,0.008476,-0.5398,1774037215911
okx,gate,WAXPUSDT,0.008522,0.008483,-0.4576,1774037216211
okx,gate,WAXPUSDT,0.008522,0.008483,-0.4576,1774037216512
okx,gate,WAXPUSDT,0.008522,0.008476,-0.5398,1774037216812
okx,gate,WAXPUSDT,0.008522,0.008476,-0.5398,1774037217113
okx,gate,WAXPUSDT,0.008524,0.008477,-0.5514,1774037217413
okx,gate,WAXPUSDT,0.008524,0.008477,-0.5514,1774037217713
okx,gate,WAXPUSDT,0.008524,0.008477,-0.5514,1774037218014
okx,gate,WAXPUSDT,0.008524,0.008477,-0.5514,1774037218314
okx,gate,WAXPUSDT,0.008524,0.008477,-0.5514,1774037218615
okx,gate,WAXPUSDT,0.008524,0.008477,-0.5514,1774037218915
okx,gate,WAXPUSDT,0.008524,0.008477,-0.5514,1774037219216
okx,gate,WAXPUSDT,0.008524,0.008477,-0.5514,1774037219517
okx,gate,WAXPUSDT,0.008524,0.008477,-0.5514,1774037219817
okx,gate,WAXPUSDT,0.008524,0.008478,-0.5397,1774037220118
okx,gate,WAXPUSDT,0.008524,0.008478,-0.5397,1774037220418
okx,gate,WAXPUSDT,0.008524,0.008476,-0.5631,1774037220719
okx,gate,WAXPUSDT,0.008524,0.008475,-0.5748,1774037221019
okx,gate,WAXPUSDT,0.008524,0.008475,-0.5748,1774037221319
okx,gate,WAXPUSDT,0.008524,0.008475,-0.5748,1774037221619
okx,gate,WAXPUSDT,0.008524,0.008475,-0.5748,1774037221920
okx,gate,WAXPUSDT,0.008524,0.008475,-0.5748,1774037222220
okx,gate,WAXPUSDT,0.008524,0.008475,-0.5748,1774037222520
okx,gate,WAXPUSDT,0.008524,0.008475,-0.5748,1774037222820
okx,gate,WAXPUSDT,0.008524,0.008475,-0.5748,1774037223120
okx,gate,WAXPUSDT,0.008524,0.008475,-0.5748,1774037223420
okx,gate,WAXPUSDT,0.008524,0.008475,-0.5748,1774037223720
okx,gate,WAXPUSDT,0.008524,0.008474,-0.5866,1774037224021
okx,gate,WAXPUSDT,0.008524,0.008466,-0.6804,1774037224321
okx,gate,WAXPUSDT,0.008518,0.008466,-0.6105,1774037224621
okx,gate,WAXPUSDT,0.008515,0.008466,-0.5755,1774037224921
okx,gate,WAXPUSDT,0.008516,0.00846,-0.6576,1774037225221
okx,gate,WAXPUSDT,0.008515,0.00846,-0.6459,1774037225521
okx,gate,WAXPUSDT,0.008516,0.00846,-0.6576,1774037225822
okx,gate,WAXPUSDT,0.008511,0.00846,-0.5992,1774037226122
okx,gate,WAXPUSDT,0.008511,0.008452,-0.6932,1774037226422
okx,gate,WAXPUSDT,0.008509,0.008452,-0.6699,1774037226722
okx,gate,WAXPUSDT,0.008509,0.008444,-0.7639,1774037227023
okx,gate,WAXPUSDT,0.008509,0.008432,-0.9049,1774037227323
okx,gate,WAXPUSDT,0.008487,0.008435,-0.6127,1774037227623
okx,gate,WAXPUSDT,0.008487,0.008441,-0.542,1774037227923
okx,gate,WAXPUSDT,0.008485,0.008446,-0.4596,1774037228223
okx,gate,WAXPUSDT,0.008485,0.008442,-0.5068,1774037228523
okx,gate,WAXPUSDT,0.008488,0.008442,-0.5419,1774037228823
okx,gate,WAXPUSDT,0.008485,0.008442,-0.5068,1774037229124
okx,gate,WAXPUSDT,0.008485,0.008443,-0.495,1774037229425
okx,gate,WAXPUSDT,0.008484,0.008443,-0.4833,1774037229725
okx,gate,WAXPUSDT,0.008484,0.008443,-0.4833,1774037230025
okx,gate,WAXPUSDT,0.008484,0.008452,-0.3772,1774037230325
okx,gate,WAXPUSDT,0.008487,0.008452,-0.4124,1774037230625
okx,gate,WAXPUSDT,0.008487,0.008452,-0.4124,1774037230926
okx,gate,WAXPUSDT,0.008487,0.008452,-0.4124,1774037231226
okx,gate,WAXPUSDT,0.008485,0.008452,-0.3889,1774037231526
okx,gate,WAXPUSDT,0.008485,0.008452,-0.3889,1774037231827
okx,gate,WAXPUSDT,0.008485,0.008452,-0.3889,1774037232127
okx,gate,WAXPUSDT,0.008485,0.008452,-0.3889,1774037232428
okx,gate,WAXPUSDT,0.008485,0.008452,-0.3889,1774037232728
okx,gate,WAXPUSDT,0.008485,0.008449,-0.4243,1774037233028
okx,gate,WAXPUSDT,0.008485,0.008449,-0.4243,1774037233329
okx,gate,WAXPUSDT,0.008481,0.008442,-0.4599,1774037233629
okx,gate,WAXPUSDT,0.008481,0.008442,-0.4599,1774037233929
okx,gate,WAXPUSDT,0.008492,0.008458,-0.4004,1774037234229
okx,gate,WAXPUSDT,0.008492,0.008458,-0.4004,1774037234530
okx,gate,WAXPUSDT,0.008495,0.008458,-0.4356,1774037234830
okx,gate,WAXPUSDT,0.008495,0.008463,-0.3767,1774037235131
okx,gate,WAXPUSDT,0.008495,0.008463,-0.3767,1774037235431
okx,gate,WAXPUSDT,0.008493,0.008448,-0.5298,1774037235732
okx,gate,WAXPUSDT,0.008492,0.008455,-0.4357,1774037236032
okx,gate,WAXPUSDT,0.008489,0.008455,-0.4005,1774037236332
okx,gate,WAXPUSDT,0.008494,0.008456,-0.4474,1774037236632
okx,gate,WAXPUSDT,0.008493,0.008453,-0.471,1774037236932
okx,gate,WAXPUSDT,0.008492,0.008453,-0.4593,1774037237233
okx,gate,WAXPUSDT,0.008492,0.008453,-0.4593,1774037237533
okx,gate,WAXPUSDT,0.008492,0.008453,-0.4593,1774037237834
okx,gate,WAXPUSDT,0.008492,0.008453,-0.4593,1774037238134
okx,gate,WAXPUSDT,0.008495,0.008453,-0.4944,1774037238435
okx,gate,WAXPUSDT,0.008496,0.008456,-0.4708,1774037238735
okx,gate,WAXPUSDT,0.008495,0.008456,-0.4591,1774037239035
okx,gate,WAXPUSDT,0.008495,0.008456,-0.4591,1774037239336
okx,gate,WAXPUSDT,0.008495,0.008456,-0.4591,1774037239637
okx,gate,WAXPUSDT,0.008494,0.008456,-0.4474,1774037239937
okx,gate,WAXPUSDT,0.008495,0.008456,-0.4591,1774037240238
okx,gate,WAXPUSDT,0.008495,0.008456,-0.4591,1774037240538
okx,gate,WAXPUSDT,0.008495,0.008456,-0.4591,1774037240838
okx,gate,WAXPUSDT,0.008495,0.008448,-0.5533,1774037241138
okx,gate,WAXPUSDT,0.008494,0.00845,-0.518,1774037241439
okx,gate,WAXPUSDT,0.008489,0.008452,-0.4359,1774037241739
okx,gate,WAXPUSDT,0.008488,0.008452,-0.4241,1774037242039
okx,gate,WAXPUSDT,0.008491,0.008452,-0.4593,1774037242339
okx,gate,WAXPUSDT,0.00849,0.008449,-0.4829,1774037242640
okx,gate,WAXPUSDT,0.00849,0.008449,-0.4829,1774037242940
okx,gate,WAXPUSDT,0.00849,0.008449,-0.4829,1774037243240
okx,gate,WAXPUSDT,0.008487,0.008449,-0.4477,1774037243540
okx,gate,WAXPUSDT,0.008489,0.008452,-0.4359,1774037243840
okx,gate,WAXPUSDT,0.008489,0.008452,-0.4359,1774037244141
okx,gate,WAXPUSDT,0.008489,0.008452,-0.4359,1774037244441
okx,gate,WAXPUSDT,0.008487,0.008446,-0.4831,1774037244741
okx,gate,WAXPUSDT,0.008487,0.008446,-0.4831,1774037245041
okx,gate,WAXPUSDT,0.008486,0.008449,-0.436,1774037245341
okx,gate,WAXPUSDT,0.008486,0.008449,-0.436,1774037245641
okx,gate,WAXPUSDT,0.008488,0.008449,-0.4595,1774037245942
okx,gate,WAXPUSDT,0.008488,0.008449,-0.4595,1774037246242
okx,gate,WAXPUSDT,0.008488,0.008452,-0.4241,1774037246542
okx,gate,WAXPUSDT,0.008488,0.008446,-0.4948,1774037246842
okx,gate,WAXPUSDT,0.008488,0.008446,-0.4948,1774037247143
okx,gate,WAXPUSDT,0.008488,0.008446,-0.4948,1774037247443
okx,gate,WAXPUSDT,0.008488,0.008446,-0.4948,1774037247743
okx,gate,WAXPUSDT,0.008484,0.008446,-0.4479,1774037248043
okx,gate,WAXPUSDT,0.008484,0.008446,-0.4479,1774037248343
okx,gate,WAXPUSDT,0.008488,0.008446,-0.4948,1774037248644
okx,gate,WAXPUSDT,0.008488,0.008446,-0.4948,1774037248944
okx,gate,WAXPUSDT,0.008488,0.008446,-0.4948,1774037249245
okx,gate,WAXPUSDT,0.008488,0.008446,-0.4948,1774037249545
okx,gate,WAXPUSDT,0.008488,0.008446,-0.4948,1774037249846
okx,gate,WAXPUSDT,0.008488,0.008446,-0.4948,1774037250146
okx,gate,WAXPUSDT,0.008487,0.008448,-0.4595,1774037250446
okx,gate,WAXPUSDT,0.008488,0.008448,-0.4713,1774037250746
okx,gate,WAXPUSDT,0.008488,0.008448,-0.4713,1774037251047
okx,gate,WAXPUSDT,0.008488,0.00844,-0.5655,1774037251347
okx,gate,WAXPUSDT,0.008488,0.008437,-0.6008,1774037251648
okx,gate,WAXPUSDT,0.008483,0.008439,-0.5187,1774037251948
okx,gate,WAXPUSDT,0.008479,0.008437,-0.4953,1774037252248
okx,gate,WAXPUSDT,0.008479,0.008439,-0.4718,1774037252548
okx,gate,WAXPUSDT,0.008479,0.008432,-0.5543,1774037252849
okx,gate,WAXPUSDT,0.008479,0.008432,-0.5543,1774037253150
okx,gate,WAXPUSDT,0.008479,0.008433,-0.5425,1774037253451
okx,gate,WAXPUSDT,0.00848,0.008433,-0.5542,1774037253752
okx,gate,WAXPUSDT,0.008477,0.008433,-0.5191,1774037254052
okx,gate,WAXPUSDT,0.008476,0.008433,-0.5073,1774037254352
okx,gate,WAXPUSDT,0.008479,0.008436,-0.5071,1774037254652
okx,gate,WAXPUSDT,0.008479,0.008433,-0.5425,1774037254953
okx,gate,WAXPUSDT,0.008475,0.008433,-0.4956,1774037255253
okx,gate,WAXPUSDT,0.00848,0.008433,-0.5542,1774037255553
okx,gate,WAXPUSDT,0.008483,0.008433,-0.5894,1774037255853
okx,gate,WAXPUSDT,0.008479,0.008432,-0.5543,1774037256153
okx,gate,WAXPUSDT,0.008478,0.008432,-0.5426,1774037256454
okx,gate,WAXPUSDT,0.008478,0.008432,-0.5426,1774037256755
okx,gate,WAXPUSDT,0.008482,0.008432,-0.5895,1774037257055
okx,gate,WAXPUSDT,0.00848,0.008432,-0.566,1774037257356
okx,gate,WAXPUSDT,0.008478,0.008432,-0.5426,1774037257656
okx,gate,WAXPUSDT,0.008475,0.008432,-0.5074,1774037257957
okx,gate,WAXPUSDT,0.008475,0.008432,-0.5074,1774037258257
okx,gate,WAXPUSDT,0.008475,0.008432,-0.5074,1774037258557
okx,gate,WAXPUSDT,0.008475,0.008432,-0.5074,1774037258857
okx,gate,WAXPUSDT,0.008475,0.008432,-0.5074,1774037259157
okx,gate,WAXPUSDT,0.008475,0.008432,-0.5074,1774037259458
okx,gate,WAXPUSDT,0.008474,0.008432,-0.4956,1774037259758
okx,gate,WAXPUSDT,0.008476,0.008432,-0.5191,1774037260059
okx,gate,WAXPUSDT,0.008476,0.008432,-0.5191,1774037260359
okx,gate,WAXPUSDT,0.008476,0.008435,-0.4837,1774037260659
okx,gate,WAXPUSDT,0.008476,0.008435,-0.4837,1774037260960
okx,gate,WAXPUSDT,0.008476,0.008435,-0.4837,1774037261260
okx,gate,WAXPUSDT,0.008475,0.008435,-0.472,1774037261561
okx,gate,WAXPUSDT,0.008475,0.008435,-0.472,1774037261861
okx,gate,WAXPUSDT,0.008475,0.008435,-0.472,1774037262161
okx,gate,WAXPUSDT,0.008475,0.008435,-0.472,1774037262461
okx,gate,WAXPUSDT,0.008475,0.008435,-0.472,1774037262761
okx,gate,WAXPUSDT,0.008475,0.008439,-0.4248,1774037263062
okx,gate,WAXPUSDT,0.008477,0.008439,-0.4483,1774037263362
okx,gate,WAXPUSDT,0.008477,0.008432,-0.5308,1774037263662
okx,gate,WAXPUSDT,0.008477,0.008439,-0.4483,1774037263962
okx,gate,WAXPUSDT,0.008477,0.008443,-0.4011,1774037264263
okx,gate,WAXPUSDT,0.008477,0.008439,-0.4483,1774037264563
okx,gate,WAXPUSDT,0.008477,0.008439,-0.4483,1774037264864
okx,gate,WAXPUSDT,0.008477,0.008439,-0.4483,1774037265164
okx,gate,WAXPUSDT,0.008477,0.008436,-0.4837,1774037265465
okx,gate,WAXPUSDT,0.008477,0.00844,-0.4365,1774037265765
okx,gate,WAXPUSDT,0.008477,0.00844,-0.4365,1774037266065
okx,gate,WAXPUSDT,0.008477,0.00844,-0.4365,1774037266366
okx,gate,WAXPUSDT,0.008477,0.00844,-0.4365,1774037266666
okx,gate,WAXPUSDT,0.008477,0.00844,-0.4365,1774037266966
okx,gate,WAXPUSDT,0.008477,0.00844,-0.4365,1774037267267
okx,gate,WAXPUSDT,0.008477,0.00844,-0.4365,1774037267567
okx,gate,WAXPUSDT,0.008477,0.00844,-0.4365,1774037267867
okx,gate,WAXPUSDT,0.008477,0.008441,-0.4247,1774037268169
okx,gate,WAXPUSDT,0.008477,0.008442,-0.4129,1774037268469
okx,gate,WAXPUSDT,0.008477,0.008442,-0.4129,1774037268769
okx,gate,WAXPUSDT,0.008477,0.008442,-0.4129,1774037269070
okx,gate,WAXPUSDT,0.008477,0.008442,-0.4129,1774037269371
okx,gate,WAXPUSDT,0.008477,0.008444,-0.3893,1774037269671
okx,gate,WAXPUSDT,0.008477,0.008442,-0.4129,1774037269971
okx,gate,WAXPUSDT,0.008477,0.008442,-0.4129,1774037270271
okx,gate,WAXPUSDT,0.008477,0.008442,-0.4129,1774037270571
okx,gate,WAXPUSDT,0.008477,0.008442,-0.4129,1774037270872
okx,gate,WAXPUSDT,0.008477,0.008442,-0.4129,1774037271172
okx,gate,WAXPUSDT,0.008477,0.008442,-0.4129,1774037271472
okx,gate,WAXPUSDT,0.008477,0.008442,-0.4129,1774037271772
okx,gate,WAXPUSDT,0.008477,0.008442,-0.4129,1774037272072
okx,gate,WAXPUSDT,0.008477,0.008442,-0.4129,1774037272373
okx,gate,WAXPUSDT,0.008477,0.008442,-0.4129,1774037272673
okx,gate,WAXPUSDT,0.008477,0.008445,-0.3775,1774037272974
okx,gate,WAXPUSDT,0.008477,0.008445,-0.3775,1774037273275
okx,gate,WAXPUSDT,0.008477,0.008445,-0.3775,1774037273575
okx,gate,WAXPUSDT,0.008477,0.008445,-0.3775,1774037273883
okx,gate,WAXPUSDT,0.008477,0.008445,-0.3775,1774037274183
okx,gate,WAXPUSDT,0.008477,0.008445,-0.3775,1774037274483
okx,gate,WAXPUSDT,0.008477,0.008445,-0.3775,1774037274783
okx,gate,WAXPUSDT,0.008477,0.008445,-0.3775,1774037275084
okx,gate,WAXPUSDT,0.008477,0.008445,-0.3775,1774037275385
okx,gate,WAXPUSDT,0.008477,0.008448,-0.3421,1774037275685
okx,gate,WAXPUSDT,0.008477,0.008448,-0.3421,1774037275986
okx,gate,WAXPUSDT,0.008477,0.008445,-0.3775,1774037276286
okx,gate,WAXPUSDT,0.008477,0.008445,-0.3775,1774037276586
okx,gate,WAXPUSDT,0.008477,0.008445,-0.3775,1774037276886
okx,gate,WAXPUSDT,0.008477,0.008445,-0.3775,1774037277187
okx,gate,WAXPUSDT,0.008477,0.008445,-0.3775,1774037277487
okx,gate,WAXPUSDT,0.008477,0.008445,-0.3775,1774037277787
okx,gate,WAXPUSDT,0.008477,0.008445,-0.3775,1774037278087
okx,gate,WAXPUSDT,0.008477,0.008445,-0.3775,1774037278388
okx,gate,WAXPUSDT,0.008477,0.008445,-0.3775,1774037278688
okx,gate,WAXPUSDT,0.008477,0.008442,-0.4129,1774037278988
okx,gate,WAXPUSDT,0.008477,0.008442,-0.4129,1774037279289
okx,gate,WAXPUSDT,0.008477,0.008444,-0.3893,1774037279589
okx,gate,WAXPUSDT,0.008477,0.008444,-0.3893,1774037279890
okx,gate,WAXPUSDT,0.008477,0.008439,-0.4483,1774037280190
okx,gate,WAXPUSDT,0.008477,0.008439,-0.4483,1774037280490
okx,gate,WAXPUSDT,0.008477,0.008432,-0.5308,1774037280791
okx,gate,WAXPUSDT,0.008477,0.008434,-0.5073,1774037281091
okx,gate,WAXPUSDT,0.008482,0.008434,-0.5659,1774037281391
okx,gate,WAXPUSDT,0.008482,0.008434,-0.5659,1774037281691
okx,gate,WAXPUSDT,0.00848,0.008434,-0.5425,1774037281992
okx,gate,WAXPUSDT,0.008489,0.008434,-0.6479,1774037282293
okx,gate,WAXPUSDT,0.008483,0.008432,-0.6012,1774037282593
okx,gate,WAXPUSDT,0.008483,0.008439,-0.5187,1774037282893
okx,gate,WAXPUSDT,0.008481,0.008439,-0.4952,1774037283194
okx,gate,WAXPUSDT,0.00848,0.008439,-0.4835,1774037283494
okx,gate,WAXPUSDT,0.008484,0.008436,-0.5658,1774037283795
okx,gate,WAXPUSDT,0.008482,0.008436,-0.5423,1774037284095
okx,gate,WAXPUSDT,0.008482,0.008436,-0.5423,1774037284395
okx,gate,WAXPUSDT,0.008482,0.008432,-0.5895,1774037284695
okx,gate,WAXPUSDT,0.008477,0.008432,-0.5308,1774037284995
okx,gate,WAXPUSDT,0.008477,0.008432,-0.5308,1774037285296
okx,gate,WAXPUSDT,0.008477,0.008439,-0.4483,1774037285596
okx,gate,WAXPUSDT,0.00848,0.008439,-0.4835,1774037285897
okx,gate,WAXPUSDT,0.00848,0.008432,-0.566,1774037286197
okx,gate,WAXPUSDT,0.008478,0.008431,-0.5544,1774037286497
okx,gate,WAXPUSDT,0.008482,0.008431,-0.6013,1774037286798
okx,gate,WAXPUSDT,0.008475,0.008431,-0.5192,1774037287098
okx,gate,WAXPUSDT,0.008475,0.008431,-0.5192,1774037287398
okx,gate,WAXPUSDT,0.008482,0.008431,-0.6013,1774037287699
okx,gate,WAXPUSDT,0.008478,0.008431,-0.5544,1774037287999
okx,gate,WAXPUSDT,0.008477,0.008431,-0.5426,1774037288300
okx,gate,WAXPUSDT,0.008481,0.008431,-0.5896,1774037288600
okx,gate,WAXPUSDT,0.008483,0.008431,-0.613,1774037288900
okx,gate,WAXPUSDT,0.00848,0.008432,-0.566,1774037289200
okx,gate,WAXPUSDT,0.00848,0.008432,-0.566,1774037289501
okx,gate,WAXPUSDT,0.008478,0.008432,-0.5426,1774037289801
okx,gate,WAXPUSDT,0.008478,0.008432,-0.5426,1774037290102
okx,gate,WAXPUSDT,0.008482,0.008432,-0.5895,1774037290402
okx,gate,WAXPUSDT,0.008483,0.008432,-0.6012,1774037290702
okx,gate,WAXPUSDT,0.008479,0.008432,-0.5543,1774037291002
okx,gate,WAXPUSDT,0.008482,0.008435,-0.5541,1774037291303
okx,gate,WAXPUSDT,0.008482,0.008435,-0.5541,1774037291603
okx,gate,WAXPUSDT,0.008479,0.008441,-0.4482,1774037291903
okx,gate,WAXPUSDT,0.008481,0.008445,-0.4245,1774037292203
okx,gate,WAXPUSDT,0.008481,0.008445,-0.4245,1774037292503
okx,gate,WAXPUSDT,0.008481,0.008445,-0.4245,1774037292804
okx,gate,WAXPUSDT,0.008481,0.008445,-0.4245,1774037293104
okx,gate,WAXPUSDT,0.008481,0.008445,-0.4245,1774037293404
okx,gate,WAXPUSDT,0.008487,0.008445,-0.4949,1774037293705
okx,gate,WAXPUSDT,0.008487,0.00844,-0.5538,1774037294005
okx,gate,WAXPUSDT,0.008484,0.00844,-0.5186,1774037294306
okx,gate,WAXPUSDT,0.008487,0.00844,-0.5538,1774037294607
okx,gate,WAXPUSDT,0.008484,0.00844,-0.5186,1774037294907
okx,gate,WAXPUSDT,0.008482,0.00844,-0.4952,1774037295207
okx,gate,WAXPUSDT,0.008488,0.00844,-0.5655,1774037295507
okx,gate,WAXPUSDT,0.008482,0.00844,-0.4952,1774037295807
okx,gate,WAXPUSDT,0.008487,0.00844,-0.5538,1774037296108
okx,gate,WAXPUSDT,0.008485,0.00844,-0.5303,1774037296408
okx,gate,WAXPUSDT,0.008489,0.00844,-0.5772,1774037296708
okx,gate,WAXPUSDT,0.008489,0.00844,-0.5772,1774037297009
okx,gate,WAXPUSDT,0.008486,0.008444,-0.4949,1774037297309
okx,gate,WAXPUSDT,0.008484,0.008444,-0.4715,1774037297609
okx,gate,WAXPUSDT,0.008484,0.008444,-0.4715,1774037297909
okx,gate,WAXPUSDT,0.008485,0.008444,-0.4832,1774037298209
okx,gate,WAXPUSDT,0.008483,0.00844,-0.5069,1774037298510
okx,gate,WAXPUSDT,0.008488,0.008445,-0.5066,1774037298811
okx,gate,WAXPUSDT,0.008488,0.008444,-0.5184,1774037299111
okx,gate,WAXPUSDT,0.008481,0.008445,-0.4245,1774037299411
okx,gate,WAXPUSDT,0.008481,0.00844,-0.4834,1774037299712
okx,gate,WAXPUSDT,0.008481,0.008441,-0.4716,1774037300012
okx,gate,WAXPUSDT,0.00848,0.008442,-0.4481,1774037300312
okx,gate,WAXPUSDT,0.008481,0.008445,-0.4245,1774037300612
okx,gate,WAXPUSDT,0.008485,0.008445,-0.4714,1774037300912
okx,gate,WAXPUSDT,0.008485,0.008445,-0.4714,1774037301213
okx,gate,WAXPUSDT,0.008483,0.008445,-0.448,1774037301513
okx,gate,WAXPUSDT,0.008489,0.008445,-0.5183,1774037301813
okx,gate,WAXPUSDT,0.008484,0.008445,-0.4597,1774037302113
okx,gate,WAXPUSDT,0.008483,0.008445,-0.448,1774037302414
okx,gate,WAXPUSDT,0.008483,0.008445,-0.448,1774037302714
okx,gate,WAXPUSDT,0.008483,0.008445,-0.448,1774037303015
okx,gate,WAXPUSDT,0.008483,0.008445,-0.448,1774037303316
okx,gate,WAXPUSDT,0.008482,0.008445,-0.4362,1774037303621
okx,gate,WAXPUSDT,0.008482,0.008445,-0.4362,1774037303921
okx,gate,WAXPUSDT,0.008482,0.008445,-0.4362,1774037304222
okx,gate,WAXPUSDT,0.008482,0.008445,-0.4362,1774037304522
okx,gate,WAXPUSDT,0.008489,0.008445,-0.5183,1774037304822
okx,gate,WAXPUSDT,0.008489,0.008445,-0.5183,1774037305122
okx,gate,WAXPUSDT,0.008482,0.008445,-0.4362,1774037305422
okx,gate,WAXPUSDT,0.008482,0.008445,-0.4362,1774037305722
okx,gate,WAXPUSDT,0.008482,0.008445,-0.4362,1774037306022
okx,gate,WAXPUSDT,0.008487,0.008445,-0.4949,1774037306323
okx,gate,WAXPUSDT,0.008484,0.008445,-0.4597,1774037306623
okx,gate,WAXPUSDT,0.008484,0.008445,-0.4597,1774037306923
okx,gate,WAXPUSDT,0.008487,0.008446,-0.4831,1774037307224
okx,gate,WAXPUSDT,0.008483,0.008446,-0.4362,1774037307524
okx,gate,WAXPUSDT,0.008484,0.008435,-0.5776,1774037307824
okx,gate,WAXPUSDT,0.008484,0.008435,-0.5776,1774037308124
okx,gate,WAXPUSDT,0.008476,0.008435,-0.4837,1774037308425
okx,gate,WAXPUSDT,0.008473,0.008435,-0.4485,1774037308725
okx,gate,WAXPUSDT,0.008473,0.008438,-0.4131,1774037309025
okx,gate,WAXPUSDT,0.008482,0.008438,-0.5187,1774037309325
okx,gate,WAXPUSDT,0.008479,0.008438,-0.4835,1774037309626
okx,gate,WAXPUSDT,0.008483,0.008438,-0.5305,1774037309926
okx,gate,WAXPUSDT,0.008477,0.008438,-0.4601,1774037310226
okx,gate,WAXPUSDT,0.008476,0.008438,-0.4483,1774037310527
okx,gate,WAXPUSDT,0.008483,0.00844,-0.5069,1774037310827
okx,gate,WAXPUSDT,0.008478,0.00844,-0.4482,1774037311127
okx,gate,WAXPUSDT,0.008476,0.00844,-0.4247,1774037311428
okx,gate,WAXPUSDT,0.008479,0.00844,-0.46,1774037311728
okx,gate,WAXPUSDT,0.008476,0.008448,-0.3303,1774037312028
okx,gate,WAXPUSDT,0.008476,0.008458,-0.2124,1774037312329
okx,gate,WAXPUSDT,0.008486,0.008458,-0.33,1774037312630
okx,gate,WAXPUSDT,0.008489,0.008458,-0.3652,1774037312931
okx,gate,WAXPUSDT,0.008489,0.008458,-0.3652,1774037313231
okx,gate,WAXPUSDT,0.008489,0.008455,-0.4005,1774037313531
okx,gate,WAXPUSDT,0.008489,0.008452,-0.4359,1774037313832
okx,gate,WAXPUSDT,0.008489,0.008452,-0.4359,1774037314132
okx,gate,WAXPUSDT,0.008489,0.008452,-0.4359,1774037314432
okx,gate,WAXPUSDT,0.008489,0.008457,-0.377,1774037314732
okx,gate,WAXPUSDT,0.008489,0.008457,-0.377,1774037315033
okx,gate,WAXPUSDT,0.008489,0.008457,-0.377,1774037315333
okx,gate,WAXPUSDT,0.008496,0.008457,-0.459,1774037315634
okx,gate,WAXPUSDT,0.008495,0.008457,-0.4473,1774037315934
okx,gate,WAXPUSDT,0.008495,0.008457,-0.4473,1774037316235
okx,gate,WAXPUSDT,0.008496,0.008457,-0.459,1774037316536
okx,gate,WAXPUSDT,0.008497,0.008458,-0.459,1774037316836
okx,gate,WAXPUSDT,0.008495,0.008458,-0.4356,1774037317137
okx,gate,WAXPUSDT,0.008494,0.008458,-0.4238,1774037317437
okx,gate,WAXPUSDT,0.008494,0.008458,-0.4238,1774037317739
okx,gate,WAXPUSDT,0.008494,0.008458,-0.4238,1774037318039
okx,gate,WAXPUSDT,0.008494,0.008458,-0.4238,1774037318339
okx,gate,WAXPUSDT,0.008495,0.008458,-0.4356,1774037318639
okx,gate,WAXPUSDT,0.008495,0.008458,-0.4356,1774037318939
okx,gate,WAXPUSDT,0.008496,0.008458,-0.4473,1774037319240
okx,gate,WAXPUSDT,0.008496,0.008458,-0.4473,1774037319540
okx,gate,WAXPUSDT,0.008496,0.008458,-0.4473,1774037319841
okx,gate,WAXPUSDT,0.008496,0.008463,-0.3884,1774037320141
okx,gate,WAXPUSDT,0.008497,0.008463,-0.4001,1774037320442
okx,gate,WAXPUSDT,0.008497,0.008463,-0.4001,1774037320742
okx,gate,WAXPUSDT,0.008497,0.008464,-0.3884,1774037321043
okx,gate,WAXPUSDT,0.008497,0.008466,-0.3648,1774037321343
okx,gate,WAXPUSDT,0.008497,0.008462,-0.4119,1774037321643
okx,gate,WAXPUSDT,0.008497,0.008462,-0.4119,1774037321944
okx,gate,WAXPUSDT,0.008497,0.008463,-0.4001,1774037322244
okx,gate,WAXPUSDT,0.008497,0.008463,-0.4001,1774037322544
okx,gate,WAXPUSDT,0.008497,0.008463,-0.4001,1774037322844
okx,gate,WAXPUSDT,0.008496,0.008432,-0.7533,1774037323145
okx,gate,WAXPUSDT,0.008482,0.008432,-0.5895,1774037323445
okx,gate,WAXPUSDT,0.008478,0.008435,-0.5072,1774037323745
okx,gate,WAXPUSDT,0.008475,0.008435,-0.472,1774037324046
okx,gate,WAXPUSDT,0.008475,0.008435,-0.472,1774037324346
okx,gate,WAXPUSDT,0.008475,0.008435,-0.472,1774037324647
okx,gate,WAXPUSDT,0.008475,0.008435,-0.472,1774037324947
okx,gate,WAXPUSDT,0.008475,0.008436,-0.4602,1774037325247
okx,gate,WAXPUSDT,0.00848,0.008436,-0.5189,1774037325547
okx,gate,WAXPUSDT,0.008476,0.008436,-0.4719,1774037325848
okx,gate,WAXPUSDT,0.008479,0.008436,-0.5071,1774037326148
okx,gate,WAXPUSDT,0.008479,0.008436,-0.5071,1774037326449
okx,gate,WAXPUSDT,0.008479,0.008436,-0.5071,1774037326749
okx,gate,WAXPUSDT,0.008478,0.008435,-0.5072,1774037327049
okx,gate,WAXPUSDT,0.008478,0.008435,-0.5072,1774037327350
okx,gate,WAXPUSDT,0.008474,0.008439,-0.413,1774037327650
okx,gate,WAXPUSDT,0.008478,0.008439,-0.46,1774037327950
okx,gate,WAXPUSDT,0.008474,0.00844,-0.4012,1774037328251
okx,gate,WAXPUSDT,0.008473,0.008439,-0.4013,1774037328551
okx,gate,WAXPUSDT,0.008473,0.008439,-0.4013,1774037328851
okx,gate,WAXPUSDT,0.008473,0.008439,-0.4013,1774037329152
okx,gate,WAXPUSDT,0.008473,0.008439,-0.4013,1774037329452
okx,gate,WAXPUSDT,0.008478,0.008439,-0.46,1774037329752
okx,gate,WAXPUSDT,0.008478,0.008439,-0.46,1774037330052
okx,gate,WAXPUSDT,0.008474,0.008439,-0.413,1774037330352
okx,gate,WAXPUSDT,0.008474,0.008435,-0.4602,1774037330653
okx,gate,WAXPUSDT,0.008472,0.008435,-0.4367,1774037330953
okx,gate,WAXPUSDT,0.008472,0.008435,-0.4367,1774037331253
okx,gate,WAXPUSDT,0.008472,0.008435,-0.4367,1774037331554
okx,gate,WAXPUSDT,0.008474,0.008435,-0.4602,1774037331854
okx,gate,WAXPUSDT,0.008472,0.008435,-0.4367,1774037332154
okx,gate,WAXPUSDT,0.008472,0.008435,-0.4367,1774037332458
okx,gate,WAXPUSDT,0.008474,0.008435,-0.4602,1774037332758
okx,gate,WAXPUSDT,0.008474,0.008435,-0.4602,1774037333058
okx,gate,WAXPUSDT,0.008472,0.008435,-0.4367,1774037333359
okx,gate,WAXPUSDT,0.008472,0.008435,-0.4367,1774037333660
okx,gate,WAXPUSDT,0.008472,0.008435,-0.4367,1774037333960
okx,gate,WAXPUSDT,0.008474,0.008441,-0.3894,1774037334260
okx,gate,WAXPUSDT,0.008474,0.008441,-0.3894,1774037334561
okx,gate,WAXPUSDT,0.008472,0.008439,-0.3895,1774037334861
okx,gate,WAXPUSDT,0.008474,0.008432,-0.4956,1774037335161
okx,gate,WAXPUSDT,0.008472,0.008439,-0.3895,1774037335461
okx,gate,WAXPUSDT,0.008474,0.00844,-0.4012,1774037335761
okx,gate,WAXPUSDT,0.008474,0.008435,-0.4602,1774037336062
okx,gate,WAXPUSDT,0.008472,0.008435,-0.4367,1774037336362
okx,gate,WAXPUSDT,0.008474,0.008435,-0.4602,1774037336663
okx,gate,WAXPUSDT,0.008474,0.008439,-0.413,1774037336963
okx,gate,WAXPUSDT,0.008474,0.008432,-0.4956,1774037337263
okx,gate,WAXPUSDT,0.008472,0.008432,-0.4721,1774037337564
okx,gate,WAXPUSDT,0.008472,0.008431,-0.4839,1774037337864
okx,gate,WAXPUSDT,0.008472,0.008431,-0.4839,1774037338165
okx,gate,WAXPUSDT,0.008472,0.008432,-0.4721,1774037338465
okx,gate,WAXPUSDT,0.008472,0.008431,-0.4839,1774037338765
okx,gate,WAXPUSDT,0.008472,0.008432,-0.4721,1774037339066
okx,gate,WAXPUSDT,0.008473,0.008432,-0.4839,1774037339366
okx,gate,WAXPUSDT,0.008472,0.008432,-0.4721,1774037339667
okx,gate,WAXPUSDT,0.008472,0.008432,-0.4721,1774037339967
okx,gate,WAXPUSDT,0.008472,0.008432,-0.4721,1774037340267
okx,gate,WAXPUSDT,0.008472,0.008432,-0.4721,1774037340567
okx,gate,WAXPUSDT,0.008472,0.008425,-0.5548,1774037340867
okx,gate,WAXPUSDT,0.008472,0.00843,-0.4958,1774037341167
okx,gate,WAXPUSDT,0.008472,0.008431,-0.4839,1774037341467
okx,gate,WAXPUSDT,0.008472,0.008431,-0.4839,1774037341768
okx,gate,WAXPUSDT,0.008468,0.00843,-0.4487,1774037342068
okx,gate,WAXPUSDT,0.008468,0.00843,-0.4487,1774037342369
okx,gate,WAXPUSDT,0.008468,0.00843,-0.4487,1774037342669
okx,gate,WAXPUSDT,0.008468,0.00843,-0.4487,1774037342970
okx,gate,WAXPUSDT,0.008468,0.00843,-0.4487,1774037343270
okx,gate,WAXPUSDT,0.008468,0.00843,-0.4487,1774037343570
okx,gate,WAXPUSDT,0.008468,0.00843,-0.4487,1774037343870
okx,gate,WAXPUSDT,0.008468,0.00843,-0.4487,1774037344171
okx,gate,WAXPUSDT,0.008468,0.00843,-0.4487,1774037344471
okx,gate,WAXPUSDT,0.008468,0.00843,-0.4487,1774037344771
okx,gate,WAXPUSDT,0.008468,0.00843,-0.4487,1774037345072
okx,gate,WAXPUSDT,0.008468,0.00843,-0.4487,1774037345372
okx,gate,WAXPUSDT,0.008468,0.00843,-0.4487,1774037345676
okx,gate,WAXPUSDT,0.008468,0.00843,-0.4487,1774037345978
okx,gate,WAXPUSDT,0.008468,0.00843,-0.4487,1774037346278
okx,gate,WAXPUSDT,0.008468,0.008422,-0.5432,1774037346579
okx,gate,WAXPUSDT,0.008468,0.008425,-0.5078,1774037346879
okx,gate,WAXPUSDT,0.008468,0.008428,-0.4724,1774037347179
okx,gate,WAXPUSDT,0.008473,0.008428,-0.5311,1774037347479
okx,gate,WAXPUSDT,0.008473,0.008428,-0.5311,1774037347780
okx,gate,WAXPUSDT,0.008473,0.008435,-0.4485,1774037348080
okx,gate,WAXPUSDT,0.008476,0.008428,-0.5663,1774037348380
okx,gate,WAXPUSDT,0.008476,0.008428,-0.5663,1774037348680
okx,gate,WAXPUSDT,0.008476,0.008435,-0.4837,1774037348980
okx,gate,WAXPUSDT,0.008476,0.008438,-0.4483,1774037349281
okx,gate,WAXPUSDT,0.008476,0.008438,-0.4483,1774037349581
okx,gate,WAXPUSDT,0.008476,0.008438,-0.4483,1774037349882
okx,gate,WAXPUSDT,0.008476,0.008438,-0.4483,1774037350182
okx,gate,WAXPUSDT,0.008476,0.008442,-0.4011,1774037350483
okx,gate,WAXPUSDT,0.008476,0.008436,-0.4719,1774037350783
okx,gate,WAXPUSDT,0.008476,0.008436,-0.4719,1774037351083
okx,gate,WAXPUSDT,0.008476,0.008436,-0.4719,1774037351384
okx,gate,WAXPUSDT,0.008476,0.008436,-0.4719,1774037351684
okx,gate,WAXPUSDT,0.008476,0.008436,-0.4719,1774037351984
okx,gate,WAXPUSDT,0.008476,0.008437,-0.4601,1774037352284
okx,gate,WAXPUSDT,0.008476,0.008437,-0.4601,1774037352585
okx,gate,WAXPUSDT,0.008476,0.008437,-0.4601,1774037352886
okx,gate,WAXPUSDT,0.008476,0.008437,-0.4601,1774037353186
okx,gate,WAXPUSDT,0.008476,0.008437,-0.4601,1774037353486
okx,gate,WAXPUSDT,0.008476,0.008437,-0.4601,1774037353787
okx,gate,WAXPUSDT,0.008476,0.008442,-0.4011,1774037354087
okx,gate,WAXPUSDT,0.008476,0.008437,-0.4601,1774037354387
okx,gate,WAXPUSDT,0.008476,0.008437,-0.4601,1774037354688
okx,gate,WAXPUSDT,0.008476,0.008437,-0.4601,1774037354988
okx,gate,WAXPUSDT,0.008476,0.008438,-0.4483,1774037355289
okx,gate,WAXPUSDT,0.008476,0.008438,-0.4483,1774037355590
okx,gate,WAXPUSDT,0.008476,0.008438,-0.4483,1774037355891
okx,gate,WAXPUSDT,0.008476,0.008438,-0.4483,1774037356191
okx,gate,WAXPUSDT,0.008476,0.008438,-0.4483,1774037356491
okx,gate,WAXPUSDT,0.008476,0.008438,-0.4483,1774037356791
okx,gate,WAXPUSDT,0.008476,0.008442,-0.4011,1774037357091
okx,gate,WAXPUSDT,0.008476,0.008443,-0.3893,1774037357391
okx,gate,WAXPUSDT,0.008476,0.008443,-0.3893,1774037357692
okx,gate,WAXPUSDT,0.008476,0.008446,-0.3539,1774037357992
okx,gate,WAXPUSDT,0.008476,0.00845,-0.3067,1774037358292
okx,gate,WAXPUSDT,0.008476,0.008447,-0.3421,1774037358593
okx,gate,WAXPUSDT,0.008476,0.008447,-0.3421,1774037358893
okx,gate,WAXPUSDT,0.008476,0.008447,-0.3421,1774037359194
okx,gate,WAXPUSDT,0.008476,0.008447,-0.3421,1774037359494
okx,gate,WAXPUSDT,0.008476,0.008447,-0.3421,1774037359795
okx,gate,WAXPUSDT,0.008476,0.008447,-0.3421,1774037360095
okx,gate,WAXPUSDT,0.008476,0.008449,-0.3185,1774037360396
okx,gate,WAXPUSDT,0.008476,0.008449,-0.3185,1774037360696
okx,gate,WAXPUSDT,0.008476,0.008449,-0.3185,1774037360996
okx,gate,WAXPUSDT,0.008476,0.008449,-0.3185,1774037361297
okx,gate,WAXPUSDT,0.008476,0.008449,-0.3185,1774037361597
okx,gate,WAXPUSDT,0.008476,0.008446,-0.3539,1774037361897
okx,gate,WAXPUSDT,0.008476,0.008446,-0.3539,1774037362197
okx,gate,WAXPUSDT,0.008476,0.008449,-0.3185,1774037362498
okx,gate,WAXPUSDT,0.008476,0.008449,-0.3185,1774037362798
okx,gate,WAXPUSDT,0.008476,0.008449,-0.3185,1774037363098
okx,gate,WAXPUSDT,0.008476,0.008449,-0.3185,1774037363399
okx,gate,WAXPUSDT,0.008476,0.008446,-0.3539,1774037363699
okx,gate,WAXPUSDT,0.008476,0.008446,-0.3539,1774037363999
okx,gate,WAXPUSDT,0.008476,0.008442,-0.4011,1774037364299
okx,gate,WAXPUSDT,0.008476,0.008442,-0.4011,1774037364600
okx,gate,WAXPUSDT,0.008476,0.008443,-0.3893,1774037364900
okx,gate,WAXPUSDT,0.008476,0.008443,-0.3893,1774037365201
okx,gate,WAXPUSDT,0.008476,0.008443,-0.3893,1774037365501
okx,gate,WAXPUSDT,0.008476,0.008443,-0.3893,1774037365801
okx,gate,WAXPUSDT,0.008476,0.008443,-0.3893,1774037366101
okx,gate,WAXPUSDT,0.008476,0.008443,-0.3893,1774037366402
okx,gate,WAXPUSDT,0.008476,0.008443,-0.3893,1774037366702
okx,gate,WAXPUSDT,0.008476,0.008443,-0.3893,1774037367002
okx,gate,WAXPUSDT,0.008476,0.008443,-0.3893,1774037367303
okx,gate,WAXPUSDT,0.008476,0.008442,-0.4011,1774037367603
okx,gate,WAXPUSDT,0.008476,0.008442,-0.4011,1774037367903
okx,gate,WAXPUSDT,0.008476,0.008442,-0.4011,1774037368203
okx,gate,WAXPUSDT,0.008476,0.008442,-0.4011,1774037368504
okx,gate,WAXPUSDT,0.008476,0.008442,-0.4011,1774037368805
okx,gate,WAXPUSDT,0.008476,0.008442,-0.4011,1774037369105
okx,gate,WAXPUSDT,0.008476,0.008442,-0.4011,1774037369406
okx,gate,WAXPUSDT,0.008476,0.008442,-0.4011,1774037369706
okx,gate,WAXPUSDT,0.008476,0.008442,-0.4011,1774037370006
okx,gate,WAXPUSDT,0.008476,0.008442,-0.4011,1774037370306
okx,gate,WAXPUSDT,0.008476,0.008452,-0.2832,1774037370606
okx,gate,WAXPUSDT,0.008489,0.008452,-0.4359,1774037370907
okx,gate,WAXPUSDT,0.008489,0.008452,-0.4359,1774037371207
okx,gate,WAXPUSDT,0.008489,0.008452,-0.4359,1774037371508
okx,gate,WAXPUSDT,0.008489,0.008452,-0.4359,1774037371808
okx,gate,WAXPUSDT,0.008489,0.008452,-0.4359,1774037372108
okx,gate,WAXPUSDT,0.008489,0.008452,-0.4359,1774037372408
okx,gate,WAXPUSDT,0.008489,0.008452,-0.4359,1774037372709
okx,gate,WAXPUSDT,0.008489,0.008452,-0.4359,1774037373009
okx,gate,WAXPUSDT,0.00849,0.008449,-0.4829,1774037373309
okx,gate,WAXPUSDT,0.00849,0.008444,-0.5418,1774037373610
okx,gate,WAXPUSDT,0.008489,0.008444,-0.5301,1774037373910
okx,gate,WAXPUSDT,0.008489,0.008442,-0.5537,1774037374211
okx,gate,WAXPUSDT,0.008489,0.008443,-0.5419,1774037374511
okx,gate,WAXPUSDT,0.008489,0.008443,-0.5419,1774037374811
okx,gate,WAXPUSDT,0.008489,0.008445,-0.5183,1774037375111
okx,gate,WAXPUSDT,0.008489,0.008445,-0.5183,1774037375412
okx,gate,WAXPUSDT,0.00849,0.008449,-0.4829,1774037375713
okx,gate,WAXPUSDT,0.008489,0.008452,-0.4359,1774037376013
okx,gate,WAXPUSDT,0.008489,0.008452,-0.4359,1774037376313
okx,gate,WAXPUSDT,0.008489,0.008452,-0.4359,1774037376614
okx,gate,WAXPUSDT,0.008489,0.008452,-0.4359,1774037376914
okx,gate,WAXPUSDT,0.008489,0.008452,-0.4359,1774037377215
okx,gate,WAXPUSDT,0.008489,0.00845,-0.4594,1774037377515
okx,gate,WAXPUSDT,0.00849,0.00845,-0.4711,1774037377815
okx,gate,WAXPUSDT,0.00849,0.00845,-0.4711,1774037378116
okx,gate,WAXPUSDT,0.008489,0.00845,-0.4594,1774037378416
okx,gate,WAXPUSDT,0.008488,0.008443,-0.5302,1774037378716
okx,gate,WAXPUSDT,0.008489,0.008443,-0.5419,1774037379016
okx,gate,WAXPUSDT,0.008489,0.008444,-0.5301,1774037379317
okx,gate,WAXPUSDT,0.008489,0.008447,-0.4948,1774037379617
okx,gate,WAXPUSDT,0.008487,0.008447,-0.4713,1774037379917
okx,gate,WAXPUSDT,0.008487,0.008447,-0.4713,1774037380217
okx,gate,WAXPUSDT,0.008487,0.008447,-0.4713,1774037380517
okx,gate,WAXPUSDT,0.008487,0.008447,-0.4713,1774037380818
okx,gate,WAXPUSDT,0.008487,0.008447,-0.4713,1774037381119
okx,gate,WAXPUSDT,0.008487,0.008447,-0.4713,1774037381419
okx,gate,WAXPUSDT,0.008487,0.008447,-0.4713,1774037381719
okx,gate,WAXPUSDT,0.008487,0.008447,-0.4713,1774037382019
okx,gate,WAXPUSDT,0.008487,0.008447,-0.4713,1774037382320
okx,gate,WAXPUSDT,0.008487,0.008447,-0.4713,1774037382620
okx,gate,WAXPUSDT,0.008486,0.008447,-0.4596,1774037382920
okx,gate,WAXPUSDT,0.008486,0.008447,-0.4596,1774037383221
okx,gate,WAXPUSDT,0.008486,0.008447,-0.4596,1774037383521
okx,gate,WAXPUSDT,0.008486,0.008447,-0.4596,1774037383821
okx,gate,WAXPUSDT,0.008486,0.008447,-0.4596,1774037384122
okx,gate,WAXPUSDT,0.008486,0.008447,-0.4596,1774037384422
okx,gate,WAXPUSDT,0.008489,0.008447,-0.4948,1774037384722
okx,gate,WAXPUSDT,0.008488,0.008447,-0.483,1774037385023
okx,gate,WAXPUSDT,0.008488,0.008447,-0.483,1774037385323
okx,gate,WAXPUSDT,0.008488,0.008447,-0.483,1774037385623
okx,gate,WAXPUSDT,0.008488,0.008444,-0.5184,1774037385923
okx,gate,WAXPUSDT,0.008488,0.008444,-0.5184,1774037386224
okx,gate,WAXPUSDT,0.008488,0.008444,-0.5184,1774037386524
okx,gate,WAXPUSDT,0.008487,0.008444,-0.5067,1774037386824
okx,gate,WAXPUSDT,0.008487,0.008444,-0.5067,1774037387124
okx,gate,WAXPUSDT,0.008487,0.008444,-0.5067,1774037387425
okx,gate,WAXPUSDT,0.008487,0.008444,-0.5067,1774037387725
okx,gate,WAXPUSDT,0.008487,0.008444,-0.5067,1774037388025
okx,gate,WAXPUSDT,0.008487,0.008444,-0.5067,1774037388325
okx,gate,WAXPUSDT,0.008487,0.008444,-0.5067,1774037388625
okx,gate,WAXPUSDT,0.008487,0.008444,-0.5067,1774037388925
okx,gate,WAXPUSDT,0.008487,0.008444,-0.5067,1774037389225
okx,gate,WAXPUSDT,0.008486,0.008444,-0.4949,1774037389526
okx,gate,WAXPUSDT,0.008486,0.008444,-0.4949,1774037389826
okx,gate,WAXPUSDT,0.008486,0.008447,-0.4596,1774037390126
okx,gate,WAXPUSDT,0.008494,0.008452,-0.4945,1774037390426
okx,gate,WAXPUSDT,0.008494,0.008452,-0.4945,1774037390726
okx,gate,WAXPUSDT,0.008494,0.008452,-0.4945,1774037391027
okx,gate,WAXPUSDT,0.008494,0.008452,-0.4945,1774037391327
okx,gate,WAXPUSDT,0.008494,0.008452,-0.4945,1774037391627
okx,gate,WAXPUSDT,0.008494,0.008452,-0.4945,1774037391927
okx,gate,WAXPUSDT,0.008494,0.008452,-0.4945,1774037392228
okx,gate,WAXPUSDT,0.008494,0.008452,-0.4945,1774037392529
okx,gate,WAXPUSDT,0.008494,0.008452,-0.4945,1774037392830
okx,gate,WAXPUSDT,0.008494,0.008456,-0.4474,1774037393130
okx,gate,WAXPUSDT,0.008494,0.008456,-0.4474,1774037393430
okx,gate,WAXPUSDT,0.008494,0.008456,-0.4474,1774037393731
okx,gate,WAXPUSDT,0.008494,0.008456,-0.4474,1774037394031
okx,gate,WAXPUSDT,0.008494,0.008457,-0.4356,1774037394332
okx,gate,WAXPUSDT,0.008494,0.008457,-0.4356,1774037394632
okx,gate,WAXPUSDT,0.008494,0.008457,-0.4356,1774037394932
okx,gate,WAXPUSDT,0.008494,0.008457,-0.4356,1774037395233
okx,gate,WAXPUSDT,0.008494,0.008457,-0.4356,1774037395533
okx,gate,WAXPUSDT,0.008494,0.008457,-0.4356,1774037395833
okx,gate,WAXPUSDT,0.008494,0.008457,-0.4356,1774037396133
okx,gate,WAXPUSDT,0.008494,0.008456,-0.4474,1774037396434
okx,gate,WAXPUSDT,0.008494,0.008456,-0.4474,1774037396735
okx,gate,WAXPUSDT,0.008494,0.008456,-0.4474,1774037397035
okx,gate,WAXPUSDT,0.008494,0.008456,-0.4474,1774037397336
okx,gate,WAXPUSDT,0.008494,0.008456,-0.4474,1774037397636
okx,gate,WAXPUSDT,0.008494,0.008456,-0.4474,1774037397936
okx,gate,WAXPUSDT,0.008494,0.008456,-0.4474,1774037398237
okx,gate,WAXPUSDT,0.008494,0.008456,-0.4474,1774037398538
okx,gate,WAXPUSDT,0.008494,0.008456,-0.4474,1774037398838
okx,gate,WAXPUSDT,0.008494,0.008456,-0.4474,1774037399139
okx,gate,WAXPUSDT,0.008494,0.008446,-0.5651,1774037399439
okx,gate,WAXPUSDT,0.008494,0.008449,-0.5298,1774037399739
okx,gate,WAXPUSDT,0.008494,0.008449,-0.5298,1774037400039
okx,gate,WAXPUSDT,0.008494,0.008449,-0.5298,1774037400340
okx,gate,WAXPUSDT,0.008493,0.008446,-0.5534,1774037400640
okx,gate,WAXPUSDT,0.008493,0.008446,-0.5534,1774037400940
okx,gate,WAXPUSDT,0.008492,0.008446,-0.5417,1774037401240
okx,gate,WAXPUSDT,0.008491,0.008446,-0.53,1774037401540
okx,gate,WAXPUSDT,0.008491,0.008449,-0.4946,1774037401840
okx,gate,WAXPUSDT,0.008491,0.008449,-0.4946,1774037402140
okx,gate,WAXPUSDT,0.008491,0.008449,-0.4946,1774037402441
okx,gate,WAXPUSDT,0.008492,0.008449,-0.5064,1774037402741
okx,gate,WAXPUSDT,0.008492,0.008447,-0.5299,1774037403041
okx,gate,WAXPUSDT,0.00849,0.008448,-0.4947,1774037403341
okx,gate,WAXPUSDT,0.00849,0.008448,-0.4947,1774037403641
okx,gate,WAXPUSDT,0.008489,0.008448,-0.483,1774037403942
okx,gate,WAXPUSDT,0.008489,0.008448,-0.483,1774037404242
okx,gate,WAXPUSDT,0.008489,0.008448,-0.483,1774037404542
okx,gate,WAXPUSDT,0.008489,0.008448,-0.483,1774037404843
okx,gate,WAXPUSDT,0.008491,0.008448,-0.5064,1774037405143
okx,gate,WAXPUSDT,0.008491,0.008448,-0.5064,1774037405444
okx,gate,WAXPUSDT,0.008491,0.008452,-0.4593,1774037405744
okx,gate,WAXPUSDT,0.008491,0.008452,-0.4593,1774037406044
okx,gate,WAXPUSDT,0.008491,0.008447,-0.5182,1774037406344
okx,gate,WAXPUSDT,0.00849,0.008447,-0.5065,1774037406645
okx,gate,WAXPUSDT,0.008486,0.008447,-0.4596,1774037406946
okx,gate,WAXPUSDT,0.008488,0.008447,-0.483,1774037407246
okx,gate,WAXPUSDT,0.008486,0.008447,-0.4596,1774037407546
okx,gate,WAXPUSDT,0.008488,0.008447,-0.483,1774037407846
okx,gate,WAXPUSDT,0.008486,0.008447,-0.4596,1774037408147
okx,gate,WAXPUSDT,0.008486,0.008447,-0.4596,1774037408447
okx,gate,WAXPUSDT,0.008489,0.008447,-0.4948,1774037408747
okx,gate,WAXPUSDT,0.008489,0.008447,-0.4948,1774037409047
okx,gate,WAXPUSDT,0.008488,0.008451,-0.4359,1774037409347
okx,gate,WAXPUSDT,0.008488,0.008451,-0.4359,1774037409647
okx,gate,WAXPUSDT,0.008489,0.008451,-0.4476,1774037409948
okx,gate,WAXPUSDT,0.008489,0.008451,-0.4476,1774037410248
okx,gate,WAXPUSDT,0.00849,0.008451,-0.4594,1774037410548
okx,gate,WAXPUSDT,0.008486,0.008448,-0.4478,1774037410848
okx,gate,WAXPUSDT,0.008486,0.008448,-0.4478,1774037411149
okx,gate,WAXPUSDT,0.008482,0.008448,-0.4008,1774037411449
okx,gate,WAXPUSDT,0.008484,0.008448,-0.4243,1774037411749
okx,gate,WAXPUSDT,0.008489,0.008448,-0.483,1774037412049
okx,gate,WAXPUSDT,0.008486,0.008448,-0.4478,1774037412350
okx,gate,WAXPUSDT,0.008482,0.008448,-0.4008,1774037412650
okx,gate,WAXPUSDT,0.008486,0.008448,-0.4478,1774037412950
okx,gate,WAXPUSDT,0.008483,0.008448,-0.4126,1774037413250
okx,gate,WAXPUSDT,0.00849,0.008448,-0.4947,1774037413550
okx,gate,WAXPUSDT,0.008494,0.008448,-0.5416,1774037413851
okx,gate,WAXPUSDT,0.008494,0.008448,-0.5416,1774037414151
okx,gate,WAXPUSDT,0.008494,0.008448,-0.5416,1774037414451
okx,gate,WAXPUSDT,0.008494,0.008448,-0.5416,1774037414754
okx,gate,WAXPUSDT,0.008494,0.008448,-0.5416,1774037415055
okx,gate,WAXPUSDT,0.008494,0.008448,-0.5416,1774037415355
okx,gate,WAXPUSDT,0.008494,0.008448,-0.5416,1774037415655
okx,gate,WAXPUSDT,0.008494,0.008448,-0.5416,1774037415956
okx,gate,WAXPUSDT,0.008494,0.008448,-0.5416,1774037416256
okx,gate,WAXPUSDT,0.008494,0.008448,-0.5416,1774037416557
okx,gate,WAXPUSDT,0.008494,0.008448,-0.5416,1774037416857
okx,gate,WAXPUSDT,0.008494,0.008448,-0.5416,1774037417157
okx,gate,WAXPUSDT,0.008494,0.008448,-0.5416,1774037417458
okx,gate,WAXPUSDT,0.008494,0.008448,-0.5416,1774037417758
okx,gate,WAXPUSDT,0.008494,0.008448,-0.5416,1774037418058
okx,gate,WAXPUSDT,0.008494,0.008448,-0.5416,1774037418358
okx,gate,WAXPUSDT,0.008494,0.008448,-0.5416,1774037418659
okx,gate,WAXPUSDT,0.008494,0.008448,-0.5416,1774037418959
okx,gate,WAXPUSDT,0.008494,0.008448,-0.5416,1774037419260
okx,gate,WAXPUSDT,0.008494,0.008448,-0.5416,1774037419560
okx,gate,WAXPUSDT,0.008494,0.008448,-0.5416,1774037419860
okx,gate,WAXPUSDT,0.008494,0.008448,-0.5416,1774037420160
okx,gate,WAXPUSDT,0.008494,0.008448,-0.5416,1774037420461
okx,gate,WAXPUSDT,0.008494,0.008448,-0.5416,1774037420761
okx,gate,WAXPUSDT,0.008494,0.008448,-0.5416,1774037421061
okx,gate,WAXPUSDT,0.008494,0.008448,-0.5416,1774037421361
okx,gate,WAXPUSDT,0.008494,0.008448,-0.5416,1774037421662
okx,gate,WAXPUSDT,0.008494,0.008448,-0.5416,1774037421962
okx,gate,WAXPUSDT,0.008494,0.008448,-0.5416,1774037422263
okx,gate,WAXPUSDT,0.008494,0.008448,-0.5416,1774037422563
okx,gate,WAXPUSDT,0.008494,0.008448,-0.5416,1774037422863
okx,gate,WAXPUSDT,0.008494,0.008448,-0.5416,1774037423164
okx,gate,WAXPUSDT,0.008494,0.008448,-0.5416,1774037423464
okx,gate,WAXPUSDT,0.008494,0.008448,-0.5416,1774037423764
okx,gate,WAXPUSDT,0.008494,0.008448,-0.5416,1774037424065
okx,gate,WAXPUSDT,0.008494,0.008448,-0.5416,1774037424365
okx,gate,WAXPUSDT,0.008494,0.008448,-0.5416,1774037424665
okx,gate,WAXPUSDT,0.008494,0.008448,-0.5416,1774037424965
okx,gate,WAXPUSDT,0.008494,0.008448,-0.5416,1774037425265
okx,gate,WAXPUSDT,0.008494,0.008448,-0.5416,1774037425565
okx,gate,WAXPUSDT,0.008494,0.008448,-0.5416,1774037425865
okx,gate,WAXPUSDT,0.008494,0.008448,-0.5416,1774037426166
okx,gate,WAXPUSDT,0.008494,0.008448,-0.5416,1774037426466
okx,gate,WAXPUSDT,0.008494,0.008454,-0.4709,1774037426766
okx,gate,WAXPUSDT,0.008502,0.008454,-0.5646,1774037427066
okx,gate,WAXPUSDT,0.008502,0.008454,-0.5646,1774037427366
okx,gate,WAXPUSDT,0.008502,0.008454,-0.5646,1774037427667
okx,gate,WAXPUSDT,0.008502,0.008454,-0.5646,1774037427968
okx,gate,WAXPUSDT,0.008502,0.008454,-0.5646,1774037428268
okx,gate,WAXPUSDT,0.008502,0.008454,-0.5646,1774037428568
okx,gate,WAXPUSDT,0.008502,0.008454,-0.5646,1774037428868
okx,gate,WAXPUSDT,0.0085,0.008454,-0.5412,1774037429169
okx,gate,WAXPUSDT,0.008498,0.008451,-0.5531,1774037429469
okx,gate,WAXPUSDT,0.008498,0.008451,-0.5531,1774037429769
okx,gate,WAXPUSDT,0.008498,0.008451,-0.5531,1774037430069
okx,gate,WAXPUSDT,0.008499,0.008451,-0.5648,1774037430369
okx,gate,WAXPUSDT,0.008498,0.008454,-0.5178,1774037430670
okx,gate,WAXPUSDT,0.008498,0.008454,-0.5178,1774037430970
okx,gate,WAXPUSDT,0.008498,0.008451,-0.5531,1774037431270
okx,gate,WAXPUSDT,0.008498,0.008451,-0.5531,1774037431571
okx,gate,WAXPUSDT,0.008501,0.008451,-0.5882,1774037431871
okx,gate,WAXPUSDT,0.0085,0.008451,-0.5765,1774037432172
okx,gate,WAXPUSDT,0.0085,0.008451,-0.5765,1774037432472
okx,gate,WAXPUSDT,0.0085,0.008451,-0.5765,1774037432772
okx,gate,WAXPUSDT,0.0085,0.008451,-0.5765,1774037433072
okx,gate,WAXPUSDT,0.0085,0.008452,-0.5647,1774037433372
okx,gate,WAXPUSDT,0.0085,0.008452,-0.5647,1774037433672
okx,gate,WAXPUSDT,0.0085,0.008452,-0.5647,1774037433973
okx,gate,WAXPUSDT,0.0085,0.008452,-0.5647,1774037434273
okx,gate,WAXPUSDT,0.0085,0.008452,-0.5647,1774037434574
okx,gate,WAXPUSDT,0.0085,0.008452,-0.5647,1774037434874
okx,gate,WAXPUSDT,0.0085,0.008452,-0.5647,1774037435176
okx,gate,WAXPUSDT,0.0085,0.008452,-0.5647,1774037435476
okx,gate,WAXPUSDT,0.0085,0.008452,-0.5647,1774037435777
okx,gate,WAXPUSDT,0.0085,0.008454,-0.5412,1774037436077
okx,gate,WAXPUSDT,0.0085,0.008454,-0.5412,1774037436377
okx,gate,WAXPUSDT,0.0085,0.008454,-0.5412,1774037436678
okx,gate,WAXPUSDT,0.0085,0.008454,-0.5412,1774037436978
okx,gate,WAXPUSDT,0.0085,0.008454,-0.5412,1774037437279
okx,gate,WAXPUSDT,0.0085,0.008454,-0.5412,1774037437579
okx,gate,WAXPUSDT,0.0085,0.008457,-0.5059,1774037437879
okx,gate,WAXPUSDT,0.0085,0.008459,-0.4824,1774037438180
okx,gate,WAXPUSDT,0.0085,0.008459,-0.4824,1774037438480
okx,gate,WAXPUSDT,0.0085,0.008459,-0.4824,1774037438780
okx,gate,WAXPUSDT,0.0085,0.008457,-0.5059,1774037439081
okx,gate,WAXPUSDT,0.0085,0.008457,-0.5059,1774037439381
okx,gate,WAXPUSDT,0.0085,0.008457,-0.5059,1774037439681
okx,gate,WAXPUSDT,0.0085,0.008457,-0.5059,1774037439981
okx,gate,WAXPUSDT,0.0085,0.008457,-0.5059,1774037440282
okx,gate,WAXPUSDT,0.0085,0.008457,-0.5059,1774037440582
okx,gate,WAXPUSDT,0.0085,0.008459,-0.4824,1774037440882
okx,gate,WAXPUSDT,0.0085,0.008459,-0.4824,1774037441183
okx,gate,WAXPUSDT,0.0085,0.008459,-0.4824,1774037441484
okx,gate,WAXPUSDT,0.0085,0.008459,-0.4824,1774037441784
okx,gate,WAXPUSDT,0.0085,0.008459,-0.4824,1774037442084
okx,gate,WAXPUSDT,0.0085,0.008459,-0.4824,1774037442384
okx,gate,WAXPUSDT,0.0085,0.008465,-0.4118,1774037442684
okx,gate,WAXPUSDT,0.008501,0.008463,-0.447,1774037442984
okx,gate,WAXPUSDT,0.008501,0.008463,-0.447,1774037443285
okx,gate,WAXPUSDT,0.008501,0.008464,-0.4352,1774037443585
okx,gate,WAXPUSDT,0.008501,0.008464,-0.4352,1774037443885
okx,gate,WAXPUSDT,0.008501,0.008464,-0.4352,1774037444186
okx,gate,WAXPUSDT,0.008501,0.008465,-0.4235,1774037444486
okx,gate,WAXPUSDT,0.008501,0.008465,-0.4235,1774037444787
okx,gate,WAXPUSDT,0.008501,0.008465,-0.4235,1774037445088
okx,gate,WAXPUSDT,0.008501,0.008465,-0.4235,1774037445388
okx,gate,WAXPUSDT,0.008501,0.008461,-0.4705,1774037445689
okx,gate,WAXPUSDT,0.008501,0.008461,-0.4705,1774037445989
okx,gate,WAXPUSDT,0.008501,0.008461,-0.4705,1774037446289
okx,gate,WAXPUSDT,0.008501,0.008461,-0.4705,1774037446589
okx,gate,WAXPUSDT,0.008501,0.008464,-0.4352,1774037446890
okx,gate,WAXPUSDT,0.008501,0.008464,-0.4352,1774037447190
okx,gate,WAXPUSDT,0.008501,0.008464,-0.4352,1774037447490
okx,gate,WAXPUSDT,0.008501,0.008464,-0.4352,1774037447790
okx,gate,WAXPUSDT,0.008501,0.008464,-0.4352,1774037448091
okx,gate,WAXPUSDT,0.008501,0.008464,-0.4352,1774037448391
okx,gate,WAXPUSDT,0.008501,0.008464,-0.4352,1774037448691
okx,gate,WAXPUSDT,0.008501,0.008464,-0.4352,1774037448991
okx,gate,WAXPUSDT,0.008501,0.008464,-0.4352,1774037449292
okx,gate,WAXPUSDT,0.008501,0.008464,-0.4352,1774037449593
okx,gate,WAXPUSDT,0.008501,0.008464,-0.4352,1774037449893
okx,gate,WAXPUSDT,0.008501,0.008464,-0.4352,1774037450193
okx,gate,WAXPUSDT,0.008501,0.008464,-0.4352,1774037450494
okx,gate,WAXPUSDT,0.008501,0.008464,-0.4352,1774037450794
okx,gate,WAXPUSDT,0.008512,0.008464,-0.5639,1774037451094
okx,gate,WAXPUSDT,0.008511,0.008464,-0.5522,1774037451395
okx,gate,WAXPUSDT,0.008511,0.008464,-0.5522,1774037451695
okx,gate,WAXPUSDT,0.008511,0.008464,-0.5522,1774037451995
okx,gate,WAXPUSDT,0.008511,0.008464,-0.5522,1774037452295
okx,gate,WAXPUSDT,0.008511,0.008464,-0.5522,1774037452595
okx,gate,WAXPUSDT,0.008511,0.008464,-0.5522,1774037452895
okx,gate,WAXPUSDT,0.00851,0.008464,-0.5405,1774037453196
okx,gate,WAXPUSDT,0.00851,0.008464,-0.5405,1774037453496
