spot_exch,fut_exch,symbol,ask_spot,bid_futures,spread_pct,ts
okx,bybit,WAXPUSDT,0.008352,0.008306,-0.5508,1774036579000
okx,bybit,WAXPUSDT,0.008352,0.008304,-0.5747,1774036581000
okx,bybit,WAXPUSDT,0.008352,0.008305,-0.5627,1774036582000
okx,bybit,WAXPUSDT,0.008352,0.008303,-0.5867,1774036583000
okx,bybit,WAXPUSDT,0.008352,0.008303,-0.5867,1774036584000
okx,bybit,WAXPUSDT,0.008352,0.008306,-0.5508,1774036585000
okx,bybit,WAXPUSDT,0.008352,0.008304,-0.5747,1774036586000
okx,bybit,WAXPUSDT,0.008352,0.008305,-0.5627,1774036587000
okx,bybit,WAXPUSDT,0.008352,0.008303,-0.5867,1774036588000
okx,bybit,WAXPUSDT,0.008352,0.008303,-0.5867,1774036590000
okx,bybit,WAXPUSDT,0.008355,0.008301,-0.6463,1774036599000
okx,bybit,WAXPUSDT,0.008354,0.008303,-0.6105,1774036600000
okx,bybit,WAXPUSDT,0.008354,0.008299,-0.6584,1774036601000
okx,bybit,WAXPUSDT,0.008354,0.008299,-0.6584,1774036603000
okx,bybit,WAXPUSDT,0.008354,0.008296,-0.6943,1774036605000
okx,bybit,WAXPUSDT,0.008354,0.008293,-0.7302,1774036606000
okx,bybit,WAXPUSDT,0.008354,0.008293,-0.7302,1774036607000
okx,bybit,WAXPUSDT,0.008354,0.008293,-0.7302,1774036608000
okx,bybit,WAXPUSDT,0.008354,0.008293,-0.7302,1774036609000
okx,bybit,WAXPUSDT,0.008354,0.008293,-0.7302,1774036610000
okx,bybit,WAXPUSDT,0.008354,0.008293,-0.7302,1774036613000
okx,bybit,WAXPUSDT,0.008354,0.008291,-0.7541,1774036614000
okx,bybit,WAXPUSDT,0.008354,0.008292,-0.7422,1774036615000
okx,bybit,WAXPUSDT,0.008354,0.008288,-0.79,1774036616000
okx,bybit,WAXPUSDT,0.008345,0.008286,-0.707,1774036619000
okx,bybit,WAXPUSDT,0.008345,0.008286,-0.707,1774036620000
okx,bybit,WAXPUSDT,0.008344,0.00829,-0.6472,1774036621000
okx,bybit,WAXPUSDT,0.008344,0.008289,-0.6592,1774036622000
okx,bybit,WAXPUSDT,0.008344,0.008284,-0.7191,1774036625000
okx,bybit,WAXPUSDT,0.008344,0.008289,-0.6592,1774036635000
okx,bybit,WAXPUSDT,0.008344,0.008286,-0.6951,1774036645000
okx,bybit,WAXPUSDT,0.008344,0.008289,-0.6592,1774036646000
okx,bybit,WAXPUSDT,0.008344,0.00829,-0.6472,1774036647000
okx,bybit,WAXPUSDT,0.008344,0.00829,-0.6472,1774036648000
okx,bybit,WAXPUSDT,0.008344,0.00829,-0.6472,1774036649000
okx,bybit,WAXPUSDT,0.008344,0.008286,-0.6951,1774036651000
okx,bybit,WAXPUSDT,0.008344,0.008289,-0.6592,1774036664000
okx,bybit,WAXPUSDT,0.008344,0.008291,-0.6352,1774036665000
okx,bybit,WAXPUSDT,0.008344,0.008291,-0.6352,1774036668000
okx,bybit,WAXPUSDT,0.008344,0.008291,-0.6352,1774036669000
okx,bybit,WAXPUSDT,0.008346,0.008292,-0.647,1774036680000
okx,bybit,WAXPUSDT,0.008345,0.00829,-0.6591,1774036681000
okx,bybit,WAXPUSDT,0.008346,0.008289,-0.683,1774036682000
okx,bybit,WAXPUSDT,0.008346,0.008296,-0.5991,1774036690000
okx,bybit,WAXPUSDT,0.008346,0.008301,-0.5392,1774036691000
okx,bybit,WAXPUSDT,0.008375,0.008301,-0.8836,1774036701000
okx,bybit,WAXPUSDT,0.008376,0.008322,-0.6447,1774036702000
okx,bybit,WAXPUSDT,0.008378,0.008322,-0.6684,1774036704000
okx,bybit,WAXPUSDT,0.008377,0.008314,-0.7521,1774036706000
okx,bybit,WAXPUSDT,0.008377,0.00832,-0.6804,1774036708000
okx,bybit,WAXPUSDT,0.008384,0.008319,-0.7753,1774036709000
okx,bybit,WAXPUSDT,0.008384,0.00832,-0.7634,1774036710000
okx,bybit,WAXPUSDT,0.008384,0.00832,-0.7634,1774036711000
okx,bybit,WAXPUSDT,0.008384,0.008323,-0.7276,1774036712000
okx,bybit,WAXPUSDT,0.008384,0.008315,-0.823,1774036713000
okx,bybit,WAXPUSDT,0.008384,0.008318,-0.7872,1774036714000
okx,bybit,WAXPUSDT,0.008384,0.008318,-0.7872,1774036715000
okx,bybit,WAXPUSDT,0.008384,0.008316,-0.8111,1774036716000
okx,bybit,WAXPUSDT,0.008384,0.008316,-0.8111,1774036717000
okx,bybit,WAXPUSDT,0.008384,0.008316,-0.8111,1774036718000
okx,bybit,WAXPUSDT,0.008384,0.008316,-0.8111,1774036719000
okx,bybit,WAXPUSDT,0.008384,0.008317,-0.7991,1774036720000
okx,bybit,WAXPUSDT,0.008384,0.008312,-0.8588,1774036721000
okx,bybit,WAXPUSDT,0.008381,0.008319,-0.7398,1774036722000
okx,bybit,WAXPUSDT,0.008381,0.008317,-0.7636,1774036723000
okx,bybit,WAXPUSDT,0.008381,0.00832,-0.7278,1774036724000
okx,bybit,WAXPUSDT,0.008381,0.008319,-0.7398,1774036725000
okx,bybit,WAXPUSDT,0.008381,0.008319,-0.7398,1774036726000
okx,bybit,WAXPUSDT,0.008381,0.008319,-0.7398,1774036727000
okx,bybit,WAXPUSDT,0.008381,0.008319,-0.7398,1774036728000
okx,bybit,WAXPUSDT,0.008381,0.00832,-0.7278,1774036729000
okx,bybit,WAXPUSDT,0.008381,0.008328,-0.6324,1774036730000
okx,bybit,WAXPUSDT,0.008381,0.008325,-0.6682,1774036731000
okx,bybit,WAXPUSDT,0.008381,0.008323,-0.692,1774036732000
okx,bybit,WAXPUSDT,0.008381,0.00833,-0.6085,1774036733000
okx,bybit,WAXPUSDT,0.008381,0.008337,-0.525,1774036734000
okx,bybit,WAXPUSDT,0.008386,0.008352,-0.4054,1774036735000
okx,bybit,WAXPUSDT,0.008389,0.008353,-0.4291,1774036736000
okx,bybit,WAXPUSDT,0.008389,0.00835,-0.4649,1774036737000
okx,bybit,WAXPUSDT,0.008389,0.008344,-0.5364,1774036740000
okx,bybit,WAXPUSDT,0.008389,0.008342,-0.5603,1774036746000
okx,bybit,WAXPUSDT,0.008389,0.008342,-0.5603,1774036747000
okx,bybit,WAXPUSDT,0.008396,0.00834,-0.667,1774036748000
okx,bybit,WAXPUSDT,0.008396,0.008347,-0.5836,1774036749000
okx,bybit,WAXPUSDT,0.008396,0.008348,-0.5717,1774036750000
okx,bybit,WAXPUSDT,0.008406,0.008346,-0.7138,1774036751000
okx,bybit,WAXPUSDT,0.008406,0.008346,-0.7138,1774036752000
okx,bybit,WAXPUSDT,0.008406,0.008349,-0.6781,1774036753000
okx,bybit,WAXPUSDT,0.008406,0.008347,-0.7019,1774036754000
okx,bybit,WAXPUSDT,0.008406,0.008351,-0.6543,1774036755000
okx,bybit,WAXPUSDT,0.008406,0.00835,-0.6662,1774036756000
okx,bybit,WAXPUSDT,0.008406,0.008348,-0.69,1774036757000
okx,bybit,WAXPUSDT,0.008406,0.008348,-0.69,1774036758000
okx,bybit,WAXPUSDT,0.008406,0.008349,-0.6781,1774036759000
okx,bybit,WAXPUSDT,0.008406,0.008349,-0.6781,1774036760000
okx,bybit,WAXPUSDT,0.008406,0.00835,-0.6662,1774036761000
okx,bybit,WAXPUSDT,0.008407,0.008352,-0.6542,1774036762000
okx,bybit,WAXPUSDT,0.008407,0.008349,-0.6899,1774036763000
okx,bybit,WAXPUSDT,0.008407,0.008351,-0.6661,1774036764000
okx,bybit,WAXPUSDT,0.008407,0.008352,-0.6542,1774036765000
okx,bybit,WAXPUSDT,0.008407,0.00835,-0.678,1774036766000
okx,bybit,WAXPUSDT,0.008407,0.00835,-0.678,1774036767000
okx,bybit,WAXPUSDT,0.008407,0.008348,-0.7018,1774036768000
okx,bybit,WAXPUSDT,0.008407,0.008347,-0.7137,1774036769000
okx,bybit,WAXPUSDT,0.008407,0.008349,-0.6899,1774036770000
okx,bybit,WAXPUSDT,0.008407,0.008348,-0.7018,1774036771000
okx,bybit,WAXPUSDT,0.008407,0.00835,-0.678,1774036777000
okx,bybit,WAXPUSDT,0.008407,0.008348,-0.7018,1774036778000
okx,bybit,WAXPUSDT,0.008407,0.008348,-0.7018,1774036779000
okx,bybit,WAXPUSDT,0.008407,0.008359,-0.571,1774036780000
okx,bybit,WAXPUSDT,0.008407,0.008363,-0.5234,1774036783000
okx,bybit,WAXPUSDT,0.008408,0.008363,-0.5352,1774036784000
okx,bybit,WAXPUSDT,0.008408,0.008363,-0.5352,1774036785000
okx,bybit,WAXPUSDT,0.008407,0.008358,-0.5828,1774036786000
okx,bybit,WAXPUSDT,0.008404,0.00835,-0.6426,1774036787000
okx,bybit,WAXPUSDT,0.008397,0.008351,-0.5478,1774036788000
okx,bybit,WAXPUSDT,0.008408,0.008367,-0.4876,1774036789000
okx,bybit,WAXPUSDT,0.008407,0.008363,-0.5234,1774036790000
okx,bybit,WAXPUSDT,0.008407,0.008365,-0.4996,1774036792000
okx,bybit,WAXPUSDT,0.008406,0.008361,-0.5353,1774036793000
okx,bybit,WAXPUSDT,0.008403,0.008362,-0.4879,1774036794000
okx,bybit,WAXPUSDT,0.008406,0.008365,-0.4877,1774036795000
okx,bybit,WAXPUSDT,0.008406,0.00836,-0.5472,1774036796000
okx,bybit,WAXPUSDT,0.008406,0.008364,-0.4996,1774036797000
okx,bybit,WAXPUSDT,0.008402,0.00836,-0.4999,1774036798000
okx,bybit,WAXPUSDT,0.008405,0.008366,-0.464,1774036799000
okx,bybit,WAXPUSDT,0.008407,0.00837,-0.4401,1774036800000
okx,bybit,WAXPUSDT,0.0084,0.008336,-0.7619,1774036801000
okx,bybit,WAXPUSDT,0.008392,0.008319,-0.8699,1774036802000
okx,bybit,WAXPUSDT,0.008384,0.008323,-0.7276,1774036803000
okx,bybit,WAXPUSDT,0.008384,0.008323,-0.7276,1774036804000
okx,bybit,WAXPUSDT,0.008384,0.008323,-0.7276,1774036805000
okx,bybit,WAXPUSDT,0.008386,0.008323,-0.7513,1774036806000
okx,bybit,WAXPUSDT,0.008386,0.008324,-0.7393,1774036807000
okx,bybit,WAXPUSDT,0.008382,0.008325,-0.68,1774036808000
okx,bybit,WAXPUSDT,0.008382,0.008315,-0.7993,1774036810000
okx,bybit,WAXPUSDT,0.008382,0.008315,-0.7993,1774036811000
okx,bybit,WAXPUSDT,0.008382,0.008329,-0.6323,1774036813000
okx,bybit,WAXPUSDT,0.008386,0.00833,-0.6678,1774036815000
okx,bybit,WAXPUSDT,0.008385,0.008333,-0.6202,1774036816000
okx,bybit,WAXPUSDT,0.008384,0.008326,-0.6918,1774036819000
okx,bybit,WAXPUSDT,0.008384,0.008325,-0.7037,1774036821000
okx,bybit,WAXPUSDT,0.008384,0.008325,-0.7037,1774036822000
okx,bybit,WAXPUSDT,0.008386,0.008324,-0.7393,1774036823000
okx,bybit,WAXPUSDT,0.008386,0.008324,-0.7393,1774036824000
okx,bybit,WAXPUSDT,0.008386,0.008324,-0.7393,1774036825000
okx,bybit,WAXPUSDT,0.008386,0.008324,-0.7393,1774036826000
okx,bybit,WAXPUSDT,0.008386,0.008324,-0.7393,1774036827000
okx,bybit,WAXPUSDT,0.008384,0.008324,-0.7156,1774036828000
okx,bybit,WAXPUSDT,0.008383,0.008323,-0.7157,1774036829000
okx,bybit,WAXPUSDT,0.008382,0.008313,-0.8232,1774036837000
okx,bybit,WAXPUSDT,0.008382,0.008309,-0.8709,1774036840000
okx,bybit,WAXPUSDT,0.008382,0.008309,-0.8709,1774036841000
okx,bybit,WAXPUSDT,0.008382,0.008309,-0.8709,1774036842000
okx,bybit,WAXPUSDT,0.008382,0.008309,-0.8709,1774036845000
okx,bybit,WAXPUSDT,0.008382,0.008309,-0.8709,1774036846000
okx,bybit,WAXPUSDT,0.008382,0.008309,-0.8709,1774036847000
okx,bybit,WAXPUSDT,0.008382,0.008311,-0.8471,1774036849000
okx,bybit,WAXPUSDT,0.008382,0.00831,-0.859,1774036850000
okx,bybit,WAXPUSDT,0.008382,0.008311,-0.8471,1774036852000
okx,bybit,WAXPUSDT,0.008382,0.008311,-0.8471,1774036853000
okx,bybit,WAXPUSDT,0.008382,0.008312,-0.8351,1774036854000
okx,bybit,WAXPUSDT,0.008382,0.008313,-0.8232,1774036855000
okx,bybit,WAXPUSDT,0.008382,0.008322,-0.7158,1774036860000
okx,bybit,WAXPUSDT,0.008382,0.008318,-0.7635,1774036861000
okx,bybit,WAXPUSDT,0.008382,0.008319,-0.7516,1774036867000
okx,bybit,WAXPUSDT,0.00838,0.008322,-0.6921,1774036868000
okx,bybit,WAXPUSDT,0.008376,0.008326,-0.5969,1774036869000
okx,bybit,WAXPUSDT,0.008374,0.008327,-0.5613,1774036870000
okx,bybit,WAXPUSDT,0.008378,0.008332,-0.5491,1774036871000
okx,bybit,WAXPUSDT,0.008378,0.008331,-0.561,1774036872000
okx,bybit,WAXPUSDT,0.00838,0.008333,-0.5609,1774036873000
okx,bybit,WAXPUSDT,0.00838,0.008331,-0.5847,1774036874000
okx,bybit,WAXPUSDT,0.00838,0.008332,-0.5728,1774036875000
okx,bybit,WAXPUSDT,0.00838,0.008334,-0.5489,1774036876000
okx,bybit,WAXPUSDT,0.00838,0.008324,-0.6683,1774036877000
okx,bybit,WAXPUSDT,0.008374,0.008332,-0.5016,1774036878000
okx,bybit,WAXPUSDT,0.00838,0.008331,-0.5847,1774036879000
okx,bybit,WAXPUSDT,0.008378,0.008331,-0.561,1774036880000
okx,bybit,WAXPUSDT,0.00838,0.008331,-0.5847,1774036881000
okx,bybit,WAXPUSDT,0.008381,0.008332,-0.5847,1774036882000
okx,bybit,WAXPUSDT,0.008384,0.008334,-0.5964,1774036883000
okx,bybit,WAXPUSDT,0.00838,0.008335,-0.537,1774036884000
okx,bybit,WAXPUSDT,0.008384,0.008327,-0.6799,1774036885000
okx,bybit,WAXPUSDT,0.008376,0.008327,-0.585,1774036886000
okx,bybit,WAXPUSDT,0.008373,0.008327,-0.5494,1774036887000
okx,bybit,WAXPUSDT,0.008371,0.008325,-0.5495,1774036888000
okx,bybit,WAXPUSDT,0.008371,0.008323,-0.5734,1774036890000
okx,bybit,WAXPUSDT,0.008371,0.00832,-0.6092,1774036891000
okx,bybit,WAXPUSDT,0.008371,0.00832,-0.6092,1774036892000
okx,bybit,WAXPUSDT,0.008371,0.00832,-0.6092,1774036893000
okx,bybit,WAXPUSDT,0.008371,0.00832,-0.6092,1774036895000
okx,bybit,WAXPUSDT,0.008371,0.008321,-0.5973,1774036896000
okx,bybit,WAXPUSDT,0.008371,0.00832,-0.6092,1774036903000
okx,bybit,WAXPUSDT,0.008371,0.008316,-0.657,1774036904000
okx,bybit,WAXPUSDT,0.008371,0.008317,-0.6451,1774036905000
okx,bybit,WAXPUSDT,0.008371,0.008316,-0.657,1774036906000
okx,bybit,WAXPUSDT,0.008371,0.008316,-0.657,1774036907000
okx,bybit,WAXPUSDT,0.008371,0.008316,-0.657,1774036908000
okx,bybit,WAXPUSDT,0.008371,0.008316,-0.657,1774036909000
okx,bybit,WAXPUSDT,0.008383,0.00832,-0.7515,1774036911000
okx,bybit,WAXPUSDT,0.008381,0.008321,-0.7159,1774036912000
okx,bybit,WAXPUSDT,0.008382,0.008319,-0.7516,1774036913000
okx,bybit,WAXPUSDT,0.008381,0.008316,-0.7756,1774036917000
okx,bybit,WAXPUSDT,0.00838,0.008316,-0.7637,1774036918000
okx,bybit,WAXPUSDT,0.00838,0.008315,-0.7757,1774036919000
okx,bybit,WAXPUSDT,0.00838,0.008314,-0.7876,1774036920000
okx,bybit,WAXPUSDT,0.00838,0.008321,-0.7041,1774036922000
okx,bybit,WAXPUSDT,0.00838,0.008321,-0.7041,1774036923000
okx,bybit,WAXPUSDT,0.00838,0.008322,-0.6921,1774036924000
okx,bybit,WAXPUSDT,0.008383,0.008322,-0.7277,1774036926000
okx,bybit,WAXPUSDT,0.008383,0.00831,-0.8708,1774036938000
okx,bybit,WAXPUSDT,0.008381,0.0083,-0.9665,1774036941000
okx,bybit,WAXPUSDT,0.008372,0.008293,-0.9436,1774036942000
okx,bybit,WAXPUSDT,0.008367,0.008278,-1.0637,1774036943000
okx,bybit,WAXPUSDT,0.008366,0.008279,-1.0399,1774036944000
okx,bybit,WAXPUSDT,0.008363,0.008282,-0.9686,1774036949000
okx,bybit,WAXPUSDT,0.008361,0.008303,-0.6937,1774036957000
okx,bybit,WAXPUSDT,0.008361,0.008302,-0.7057,1774036958000
okx,bybit,WAXPUSDT,0.008361,0.008302,-0.7057,1774036961000
okx,bybit,WAXPUSDT,0.008361,0.008302,-0.7057,1774036963000
okx,bybit,WAXPUSDT,0.008361,0.008303,-0.6937,1774036964000
okx,bybit,WAXPUSDT,0.008361,0.008327,-0.4066,1774036987000
okx,bybit,WAXPUSDT,0.008362,0.008328,-0.4066,1774036989000
okx,bybit,WAXPUSDT,0.008373,0.008328,-0.5374,1774036990000
okx,bybit,WAXPUSDT,0.008371,0.008328,-0.5137,1774036991000
okx,bybit,WAXPUSDT,0.008371,0.008328,-0.5137,1774036992000
okx,bybit,WAXPUSDT,0.008367,0.008336,-0.3705,1774036993000
okx,bybit,WAXPUSDT,0.008371,0.008337,-0.4062,1774036994000
okx,bybit,WAXPUSDT,0.008381,0.008428,0.5608,1774036995000
okx,bybit,WAXPUSDT,0.008377,0.008491,1.3609,1774036995729
okx,bybit,WAXPUSDT,0.008375,0.008452,0.9194,1774036996029
okx,bybit,WAXPUSDT,0.008381,0.008456,0.8949,1774036996329
okx,bybit,WAXPUSDT,0.008381,0.00846,0.9426,1774036996629
okx,bybit,WAXPUSDT,0.008377,0.008496,1.4206,1774036996930
okx,bybit,WAXPUSDT,0.008375,0.008491,1.3851,1774036997230
okx,bybit,WAXPUSDT,0.008379,0.008481,1.2173,1774036997530
okx,bybit,WAXPUSDT,0.008375,0.008495,1.4328,1774036997830
okx,bybit,WAXPUSDT,0.008381,0.008488,1.2767,1774036998130
okx,bybit,WAXPUSDT,0.008375,0.008496,1.4448,1774036998430
okx,bybit,WAXPUSDT,0.008383,0.008508,1.4911,1774036998730
okx,bybit,WAXPUSDT,0.008374,0.008554,2.1495,1774036999032
okx,bybit,WAXPUSDT,0.00838,0.008547,1.9928,1774036999332
okx,bybit,WAXPUSDT,0.008376,0.008534,1.8863,1774036999633
okx,bybit,WAXPUSDT,0.008376,0.008542,1.9819,1774036999933
okx,bybit,WAXPUSDT,0.008374,0.008544,2.0301,1774037000233
okx,bybit,WAXPUSDT,0.00838,0.008564,2.1957,1774037000534
okx,bybit,WAXPUSDT,0.008378,0.00855,2.053,1774037000834
okx,bybit,WAXPUSDT,0.008376,0.008542,1.9819,1774037001134
okx,bybit,WAXPUSDT,0.008376,0.008532,1.8625,1774037001434
okx,bybit,WAXPUSDT,0.008383,0.008536,1.8251,1774037001734
okx,bybit,WAXPUSDT,0.008391,0.008532,1.6804,1774037002034
okx,bybit,WAXPUSDT,0.00849,0.008537,0.5536,1774037002335
okx,bybit,WAXPUSDT,0.008489,0.00853,0.483,1774037002635
okx,bybit,WAXPUSDT,0.008487,0.00852,0.3888,1774037002936
okx,bybit,WAXPUSDT,0.008484,0.008519,0.4125,1774037003236
okx,bybit,WAXPUSDT,0.008534,0.008492,-0.4921,1774037003536
okx,bybit,WAXPUSDT,0.008534,0.008468,-0.7734,1774037003836
okx,bybit,WAXPUSDT,0.008551,0.008468,-0.9706,1774037004136
okx,bybit,WAXPUSDT,0.008551,0.008465,-1.0057,1774037004436
okx,bybit,WAXPUSDT,0.008542,0.008459,-0.9717,1774037004736
okx,bybit,WAXPUSDT,0.008521,0.008459,-0.7276,1774037005037
okx,bybit,WAXPUSDT,0.008518,0.008456,-0.7279,1774037005337
okx,bybit,WAXPUSDT,0.008518,0.008456,-0.7279,1774037005637
okx,bybit,WAXPUSDT,0.008533,0.008449,-0.9844,1774037005937
okx,bybit,WAXPUSDT,0.008531,0.008449,-0.9612,1774037006237
okx,bybit,WAXPUSDT,0.00853,0.008456,-0.8675,1774037006537
okx,bybit,WAXPUSDT,0.00853,0.008456,-0.8675,1774037006838
okx,bybit,WAXPUSDT,0.008537,0.008464,-0.8551,1774037007138
okx,bybit,WAXPUSDT,0.008537,0.008467,-0.82,1774037007438
okx,bybit,WAXPUSDT,0.008537,0.008472,-0.7614,1774037007738
okx,bybit,WAXPUSDT,0.008626,0.008479,-1.7042,1774037008039
okx,bybit,WAXPUSDT,0.008596,0.008481,-1.3378,1774037008339
okx,bybit,WAXPUSDT,0.008592,0.008497,-1.1057,1774037008639
okx,bybit,WAXPUSDT,0.008582,0.008495,-1.0137,1774037008940
okx,bybit,WAXPUSDT,0.008582,0.008489,-1.0837,1774037009240
okx,bybit,WAXPUSDT,0.008578,0.008492,-1.0026,1774037009541
okx,bybit,WAXPUSDT,0.008579,0.008492,-1.0141,1774037009841
okx,bybit,WAXPUSDT,0.008579,0.008484,-1.1074,1774037010141
okx,bybit,WAXPUSDT,0.008577,0.008482,-1.1076,1774037010442
okx,bybit,WAXPUSDT,0.008577,0.008482,-1.1076,1774037010742
okx,bybit,WAXPUSDT,0.008577,0.008473,-1.2125,1774037011042
okx,bybit,WAXPUSDT,0.008569,0.008462,-1.2487,1774037011342
okx,bybit,WAXPUSDT,0.008568,0.008462,-1.2372,1774037011644
okx,bybit,WAXPUSDT,0.008568,0.00846,-1.2605,1774037011944
okx,bybit,WAXPUSDT,0.008569,0.008458,-1.2954,1774037012244
okx,bybit,WAXPUSDT,0.008569,0.00846,-1.272,1774037012544
okx,bybit,WAXPUSDT,0.008569,0.008462,-1.2487,1774037012845
okx,bybit,WAXPUSDT,0.008569,0.008462,-1.2487,1774037013145
okx,bybit,WAXPUSDT,0.008567,0.008468,-1.1556,1774037013445
okx,bybit,WAXPUSDT,0.008567,0.00847,-1.1323,1774037013746
okx,bybit,WAXPUSDT,0.008564,0.008471,-1.0859,1774037014046
okx,bybit,WAXPUSDT,0.008528,0.008473,-0.6449,1774037014346
okx,bybit,WAXPUSDT,0.008528,0.008479,-0.5746,1774037014646
okx,bybit,WAXPUSDT,0.008522,0.008479,-0.5046,1774037014947
okx,bybit,WAXPUSDT,0.008516,0.008471,-0.5284,1774037015247
okx,bybit,WAXPUSDT,0.00851,0.008477,-0.3878,1774037015547
okx,bybit,WAXPUSDT,0.00851,0.008477,-0.3878,1774037015848
okx,bybit,WAXPUSDT,0.008509,0.008474,-0.4113,1774037016148
okx,bybit,WAXPUSDT,0.008509,0.008474,-0.4113,1774037016448
okx,bybit,WAXPUSDT,0.008509,0.008474,-0.4113,1774037016749
okx,bybit,WAXPUSDT,0.008509,0.008476,-0.3878,1774037017049
okx,bybit,WAXPUSDT,0.008509,0.008476,-0.3878,1774037017349
okx,bybit,WAXPUSDT,0.008509,0.008476,-0.3878,1774037017650
okx,bybit,WAXPUSDT,0.008509,0.008474,-0.4113,1774037017951
okx,bybit,WAXPUSDT,0.008509,0.008468,-0.4818,1774037018251
okx,bybit,WAXPUSDT,0.008525,0.008468,-0.6686,1774037018551
okx,bybit,WAXPUSDT,0.008532,0.008468,-0.7501,1774037018852
okx,bybit,WAXPUSDT,0.008537,0.008457,-0.9371,1774037019152
okx,bybit,WAXPUSDT,0.008537,0.008456,-0.9488,1774037019452
okx,bybit,WAXPUSDT,0.008538,0.008455,-0.9721,1774037019752
okx,bybit,WAXPUSDT,0.008538,0.008454,-0.9838,1774037020053
okx,bybit,WAXPUSDT,0.008537,0.008462,-0.8785,1774037020353
okx,bybit,WAXPUSDT,0.008537,0.008465,-0.8434,1774037020653
okx,bybit,WAXPUSDT,0.008523,0.008465,-0.6805,1774037020954
okx,bybit,WAXPUSDT,0.008521,0.008465,-0.6572,1774037021255
okx,bybit,WAXPUSDT,0.00852,0.008468,-0.6103,1774037021556
okx,bybit,WAXPUSDT,0.008523,0.008474,-0.5749,1774037021856
okx,bybit,WAXPUSDT,0.008527,0.008475,-0.6098,1774037022157
okx,bybit,WAXPUSDT,0.008529,0.008475,-0.6331,1774037022457
okx,bybit,WAXPUSDT,0.008531,0.008481,-0.5861,1774037022757
okx,bybit,WAXPUSDT,0.008531,0.008478,-0.6213,1774037023058
okx,bybit,WAXPUSDT,0.008531,0.008471,-0.7033,1774037023358
okx,bybit,WAXPUSDT,0.008531,0.008473,-0.6799,1774037023658
okx,bybit,WAXPUSDT,0.008526,0.008475,-0.5982,1774037023959
okx,bybit,WAXPUSDT,0.008526,0.008476,-0.5864,1774037024259
okx,bybit,WAXPUSDT,0.00853,0.008476,-0.6331,1774037024559
okx,bybit,WAXPUSDT,0.008523,0.008475,-0.5632,1774037024860
okx,bybit,WAXPUSDT,0.00852,0.008475,-0.5282,1774037025160
okx,bybit,WAXPUSDT,0.008518,0.008473,-0.5283,1774037025460
okx,bybit,WAXPUSDT,0.008525,0.008473,-0.61,1774037025760
okx,bybit,WAXPUSDT,0.008525,0.008473,-0.61,1774037026060
okx,bybit,WAXPUSDT,0.008521,0.008471,-0.5868,1774037026361
okx,bybit,WAXPUSDT,0.008528,0.008471,-0.6684,1774037026661
okx,bybit,WAXPUSDT,0.00853,0.008469,-0.7151,1774037026961
okx,bybit,WAXPUSDT,0.008528,0.008462,-0.7739,1774037027261
okx,bybit,WAXPUSDT,0.008528,0.008461,-0.7856,1774037027562
okx,bybit,WAXPUSDT,0.008531,0.008461,-0.8205,1774037027862
okx,bybit,WAXPUSDT,0.00853,0.008458,-0.8441,1774037028162
okx,bybit,WAXPUSDT,0.008528,0.008458,-0.8208,1774037028462
okx,bybit,WAXPUSDT,0.008524,0.008458,-0.7743,1774037028763
okx,bybit,WAXPUSDT,0.008524,0.00846,-0.7508,1774037029063
okx,bybit,WAXPUSDT,0.008526,0.008463,-0.7389,1774037029363
okx,bybit,WAXPUSDT,0.008522,0.008465,-0.6689,1774037029663
okx,bybit,WAXPUSDT,0.008521,0.008459,-0.7276,1774037029964
okx,bybit,WAXPUSDT,0.008516,0.008459,-0.6693,1774037030264
okx,bybit,WAXPUSDT,0.008516,0.008459,-0.6693,1774037030565
okx,bybit,WAXPUSDT,0.008518,0.008458,-0.7044,1774037030865
okx,bybit,WAXPUSDT,0.008518,0.008458,-0.7044,1774037031166
okx,bybit,WAXPUSDT,0.008519,0.008458,-0.716,1774037031466
okx,bybit,WAXPUSDT,0.008518,0.008458,-0.7044,1774037031766
okx,bybit,WAXPUSDT,0.008516,0.008458,-0.6811,1774037032067
okx,bybit,WAXPUSDT,0.008519,0.008457,-0.7278,1774037032367
okx,bybit,WAXPUSDT,0.008519,0.008458,-0.716,1774037032667
okx,bybit,WAXPUSDT,0.008518,0.008458,-0.7044,1774037032968
okx,bybit,WAXPUSDT,0.008518,0.008457,-0.7161,1774037033269
okx,bybit,WAXPUSDT,0.008518,0.008457,-0.7161,1774037033569
okx,bybit,WAXPUSDT,0.008518,0.008458,-0.7044,1774037033869
okx,bybit,WAXPUSDT,0.00852,0.008463,-0.669,1774037034170
okx,bybit,WAXPUSDT,0.00852,0.008463,-0.669,1774037034470
okx,bybit,WAXPUSDT,0.008521,0.008458,-0.7393,1774037034770
okx,bybit,WAXPUSDT,0.008521,0.008465,-0.6572,1774037035071
okx,bybit,WAXPUSDT,0.008525,0.008461,-0.7507,1774037035372
okx,bybit,WAXPUSDT,0.008525,0.008464,-0.7155,1774037035672
okx,bybit,WAXPUSDT,0.008524,0.008467,-0.6687,1774037035972
okx,bybit,WAXPUSDT,0.008524,0.008466,-0.6804,1774037036272
okx,bybit,WAXPUSDT,0.008526,0.008467,-0.692,1774037036573
okx,bybit,WAXPUSDT,0.008524,0.008478,-0.5397,1774037036873
okx,bybit,WAXPUSDT,0.008525,0.008481,-0.5161,1774037037173
okx,bybit,WAXPUSDT,0.008526,0.008483,-0.5043,1774037037473
okx,bybit,WAXPUSDT,0.008526,0.008481,-0.5278,1774037037773
okx,bybit,WAXPUSDT,0.008526,0.008478,-0.563,1774037038074
okx,bybit,WAXPUSDT,0.008526,0.008476,-0.5864,1774037038374
okx,bybit,WAXPUSDT,0.008533,0.008472,-0.7149,1774037038675
okx,bybit,WAXPUSDT,0.008533,0.008472,-0.7149,1774037038975
okx,bybit,WAXPUSDT,0.008529,0.008472,-0.6683,1774037039275
okx,bybit,WAXPUSDT,0.008527,0.008469,-0.6802,1774037039575
okx,bybit,WAXPUSDT,0.008525,0.008469,-0.6569,1774037039876
okx,bybit,WAXPUSDT,0.008524,0.008467,-0.6687,1774037040177
okx,bybit,WAXPUSDT,0.008523,0.008471,-0.6101,1774037040493
okx,bybit,WAXPUSDT,0.008524,0.008462,-0.7274,1774037040793
okx,bybit,WAXPUSDT,0.008524,0.008462,-0.7274,1774037041094
okx,bybit,WAXPUSDT,0.008523,0.008462,-0.7157,1774037041394
okx,bybit,WAXPUSDT,0.008521,0.008462,-0.6924,1774037041694
okx,bybit,WAXPUSDT,0.008521,0.008463,-0.6807,1774037041994
okx,bybit,WAXPUSDT,0.008519,0.008462,-0.6691,1774037042295
okx,bybit,WAXPUSDT,0.008519,0.008462,-0.6691,1774037042595
okx,bybit,WAXPUSDT,0.008515,0.008462,-0.6224,1774037042895
okx,bybit,WAXPUSDT,0.008517,0.008454,-0.7397,1774037043196
okx,bybit,WAXPUSDT,0.008517,0.008455,-0.728,1774037043496
okx,bybit,WAXPUSDT,0.008517,0.008454,-0.7397,1774037043808
okx,bybit,WAXPUSDT,0.008516,0.008454,-0.728,1774037044108
okx,bybit,WAXPUSDT,0.008516,0.008473,-0.5049,1774037044408
okx,bybit,WAXPUSDT,0.008515,0.008465,-0.5872,1774037044709
okx,bybit,WAXPUSDT,0.008516,0.008466,-0.5871,1774037045009
okx,bybit,WAXPUSDT,0.008516,0.008465,-0.5989,1774037045309
okx,bybit,WAXPUSDT,0.008515,0.008462,-0.6224,1774037045609
okx,bybit,WAXPUSDT,0.008513,0.008463,-0.5873,1774037045910
okx,bybit,WAXPUSDT,0.008514,0.008458,-0.6577,1774037046210
okx,bybit,WAXPUSDT,0.008518,0.008458,-0.7044,1774037046512
okx,bybit,WAXPUSDT,0.008517,0.008456,-0.7162,1774037046812
okx,bybit,WAXPUSDT,0.008517,0.008456,-0.7162,1774037047112
okx,bybit,WAXPUSDT,0.008518,0.008456,-0.7279,1774037047412
okx,bybit,WAXPUSDT,0.008518,0.008456,-0.7279,1774037047713
okx,bybit,WAXPUSDT,0.008517,0.008456,-0.7162,1774037048013
okx,bybit,WAXPUSDT,0.008518,0.008458,-0.7044,1774037048313
okx,bybit,WAXPUSDT,0.008518,0.008458,-0.7044,1774037048613
okx,bybit,WAXPUSDT,0.008518,0.008458,-0.7044,1774037048914
okx,bybit,WAXPUSDT,0.008516,0.00846,-0.6576,1774037049214
okx,bybit,WAXPUSDT,0.008516,0.00846,-0.6576,1774037049514
okx,bybit,WAXPUSDT,0.008515,0.00846,-0.6459,1774037049814
okx,bybit,WAXPUSDT,0.008512,0.00846,-0.6109,1774037050115
okx,bybit,WAXPUSDT,0.008511,0.00846,-0.5992,1774037050415
okx,bybit,WAXPUSDT,0.00851,0.00846,-0.5875,1774037050715
okx,bybit,WAXPUSDT,0.008507,0.008458,-0.576,1774037051016
okx,bybit,WAXPUSDT,0.008507,0.008459,-0.5642,1774037051316
okx,bybit,WAXPUSDT,0.008513,0.008459,-0.6343,1774037051616
okx,bybit,WAXPUSDT,0.008512,0.008464,-0.5639,1774037051916
okx,bybit,WAXPUSDT,0.008511,0.008466,-0.5287,1774037052217
okx,bybit,WAXPUSDT,0.008512,0.008466,-0.5404,1774037052517
okx,bybit,WAXPUSDT,0.008512,0.008468,-0.5169,1774037052817
okx,bybit,WAXPUSDT,0.00851,0.00847,-0.47,1774037053117
okx,bybit,WAXPUSDT,0.00851,0.008472,-0.4465,1774037053418
okx,bybit,WAXPUSDT,0.008511,0.008468,-0.5052,1774037053718
okx,bybit,WAXPUSDT,0.008512,0.008467,-0.5287,1774037054018
okx,bybit,WAXPUSDT,0.008515,0.008466,-0.5755,1774037054319
okx,bybit,WAXPUSDT,0.008514,0.008465,-0.5755,1774037054619
okx,bybit,WAXPUSDT,0.008514,0.008465,-0.5755,1774037054920
okx,bybit,WAXPUSDT,0.008514,0.008466,-0.5638,1774037055220
okx,bybit,WAXPUSDT,0.008514,0.008466,-0.5638,1774037055521
okx,bybit,WAXPUSDT,0.008514,0.008462,-0.6108,1774037055821
okx,bybit,WAXPUSDT,0.008514,0.008462,-0.6108,1774037056122
okx,bybit,WAXPUSDT,0.008514,0.008462,-0.6108,1774037056422
okx,bybit,WAXPUSDT,0.008514,0.008462,-0.6108,1774037056722
okx,bybit,WAXPUSDT,0.008514,0.008462,-0.6108,1774037057022
okx,bybit,WAXPUSDT,0.008514,0.008462,-0.6108,1774037057323
okx,bybit,WAXPUSDT,0.008514,0.008462,-0.6108,1774037057623
okx,bybit,WAXPUSDT,0.008514,0.008461,-0.6225,1774037057923
okx,bybit,WAXPUSDT,0.008514,0.008458,-0.6577,1774037058223
okx,bybit,WAXPUSDT,0.008514,0.00846,-0.6342,1774037058523
okx,bybit,WAXPUSDT,0.008514,0.00846,-0.6342,1774037058823
okx,bybit,WAXPUSDT,0.008514,0.00846,-0.6342,1774037059124
okx,bybit,WAXPUSDT,0.008514,0.00846,-0.6342,1774037059425
okx,bybit,WAXPUSDT,0.008514,0.00846,-0.6342,1774037059725
okx,bybit,WAXPUSDT,0.008514,0.00846,-0.6342,1774037060025
okx,bybit,WAXPUSDT,0.008514,0.00846,-0.6342,1774037060325
okx,bybit,WAXPUSDT,0.008514,0.00846,-0.6342,1774037060625
okx,bybit,WAXPUSDT,0.008514,0.00846,-0.6342,1774037060926
okx,bybit,WAXPUSDT,0.008514,0.008463,-0.599,1774037061226
okx,bybit,WAXPUSDT,0.008514,0.008463,-0.599,1774037061526
okx,bybit,WAXPUSDT,0.008514,0.008463,-0.599,1774037061826
okx,bybit,WAXPUSDT,0.008514,0.008465,-0.5755,1774037062127
okx,bybit,WAXPUSDT,0.008514,0.008465,-0.5755,1774037062427
okx,bybit,WAXPUSDT,0.008514,0.008465,-0.5755,1774037062727
okx,bybit,WAXPUSDT,0.008514,0.008465,-0.5755,1774037063028
okx,bybit,WAXPUSDT,0.008514,0.008465,-0.5755,1774037063328
okx,bybit,WAXPUSDT,0.008514,0.008468,-0.5403,1774037063628
okx,bybit,WAXPUSDT,0.008514,0.00847,-0.5168,1774037063928
okx,bybit,WAXPUSDT,0.008514,0.008478,-0.4228,1774037064228
okx,bybit,WAXPUSDT,0.008514,0.008481,-0.3876,1774037064529
okx,bybit,WAXPUSDT,0.008514,0.008476,-0.4463,1774037064829
okx,bybit,WAXPUSDT,0.00853,0.008474,-0.6565,1774037065130
okx,bybit,WAXPUSDT,0.00853,0.008476,-0.6331,1774037065430
okx,bybit,WAXPUSDT,0.008528,0.008476,-0.6098,1774037065731
okx,bybit,WAXPUSDT,0.008528,0.008476,-0.6098,1774037066032
okx,bybit,WAXPUSDT,0.008528,0.008476,-0.6098,1774037066332
okx,bybit,WAXPUSDT,0.008528,0.008476,-0.6098,1774037066632
okx,bybit,WAXPUSDT,0.008528,0.00848,-0.5629,1774037066932
okx,bybit,WAXPUSDT,0.008528,0.00848,-0.5629,1774037067232
okx,bybit,WAXPUSDT,0.008529,0.00848,-0.5745,1774037067533
okx,bybit,WAXPUSDT,0.008529,0.00848,-0.5745,1774037067833
okx,bybit,WAXPUSDT,0.008528,0.00848,-0.5629,1774037068133
okx,bybit,WAXPUSDT,0.008528,0.008476,-0.6098,1774037068433
okx,bybit,WAXPUSDT,0.008528,0.00848,-0.5629,1774037068734
okx,bybit,WAXPUSDT,0.008528,0.008486,-0.4925,1774037069034
okx,bybit,WAXPUSDT,0.008528,0.008487,-0.4808,1774037069334
okx,bybit,WAXPUSDT,0.008528,0.008486,-0.4925,1774037069635
okx,bybit,WAXPUSDT,0.008528,0.008486,-0.4925,1774037069935
okx,bybit,WAXPUSDT,0.008536,0.008487,-0.574,1774037070235
okx,bybit,WAXPUSDT,0.008535,0.008488,-0.5507,1774037070536
okx,bybit,WAXPUSDT,0.008535,0.008483,-0.6093,1774037070836
okx,bybit,WAXPUSDT,0.008535,0.00848,-0.6444,1774037071136
okx,bybit,WAXPUSDT,0.008535,0.00848,-0.6444,1774037071436
okx,bybit,WAXPUSDT,0.008535,0.008481,-0.6327,1774037071736
okx,bybit,WAXPUSDT,0.008535,0.008482,-0.621,1774037072037
okx,bybit,WAXPUSDT,0.008535,0.008483,-0.6093,1774037072337
okx,bybit,WAXPUSDT,0.008535,0.008483,-0.6093,1774037072638
okx,bybit,WAXPUSDT,0.008535,0.008483,-0.6093,1774037072938
okx,bybit,WAXPUSDT,0.008535,0.008483,-0.6093,1774037073238
okx,bybit,WAXPUSDT,0.008535,0.008485,-0.5858,1774037073538
okx,bybit,WAXPUSDT,0.008535,0.008484,-0.5975,1774037073838
okx,bybit,WAXPUSDT,0.008535,0.008483,-0.6093,1774037074139
okx,bybit,WAXPUSDT,0.008535,0.008483,-0.6093,1774037074439
okx,bybit,WAXPUSDT,0.008535,0.008483,-0.6093,1774037074739
okx,bybit,WAXPUSDT,0.008535,0.008483,-0.6093,1774037075043
okx,bybit,WAXPUSDT,0.008535,0.008487,-0.5624,1774037075344
okx,bybit,WAXPUSDT,0.008535,0.008486,-0.5741,1774037075646
okx,bybit,WAXPUSDT,0.008535,0.00849,-0.5272,1774037075946
okx,bybit,WAXPUSDT,0.008535,0.008487,-0.5624,1774037076246
okx,bybit,WAXPUSDT,0.008535,0.008487,-0.5624,1774037076546
okx,bybit,WAXPUSDT,0.008535,0.008489,-0.539,1774037076847
okx,bybit,WAXPUSDT,0.008535,0.008489,-0.539,1774037077147
okx,bybit,WAXPUSDT,0.008535,0.008489,-0.539,1774037077447
okx,bybit,WAXPUSDT,0.008535,0.008489,-0.539,1774037077747
okx,bybit,WAXPUSDT,0.008535,0.008489,-0.539,1774037078048
okx,bybit,WAXPUSDT,0.008535,0.008482,-0.621,1774037078349
okx,bybit,WAXPUSDT,0.008535,0.008479,-0.6561,1774037078649
okx,bybit,WAXPUSDT,0.008535,0.008479,-0.6561,1774037078949
okx,bybit,WAXPUSDT,0.008535,0.008479,-0.6561,1774037079249
okx,bybit,WAXPUSDT,0.008535,0.008479,-0.6561,1774037079550
okx,bybit,WAXPUSDT,0.00853,0.008479,-0.5979,1774037079850
okx,bybit,WAXPUSDT,0.00853,0.008479,-0.5979,1774037080150
okx,bybit,WAXPUSDT,0.00853,0.008478,-0.6096,1774037080450
okx,bybit,WAXPUSDT,0.00853,0.008478,-0.6096,1774037080750
okx,bybit,WAXPUSDT,0.008532,0.008478,-0.6329,1774037081051
okx,bybit,WAXPUSDT,0.008532,0.008478,-0.6329,1774037081351
okx,bybit,WAXPUSDT,0.008528,0.008478,-0.5863,1774037081651
okx,bybit,WAXPUSDT,0.00853,0.008478,-0.6096,1774037081952
okx,bybit,WAXPUSDT,0.008529,0.008482,-0.5511,1774037082252
okx,bybit,WAXPUSDT,0.008528,0.008482,-0.5394,1774037082552
okx,bybit,WAXPUSDT,0.008528,0.008479,-0.5746,1774037082852
okx,bybit,WAXPUSDT,0.008532,0.00848,-0.6095,1774037083153
okx,bybit,WAXPUSDT,0.008532,0.008481,-0.5977,1774037083453
okx,bybit,WAXPUSDT,0.008532,0.00848,-0.6095,1774037083753
okx,bybit,WAXPUSDT,0.008534,0.008481,-0.621,1774037084053
okx,bybit,WAXPUSDT,0.008533,0.008477,-0.6563,1774037084354
okx,bybit,WAXPUSDT,0.008532,0.008477,-0.6446,1774037084654
okx,bybit,WAXPUSDT,0.008534,0.008477,-0.6679,1774037084955
okx,bybit,WAXPUSDT,0.008534,0.008478,-0.6562,1774037085255
okx,bybit,WAXPUSDT,0.008532,0.008478,-0.6329,1774037085555
okx,bybit,WAXPUSDT,0.008533,0.008478,-0.6446,1774037085856
okx,bybit,WAXPUSDT,0.008533,0.008478,-0.6446,1774037086156
okx,bybit,WAXPUSDT,0.008532,0.008478,-0.6329,1774037086457
okx,bybit,WAXPUSDT,0.008531,0.008478,-0.6213,1774037086757
okx,bybit,WAXPUSDT,0.008528,0.008481,-0.5511,1774037087057
okx,bybit,WAXPUSDT,0.008527,0.008481,-0.5395,1774037087358
okx,bybit,WAXPUSDT,0.008533,0.008481,-0.6094,1774037087658
okx,bybit,WAXPUSDT,0.008529,0.008483,-0.5393,1774037087958
okx,bybit,WAXPUSDT,0.008529,0.008483,-0.5393,1774037088258
okx,bybit,WAXPUSDT,0.008529,0.008478,-0.598,1774037088559
okx,bybit,WAXPUSDT,0.008529,0.008478,-0.598,1774037088859
okx,bybit,WAXPUSDT,0.008525,0.008478,-0.5513,1774037089160
okx,bybit,WAXPUSDT,0.008523,0.008478,-0.528,1774037089460
okx,bybit,WAXPUSDT,0.008522,0.008478,-0.5163,1774037089760
okx,bybit,WAXPUSDT,0.008522,0.008478,-0.5163,1774037090060
okx,bybit,WAXPUSDT,0.008527,0.008478,-0.5746,1774037090360
okx,bybit,WAXPUSDT,0.008524,0.008476,-0.5631,1774037090660
okx,bybit,WAXPUSDT,0.008523,0.008476,-0.5514,1774037090960
okx,bybit,WAXPUSDT,0.008523,0.008476,-0.5514,1774037091261
okx,bybit,WAXPUSDT,0.008529,0.008475,-0.6331,1774037091561
okx,bybit,WAXPUSDT,0.008528,0.008471,-0.6684,1774037091861
okx,bybit,WAXPUSDT,0.008525,0.008471,-0.6334,1774037092162
okx,bybit,WAXPUSDT,0.00853,0.008471,-0.6917,1774037092462
okx,bybit,WAXPUSDT,0.00853,0.008471,-0.6917,1774037092762
okx,bybit,WAXPUSDT,0.008528,0.008471,-0.6684,1774037093063
okx,bybit,WAXPUSDT,0.008526,0.008471,-0.6451,1774037093363
okx,bybit,WAXPUSDT,0.008525,0.008471,-0.6334,1774037093663
okx,bybit,WAXPUSDT,0.008533,0.008472,-0.7149,1774037093963
okx,bybit,WAXPUSDT,0.00853,0.008478,-0.6096,1774037094264
okx,bybit,WAXPUSDT,0.00853,0.00847,-0.7034,1774037094564
okx,bybit,WAXPUSDT,0.008525,0.008466,-0.6921,1774037094865
okx,bybit,WAXPUSDT,0.008525,0.008463,-0.7273,1774037095166
okx,bybit,WAXPUSDT,0.00852,0.008468,-0.6103,1774037095466
okx,bybit,WAXPUSDT,0.008518,0.008464,-0.634,1774037095767
okx,bybit,WAXPUSDT,0.00852,0.008465,-0.6455,1774037096067
okx,bybit,WAXPUSDT,0.00852,0.008469,-0.5986,1774037096367
okx,bybit,WAXPUSDT,0.00852,0.008469,-0.5986,1774037096668
okx,bybit,WAXPUSDT,0.008518,0.00847,-0.5635,1774037096969
okx,bybit,WAXPUSDT,0.008518,0.008469,-0.5753,1774037097269
okx,bybit,WAXPUSDT,0.008518,0.008466,-0.6105,1774037097570
okx,bybit,WAXPUSDT,0.008518,0.008464,-0.634,1774037097870
okx,bybit,WAXPUSDT,0.008517,0.008466,-0.5988,1774037098170
okx,bybit,WAXPUSDT,0.008517,0.008464,-0.6223,1774037098470
okx,bybit,WAXPUSDT,0.008517,0.008463,-0.634,1774037098771
okx,bybit,WAXPUSDT,0.008517,0.008463,-0.634,1774037099071
okx,bybit,WAXPUSDT,0.008515,0.008462,-0.6224,1774037099371
okx,bybit,WAXPUSDT,0.008515,0.008461,-0.6342,1774037099671
okx,bybit,WAXPUSDT,0.008514,0.008463,-0.599,1774037099972
okx,bybit,WAXPUSDT,0.008514,0.008466,-0.5638,1774037100288
okx,bybit,WAXPUSDT,0.008514,0.008466,-0.5638,1774037100588
okx,bybit,WAXPUSDT,0.008514,0.008466,-0.5638,1774037100888
okx,bybit,WAXPUSDT,0.008514,0.008466,-0.5638,1774037101188
okx,bybit,WAXPUSDT,0.008514,0.008463,-0.599,1774037101488
okx,bybit,WAXPUSDT,0.008513,0.008465,-0.5638,1774037101789
okx,bybit,WAXPUSDT,0.008511,0.008456,-0.6462,1774037102089
okx,bybit,WAXPUSDT,0.00851,0.008456,-0.6345,1774037102390
okx,bybit,WAXPUSDT,0.008509,0.008459,-0.5876,1774037102690
okx,bybit,WAXPUSDT,0.008514,0.008457,-0.6695,1774037102990
okx,bybit,WAXPUSDT,0.008511,0.008457,-0.6345,1774037103291
okx,bybit,WAXPUSDT,0.008513,0.008457,-0.6578,1774037103591
okx,bybit,WAXPUSDT,0.008512,0.008458,-0.6344,1774037103891
okx,bybit,WAXPUSDT,0.008512,0.008458,-0.6344,1774037104191
okx,bybit,WAXPUSDT,0.008512,0.008459,-0.6227,1774037104491
okx,bybit,WAXPUSDT,0.008511,0.008463,-0.564,1774037104792
okx,bybit,WAXPUSDT,0.008511,0.008461,-0.5875,1774037105092
okx,bybit,WAXPUSDT,0.008513,0.008468,-0.5286,1774037105392
okx,bybit,WAXPUSDT,0.008518,0.008472,-0.54,1774037105692
okx,bybit,WAXPUSDT,0.008518,0.008475,-0.5048,1774037105992
okx,bybit,WAXPUSDT,0.00852,0.008479,-0.4812,1774037106292
okx,bybit,WAXPUSDT,0.00852,0.008479,-0.4812,1774037106592
okx,bybit,WAXPUSDT,0.008524,0.008481,-0.5045,1774037106893
okx,bybit,WAXPUSDT,0.008524,0.008487,-0.4341,1774037107193
okx,bybit,WAXPUSDT,0.008525,0.008487,-0.4457,1774037107493
okx,bybit,WAXPUSDT,0.008525,0.008487,-0.4457,1774037107796
okx,bybit,WAXPUSDT,0.008525,0.008493,-0.3754,1774037108096
okx,bybit,WAXPUSDT,0.008533,0.008493,-0.4688,1774037108397
okx,bybit,WAXPUSDT,0.008533,0.008491,-0.4922,1774037108698
okx,bybit,WAXPUSDT,0.008537,0.008491,-0.5388,1774037108998
okx,bybit,WAXPUSDT,0.008535,0.008488,-0.5507,1774037109298
okx,bybit,WAXPUSDT,0.008541,0.008488,-0.6205,1774037109598
okx,bybit,WAXPUSDT,0.008541,0.008488,-0.6205,1774037109899
okx,bybit,WAXPUSDT,0.008541,0.008488,-0.6205,1774037110199
okx,bybit,WAXPUSDT,0.008541,0.008489,-0.6088,1774037110499
okx,bybit,WAXPUSDT,0.008541,0.008488,-0.6205,1774037110799
okx,bybit,WAXPUSDT,0.008541,0.008495,-0.5386,1774037111099
okx,bybit,WAXPUSDT,0.008541,0.0085,-0.48,1774037111400
okx,bybit,WAXPUSDT,0.008541,0.0085,-0.48,1774037111700
okx,bybit,WAXPUSDT,0.008544,0.0085,-0.515,1774037112002
okx,bybit,WAXPUSDT,0.008545,0.008497,-0.5617,1774037112303
okx,bybit,WAXPUSDT,0.008554,0.008498,-0.6547,1774037112603
okx,bybit,WAXPUSDT,0.008549,0.008498,-0.5966,1774037112904
okx,bybit,WAXPUSDT,0.008547,0.008477,-0.819,1774037113204
okx,bybit,WAXPUSDT,0.008547,0.008483,-0.7488,1774037113504
okx,bybit,WAXPUSDT,0.008546,0.008484,-0.7255,1774037113804
okx,bybit,WAXPUSDT,0.00854,0.008484,-0.6557,1774037114105
okx,bybit,WAXPUSDT,0.008539,0.008488,-0.5973,1774037114405
okx,bybit,WAXPUSDT,0.008538,0.008493,-0.5271,1774037114705
okx,bybit,WAXPUSDT,0.008543,0.008492,-0.597,1774037115005
okx,bybit,WAXPUSDT,0.008545,0.008492,-0.6202,1774037115306
okx,bybit,WAXPUSDT,0.008541,0.008493,-0.562,1774037115607
okx,bybit,WAXPUSDT,0.008541,0.00849,-0.5971,1774037115907
okx,bybit,WAXPUSDT,0.008541,0.008485,-0.6557,1774037116207
okx,bybit,WAXPUSDT,0.00854,0.008487,-0.6206,1774037116507
okx,bybit,WAXPUSDT,0.008538,0.008482,-0.6559,1774037116807
okx,bybit,WAXPUSDT,0.008534,0.00848,-0.6328,1774037117107
okx,bybit,WAXPUSDT,0.008533,0.00848,-0.6211,1774037117408
okx,bybit,WAXPUSDT,0.008533,0.008479,-0.6328,1774037117708
okx,bybit,WAXPUSDT,0.008533,0.008481,-0.6094,1774037118008
okx,bybit,WAXPUSDT,0.008533,0.008479,-0.6328,1774037118308
okx,bybit,WAXPUSDT,0.008533,0.008481,-0.6094,1774037118609
okx,bybit,WAXPUSDT,0.008533,0.008478,-0.6446,1774037118909
okx,bybit,WAXPUSDT,0.008534,0.008478,-0.6562,1774037119209
okx,bybit,WAXPUSDT,0.008533,0.008478,-0.6446,1774037119509
okx,bybit,WAXPUSDT,0.008532,0.008477,-0.6446,1774037119810
okx,bybit,WAXPUSDT,0.008532,0.008475,-0.6681,1774037120110
okx,bybit,WAXPUSDT,0.008531,0.008472,-0.6916,1774037120410
okx,bybit,WAXPUSDT,0.008531,0.008472,-0.6916,1774037120711
okx,bybit,WAXPUSDT,0.008531,0.008472,-0.6916,1774037121011
okx,bybit,WAXPUSDT,0.00853,0.008471,-0.6917,1774037121311
okx,bybit,WAXPUSDT,0.00853,0.008471,-0.6917,1774037121612
okx,bybit,WAXPUSDT,0.008529,0.008475,-0.6331,1774037121912
okx,bybit,WAXPUSDT,0.008529,0.008475,-0.6331,1774037122212
okx,bybit,WAXPUSDT,0.008529,0.008473,-0.6566,1774037122512
okx,bybit,WAXPUSDT,0.008529,0.00848,-0.5745,1774037122813
okx,bybit,WAXPUSDT,0.008529,0.008479,-0.5862,1774037123113
okx,bybit,WAXPUSDT,0.008532,0.008477,-0.6446,1774037123414
okx,bybit,WAXPUSDT,0.008532,0.008477,-0.6446,1774037123714
okx,bybit,WAXPUSDT,0.008532,0.008477,-0.6446,1774037124014
okx,bybit,WAXPUSDT,0.00853,0.008477,-0.6213,1774037124314
okx,bybit,WAXPUSDT,0.00853,0.008477,-0.6213,1774037124614
okx,bybit,WAXPUSDT,0.008529,0.008477,-0.6097,1774037124915
okx,bybit,WAXPUSDT,0.008529,0.008476,-0.6214,1774037125216
okx,bybit,WAXPUSDT,0.008531,0.008475,-0.6564,1774037125516
okx,bybit,WAXPUSDT,0.008531,0.008475,-0.6564,1774037125816
okx,bybit,WAXPUSDT,0.008531,0.008475,-0.6564,1774037126117
okx,bybit,WAXPUSDT,0.008527,0.008475,-0.6098,1774037126417
okx,bybit,WAXPUSDT,0.008527,0.008475,-0.6098,1774037126718
okx,bybit,WAXPUSDT,0.008527,0.008475,-0.6098,1774037127018
okx,bybit,WAXPUSDT,0.008527,0.008475,-0.6098,1774037127318
okx,bybit,WAXPUSDT,0.008527,0.008478,-0.5746,1774037127619
okx,bybit,WAXPUSDT,0.008526,0.008479,-0.5513,1774037127919
okx,bybit,WAXPUSDT,0.008527,0.008484,-0.5043,1774037128220
okx,bybit,WAXPUSDT,0.008527,0.008484,-0.5043,1774037128520
okx,bybit,WAXPUSDT,0.008534,0.008484,-0.5859,1774037128821
okx,bybit,WAXPUSDT,0.008539,0.008483,-0.6558,1774037129121
okx,bybit,WAXPUSDT,0.008538,0.008482,-0.6559,1774037129422
okx,bybit,WAXPUSDT,0.008538,0.008484,-0.6325,1774037129723
okx,bybit,WAXPUSDT,0.008538,0.008486,-0.609,1774037130023
okx,bybit,WAXPUSDT,0.008536,0.008484,-0.6092,1774037130323
okx,bybit,WAXPUSDT,0.008543,0.008484,-0.6906,1774037130623
okx,bybit,WAXPUSDT,0.008537,0.008481,-0.656,1774037130924
okx,bybit,WAXPUSDT,0.008534,0.008481,-0.621,1774037131224
okx,bybit,WAXPUSDT,0.008534,0.008479,-0.6445,1774037131524
okx,bybit,WAXPUSDT,0.008534,0.00848,-0.6328,1774037131825
okx,bybit,WAXPUSDT,0.008534,0.008481,-0.621,1774037132125
okx,bybit,WAXPUSDT,0.008534,0.008482,-0.6093,1774037132425
okx,bybit,WAXPUSDT,0.008537,0.00848,-0.6677,1774037132725
okx,bybit,WAXPUSDT,0.008535,0.008478,-0.6678,1774037133025
okx,bybit,WAXPUSDT,0.008535,0.008481,-0.6327,1774037133325
okx,bybit,WAXPUSDT,0.008534,0.008481,-0.621,1774037133625
okx,bybit,WAXPUSDT,0.008533,0.008477,-0.6563,1774037133926
okx,bybit,WAXPUSDT,0.008533,0.008475,-0.6797,1774037134226
okx,bybit,WAXPUSDT,0.008533,0.008475,-0.6797,1774037134526
okx,bybit,WAXPUSDT,0.008533,0.008478,-0.6446,1774037134826
okx,bybit,WAXPUSDT,0.00853,0.008478,-0.6096,1774037135127
okx,bybit,WAXPUSDT,0.00853,0.008474,-0.6565,1774037135427
okx,bybit,WAXPUSDT,0.00853,0.008477,-0.6213,1774037135728
okx,bybit,WAXPUSDT,0.00853,0.008477,-0.6213,1774037136028
okx,bybit,WAXPUSDT,0.008529,0.008475,-0.6331,1774037136329
okx,bybit,WAXPUSDT,0.008529,0.008474,-0.6449,1774037136631
okx,bybit,WAXPUSDT,0.008529,0.008478,-0.598,1774037136931
okx,bybit,WAXPUSDT,0.008529,0.008475,-0.6331,1774037137231
okx,bybit,WAXPUSDT,0.008529,0.008477,-0.6097,1774037137531
okx,bybit,WAXPUSDT,0.008529,0.008478,-0.598,1774037137831
okx,bybit,WAXPUSDT,0.008529,0.008478,-0.598,1774037138132
okx,bybit,WAXPUSDT,0.008529,0.008478,-0.598,1774037138433
okx,bybit,WAXPUSDT,0.008529,0.00848,-0.5745,1774037138733
okx,bybit,WAXPUSDT,0.008529,0.008478,-0.598,1774037139033
okx,bybit,WAXPUSDT,0.008529,0.008478,-0.598,1774037139334
okx,bybit,WAXPUSDT,0.008529,0.008478,-0.598,1774037139634
okx,bybit,WAXPUSDT,0.008529,0.008478,-0.598,1774037139934
okx,bybit,WAXPUSDT,0.008529,0.008477,-0.6097,1774037140234
okx,bybit,WAXPUSDT,0.008529,0.008477,-0.6097,1774037140535
okx,bybit,WAXPUSDT,0.008529,0.008475,-0.6331,1774037140835
okx,bybit,WAXPUSDT,0.008529,0.008472,-0.6683,1774037141135
okx,bybit,WAXPUSDT,0.008529,0.008472,-0.6683,1774037141436
okx,bybit,WAXPUSDT,0.00853,0.008472,-0.68,1774037141736
okx,bybit,WAXPUSDT,0.00853,0.008471,-0.6917,1774037142037
okx,bybit,WAXPUSDT,0.008534,0.008471,-0.7382,1774037142337
okx,bybit,WAXPUSDT,0.008533,0.008471,-0.7266,1774037142638
okx,bybit,WAXPUSDT,0.008529,0.008469,-0.7035,1774037142938
okx,bybit,WAXPUSDT,0.008535,0.008471,-0.7499,1774037143238
okx,bybit,WAXPUSDT,0.008535,0.008471,-0.7499,1774037143538
okx,bybit,WAXPUSDT,0.008531,0.00847,-0.715,1774037143838
okx,bybit,WAXPUSDT,0.008531,0.008469,-0.7268,1774037144138
okx,bybit,WAXPUSDT,0.008534,0.008472,-0.7265,1774037144438
okx,bybit,WAXPUSDT,0.008533,0.008472,-0.7149,1774037144739
okx,bybit,WAXPUSDT,0.008532,0.008472,-0.7032,1774037145039
okx,bybit,WAXPUSDT,0.008532,0.008475,-0.6681,1774037145339
okx,bybit,WAXPUSDT,0.008528,0.008463,-0.7622,1774037145639
okx,bybit,WAXPUSDT,0.008528,0.008468,-0.7036,1774037145940
okx,bybit,WAXPUSDT,0.008528,0.008468,-0.7036,1774037146240
okx,bybit,WAXPUSDT,0.008528,0.008468,-0.7036,1774037146540
okx,bybit,WAXPUSDT,0.008528,0.008468,-0.7036,1774037146840
okx,bybit,WAXPUSDT,0.008527,0.008469,-0.6802,1774037147141
okx,bybit,WAXPUSDT,0.008527,0.008469,-0.6802,1774037147441
okx,bybit,WAXPUSDT,0.008527,0.00847,-0.6685,1774037147741
okx,bybit,WAXPUSDT,0.008527,0.00847,-0.6685,1774037148041
okx,bybit,WAXPUSDT,0.008527,0.008472,-0.645,1774037148342
okx,bybit,WAXPUSDT,0.008527,0.008472,-0.645,1774037148642
okx,bybit,WAXPUSDT,0.008527,0.008473,-0.6333,1774037148942
okx,bybit,WAXPUSDT,0.008527,0.008473,-0.6333,1774037149243
okx,bybit,WAXPUSDT,0.008527,0.008473,-0.6333,1774037149543
okx,bybit,WAXPUSDT,0.008527,0.008472,-0.645,1774037149844
okx,bybit,WAXPUSDT,0.008527,0.008472,-0.645,1774037150144
okx,bybit,WAXPUSDT,0.008527,0.008471,-0.6567,1774037150445
okx,bybit,WAXPUSDT,0.008527,0.008471,-0.6567,1774037150745
okx,bybit,WAXPUSDT,0.008527,0.008469,-0.6802,1774037151045
okx,bybit,WAXPUSDT,0.008527,0.00847,-0.6685,1774037151345
okx,bybit,WAXPUSDT,0.008526,0.008469,-0.6685,1774037151646
okx,bybit,WAXPUSDT,0.008526,0.008468,-0.6803,1774037151946
okx,bybit,WAXPUSDT,0.008526,0.008468,-0.6803,1774037152246
okx,bybit,WAXPUSDT,0.008526,0.008469,-0.6685,1774037152547
okx,bybit,WAXPUSDT,0.008526,0.008469,-0.6685,1774037152847
okx,bybit,WAXPUSDT,0.008528,0.008471,-0.6684,1774037153148
okx,bybit,WAXPUSDT,0.008525,0.00847,-0.6452,1774037153448
okx,bybit,WAXPUSDT,0.008521,0.00847,-0.5985,1774037153748
okx,bybit,WAXPUSDT,0.008518,0.00847,-0.5635,1774037154048
okx,bybit,WAXPUSDT,0.008517,0.008472,-0.5284,1774037154349
okx,bybit,WAXPUSDT,0.008517,0.008472,-0.5284,1774037154649
okx,bybit,WAXPUSDT,0.008517,0.00847,-0.5518,1774037154949
okx,bybit,WAXPUSDT,0.008517,0.00847,-0.5518,1774037155250
okx,bybit,WAXPUSDT,0.008517,0.00847,-0.5518,1774037155550
okx,bybit,WAXPUSDT,0.008517,0.00847,-0.5518,1774037155851
okx,bybit,WAXPUSDT,0.008517,0.008477,-0.4696,1774037156151
okx,bybit,WAXPUSDT,0.008518,0.008477,-0.4813,1774037156452
okx,bybit,WAXPUSDT,0.008518,0.008476,-0.4931,1774037156752
okx,bybit,WAXPUSDT,0.008518,0.008475,-0.5048,1774037157052
okx,bybit,WAXPUSDT,0.008518,0.008475,-0.5048,1774037157352
okx,bybit,WAXPUSDT,0.008518,0.008475,-0.5048,1774037157653
okx,bybit,WAXPUSDT,0.008518,0.008474,-0.5166,1774037157953
okx,bybit,WAXPUSDT,0.008518,0.008474,-0.5166,1774037158253
okx,bybit,WAXPUSDT,0.00852,0.008474,-0.5399,1774037158554
okx,bybit,WAXPUSDT,0.008518,0.008474,-0.5166,1774037158854
okx,bybit,WAXPUSDT,0.008518,0.008472,-0.54,1774037159154
okx,bybit,WAXPUSDT,0.008518,0.008471,-0.5518,1774037159454
okx,bybit,WAXPUSDT,0.008518,0.008474,-0.5166,1774037159755
okx,bybit,WAXPUSDT,0.008518,0.008474,-0.5166,1774037160055
okx,bybit,WAXPUSDT,0.008518,0.008477,-0.4813,1774037160355
okx,bybit,WAXPUSDT,0.008518,0.008472,-0.54,1774037160655
okx,bybit,WAXPUSDT,0.008521,0.00847,-0.5985,1774037160955
okx,bybit,WAXPUSDT,0.008517,0.00847,-0.5518,1774037161256
okx,bybit,WAXPUSDT,0.008517,0.00847,-0.5518,1774037161556
okx,bybit,WAXPUSDT,0.008517,0.008472,-0.5284,1774037161856
okx,bybit,WAXPUSDT,0.008518,0.008476,-0.4931,1774037162156
okx,bybit,WAXPUSDT,0.008526,0.008476,-0.5864,1774037162456
okx,bybit,WAXPUSDT,0.008526,0.008476,-0.5864,1774037162757
okx,bybit,WAXPUSDT,0.008526,0.008478,-0.563,1774037163057
okx,bybit,WAXPUSDT,0.008526,0.008478,-0.563,1774037163357
okx,bybit,WAXPUSDT,0.008527,0.008478,-0.5746,1774037163657
okx,bybit,WAXPUSDT,0.008523,0.008477,-0.5397,1774037163957
okx,bybit,WAXPUSDT,0.008523,0.008477,-0.5397,1774037164257
okx,bybit,WAXPUSDT,0.008523,0.008477,-0.5397,1774037164557
okx,bybit,WAXPUSDT,0.008523,0.008478,-0.528,1774037164858
okx,bybit,WAXPUSDT,0.008523,0.008478,-0.528,1774037165159
okx,bybit,WAXPUSDT,0.008523,0.008478,-0.528,1774037165459
okx,bybit,WAXPUSDT,0.008523,0.008478,-0.528,1774037165760
okx,bybit,WAXPUSDT,0.008522,0.008477,-0.528,1774037166060
okx,bybit,WAXPUSDT,0.008522,0.008477,-0.528,1774037166360
okx,bybit,WAXPUSDT,0.00852,0.008477,-0.5047,1774037166660
okx,bybit,WAXPUSDT,0.00852,0.008477,-0.5047,1774037166960
okx,bybit,WAXPUSDT,0.008518,0.008477,-0.4813,1774037167261
okx,bybit,WAXPUSDT,0.008519,0.008477,-0.493,1774037167562
okx,bybit,WAXPUSDT,0.008519,0.008478,-0.4813,1774037167862
okx,bybit,WAXPUSDT,0.008519,0.008478,-0.4813,1774037168162
okx,bybit,WAXPUSDT,0.008521,0.008477,-0.5164,1774037168462
okx,bybit,WAXPUSDT,0.008521,0.008477,-0.5164,1774037168762
okx,bybit,WAXPUSDT,0.008521,0.008479,-0.4929,1774037169063
okx,bybit,WAXPUSDT,0.008521,0.008478,-0.5046,1774037169363
okx,bybit,WAXPUSDT,0.008521,0.008478,-0.5046,1774037169663
okx,bybit,WAXPUSDT,0.008521,0.008479,-0.4929,1774037169963
okx,bybit,WAXPUSDT,0.008521,0.008479,-0.4929,1774037170263
okx,bybit,WAXPUSDT,0.008521,0.008477,-0.5164,1774037170564
okx,bybit,WAXPUSDT,0.008521,0.008477,-0.5164,1774037170864
okx,bybit,WAXPUSDT,0.008521,0.008478,-0.5046,1774037171164
okx,bybit,WAXPUSDT,0.008521,0.008478,-0.5046,1774037171464
okx,bybit,WAXPUSDT,0.008521,0.008479,-0.4929,1774037171765
okx,bybit,WAXPUSDT,0.008521,0.008481,-0.4694,1774037172065
okx,bybit,WAXPUSDT,0.008521,0.008482,-0.4577,1774037172365
okx,bybit,WAXPUSDT,0.008521,0.008482,-0.4577,1774037172665
okx,bybit,WAXPUSDT,0.008521,0.00848,-0.4812,1774037172965
okx,bybit,WAXPUSDT,0.008521,0.00848,-0.4812,1774037173266
okx,bybit,WAXPUSDT,0.008521,0.00848,-0.4812,1774037173567
okx,bybit,WAXPUSDT,0.008521,0.00848,-0.4812,1774037173867
okx,bybit,WAXPUSDT,0.008521,0.008479,-0.4929,1774037174168
okx,bybit,WAXPUSDT,0.008521,0.008479,-0.4929,1774037174468
okx,bybit,WAXPUSDT,0.008521,0.008479,-0.4929,1774037174768
okx,bybit,WAXPUSDT,0.008521,0.008479,-0.4929,1774037175068
okx,bybit,WAXPUSDT,0.008521,0.008485,-0.4225,1774037175369
okx,bybit,WAXPUSDT,0.008521,0.008484,-0.4342,1774037175669
okx,bybit,WAXPUSDT,0.008521,0.008484,-0.4342,1774037175969
okx,bybit,WAXPUSDT,0.008521,0.008484,-0.4342,1774037176270
okx,bybit,WAXPUSDT,0.008521,0.008483,-0.446,1774037176570
okx,bybit,WAXPUSDT,0.008521,0.008478,-0.5046,1774037176870
okx,bybit,WAXPUSDT,0.008521,0.008474,-0.5516,1774037177170
okx,bybit,WAXPUSDT,0.008521,0.008473,-0.5633,1774037177470
okx,bybit,WAXPUSDT,0.00852,0.008476,-0.5164,1774037177770
okx,bybit,WAXPUSDT,0.00852,0.008476,-0.5164,1774037178071
okx,bybit,WAXPUSDT,0.00852,0.008474,-0.5399,1774037178371
okx,bybit,WAXPUSDT,0.00852,0.008477,-0.5047,1774037178671
okx,bybit,WAXPUSDT,0.00852,0.008477,-0.5047,1774037178972
okx,bybit,WAXPUSDT,0.00852,0.008478,-0.493,1774037179272
okx,bybit,WAXPUSDT,0.008521,0.008476,-0.5281,1774037179572
okx,bybit,WAXPUSDT,0.008521,0.008476,-0.5281,1774037179875
okx,bybit,WAXPUSDT,0.008521,0.008476,-0.5281,1774037180175
okx,bybit,WAXPUSDT,0.008521,0.008476,-0.5281,1774037180476
okx,bybit,WAXPUSDT,0.008521,0.008476,-0.5281,1774037180776
okx,bybit,WAXPUSDT,0.008521,0.008479,-0.4929,1774037181076
okx,bybit,WAXPUSDT,0.008521,0.008479,-0.4929,1774037181377
okx,bybit,WAXPUSDT,0.008521,0.008479,-0.4929,1774037181677
okx,bybit,WAXPUSDT,0.008521,0.008478,-0.5046,1774037181977
okx,bybit,WAXPUSDT,0.008521,0.008478,-0.5046,1774037182277
okx,bybit,WAXPUSDT,0.008521,0.008473,-0.5633,1774037182578
okx,bybit,WAXPUSDT,0.008521,0.008477,-0.5164,1774037182878
okx,bybit,WAXPUSDT,0.008519,0.008481,-0.4461,1774037183179
okx,bybit,WAXPUSDT,0.008521,0.008481,-0.4694,1774037183479
okx,bybit,WAXPUSDT,0.008521,0.008481,-0.4694,1774037183779
okx,bybit,WAXPUSDT,0.008521,0.00848,-0.4812,1774037184079
okx,bybit,WAXPUSDT,0.008521,0.008483,-0.446,1774037184380
okx,bybit,WAXPUSDT,0.008521,0.008483,-0.446,1774037184680
okx,bybit,WAXPUSDT,0.008521,0.008482,-0.4577,1774037184981
okx,bybit,WAXPUSDT,0.008521,0.008481,-0.4694,1774037185282
okx,bybit,WAXPUSDT,0.008521,0.008481,-0.4694,1774037185582
okx,bybit,WAXPUSDT,0.008521,0.008481,-0.4694,1774037185883
okx,bybit,WAXPUSDT,0.008521,0.008482,-0.4577,1774037186183
okx,bybit,WAXPUSDT,0.008521,0.008482,-0.4577,1774037186484
okx,bybit,WAXPUSDT,0.008521,0.008482,-0.4577,1774037186784
okx,bybit,WAXPUSDT,0.008521,0.008487,-0.399,1774037187084
okx,bybit,WAXPUSDT,0.008521,0.008487,-0.399,1774037187385
okx,bybit,WAXPUSDT,0.008521,0.008491,-0.3521,1774037187685
okx,bybit,WAXPUSDT,0.008521,0.008491,-0.3521,1774037187985
okx,bybit,WAXPUSDT,0.008521,0.008496,-0.2934,1774037188286
okx,bybit,WAXPUSDT,0.008521,0.008492,-0.3403,1774037188587
okx,bybit,WAXPUSDT,0.008521,0.008491,-0.3521,1774037188887
okx,bybit,WAXPUSDT,0.008521,0.008486,-0.4107,1774037189187
okx,bybit,WAXPUSDT,0.008521,0.008486,-0.4107,1774037189487
okx,bybit,WAXPUSDT,0.008521,0.008487,-0.399,1774037189787
okx,bybit,WAXPUSDT,0.008521,0.008487,-0.399,1774037190087
okx,bybit,WAXPUSDT,0.008521,0.008487,-0.399,1774037190388
okx,bybit,WAXPUSDT,0.008521,0.008488,-0.3873,1774037190688
okx,bybit,WAXPUSDT,0.008521,0.008488,-0.3873,1774037190988
okx,bybit,WAXPUSDT,0.008521,0.008491,-0.3521,1774037191289
okx,bybit,WAXPUSDT,0.008521,0.008491,-0.3521,1774037191589
okx,bybit,WAXPUSDT,0.008521,0.008491,-0.3521,1774037191889
okx,bybit,WAXPUSDT,0.008521,0.008491,-0.3521,1774037192189
okx,bybit,WAXPUSDT,0.008521,0.008487,-0.399,1774037192489
okx,bybit,WAXPUSDT,0.008521,0.008491,-0.3521,1774037192790
okx,bybit,WAXPUSDT,0.008521,0.008491,-0.3521,1774037193090
okx,bybit,WAXPUSDT,0.008521,0.008491,-0.3521,1774037193390
okx,bybit,WAXPUSDT,0.008521,0.008491,-0.3521,1774037193690
okx,bybit,WAXPUSDT,0.008521,0.008491,-0.3521,1774037193991
okx,bybit,WAXPUSDT,0.008521,0.008485,-0.4225,1774037194291
okx,bybit,WAXPUSDT,0.008521,0.008485,-0.4225,1774037194592
okx,bybit,WAXPUSDT,0.008521,0.008488,-0.3873,1774037194892
okx,bybit,WAXPUSDT,0.008521,0.008488,-0.3873,1774037195192
okx,bybit,WAXPUSDT,0.008521,0.008485,-0.4225,1774037195493
okx,bybit,WAXPUSDT,0.008521,0.008493,-0.3286,1774037195793
okx,bybit,WAXPUSDT,0.008521,0.008495,-0.3051,1774037196093
okx,bybit,WAXPUSDT,0.008521,0.008495,-0.3051,1774037196393
okx,bybit,WAXPUSDT,0.008521,0.008492,-0.3403,1774037196693
okx,bybit,WAXPUSDT,0.008521,0.008489,-0.3755,1774037196993
okx,bybit,WAXPUSDT,0.008521,0.008488,-0.3873,1774037197293
okx,bybit,WAXPUSDT,0.008521,0.008488,-0.3873,1774037197595
okx,bybit,WAXPUSDT,0.008521,0.008488,-0.3873,1774037197895
okx,bybit,WAXPUSDT,0.008521,0.008488,-0.3873,1774037198195
okx,bybit,WAXPUSDT,0.008521,0.008489,-0.3755,1774037198495
okx,bybit,WAXPUSDT,0.008523,0.008487,-0.4224,1774037198795
okx,bybit,WAXPUSDT,0.00853,0.008487,-0.5041,1774037199095
okx,bybit,WAXPUSDT,0.008529,0.008487,-0.4924,1774037199395
okx,bybit,WAXPUSDT,0.008529,0.008494,-0.4104,1774037199695
okx,bybit,WAXPUSDT,0.008529,0.008494,-0.4104,1774037199996
okx,bybit,WAXPUSDT,0.008531,0.008492,-0.4572,1774037200296
okx,bybit,WAXPUSDT,0.00853,0.008491,-0.4572,1774037200596
okx,bybit,WAXPUSDT,0.00853,0.008491,-0.4572,1774037200896
okx,bybit,WAXPUSDT,0.008529,0.008491,-0.4455,1774037201196
okx,bybit,WAXPUSDT,0.008531,0.008491,-0.4689,1774037201496
okx,bybit,WAXPUSDT,0.00853,0.008491,-0.4572,1774037201798
okx,bybit,WAXPUSDT,0.008529,0.008491,-0.4455,1774037202098
okx,bybit,WAXPUSDT,0.008529,0.008493,-0.4221,1774037202398
okx,bybit,WAXPUSDT,0.008529,0.008493,-0.4221,1774037202699
okx,bybit,WAXPUSDT,0.008531,0.008493,-0.4454,1774037202999
okx,bybit,WAXPUSDT,0.008531,0.008493,-0.4454,1774037203299
okx,bybit,WAXPUSDT,0.008531,0.008488,-0.504,1774037203600
okx,bybit,WAXPUSDT,0.008531,0.00849,-0.4806,1774037203900
okx,bybit,WAXPUSDT,0.008531,0.00849,-0.4806,1774037204200
okx,bybit,WAXPUSDT,0.00853,0.008489,-0.4807,1774037204500
okx,bybit,WAXPUSDT,0.00853,0.008489,-0.4807,1774037204800
okx,bybit,WAXPUSDT,0.00853,0.008486,-0.5158,1774037205101
okx,bybit,WAXPUSDT,0.008529,0.008486,-0.5042,1774037205401
okx,bybit,WAXPUSDT,0.008529,0.008487,-0.4924,1774037205701
okx,bybit,WAXPUSDT,0.008528,0.008487,-0.4808,1774037206001
okx,bybit,WAXPUSDT,0.008528,0.008483,-0.5277,1774037206302
okx,bybit,WAXPUSDT,0.008528,0.008479,-0.5746,1774037206602
okx,bybit,WAXPUSDT,0.008528,0.00848,-0.5629,1774037206902
okx,bybit,WAXPUSDT,0.008523,0.00848,-0.5045,1774037207203
okx,bybit,WAXPUSDT,0.008523,0.00848,-0.5045,1774037207503
okx,bybit,WAXPUSDT,0.008523,0.008479,-0.5163,1774037207803
okx,bybit,WAXPUSDT,0.008523,0.008477,-0.5397,1774037208104
okx,bybit,WAXPUSDT,0.008523,0.008478,-0.528,1774037208404
okx,bybit,WAXPUSDT,0.008523,0.008478,-0.528,1774037208704
okx,bybit,WAXPUSDT,0.008523,0.008478,-0.528,1774037209004
okx,bybit,WAXPUSDT,0.008523,0.008479,-0.5163,1774037209304
okx,bybit,WAXPUSDT,0.008523,0.008477,-0.5397,1774037209605
okx,bybit,WAXPUSDT,0.008522,0.008479,-0.5046,1774037209905
okx,bybit,WAXPUSDT,0.008522,0.008481,-0.4811,1774037210205
okx,bybit,WAXPUSDT,0.008522,0.008481,-0.4811,1774037210505
okx,bybit,WAXPUSDT,0.008522,0.008481,-0.4811,1774037210805
okx,bybit,WAXPUSDT,0.008522,0.008481,-0.4811,1774037211105
okx,bybit,WAXPUSDT,0.008522,0.008481,-0.4811,1774037211406
okx,bybit,WAXPUSDT,0.008522,0.00848,-0.4928,1774037211706
okx,bybit,WAXPUSDT,0.008522,0.008479,-0.5046,1774037212007
okx,bybit,WAXPUSDT,0.008522,0.008477,-0.528,1774037212307
okx,bybit,WAXPUSDT,0.008522,0.008479,-0.5046,1774037212607
okx,bybit,WAXPUSDT,0.008522,0.008477,-0.528,1774037212907
okx,bybit,WAXPUSDT,0.008522,0.008476,-0.5398,1774037213207
okx,bybit,WAXPUSDT,0.008522,0.008482,-0.4694,1774037213508
okx,bybit,WAXPUSDT,0.008522,0.008482,-0.4694,1774037213808
okx,bybit,WAXPUSDT,0.008522,0.008482,-0.4694,1774037214108
okx,bybit,WAXPUSDT,0.008522,0.008482,-0.4694,1774037214408
okx,bybit,WAXPUSDT,0.008522,0.008482,-0.4694,1774037214709
okx,bybit,WAXPUSDT,0.008522,0.008482,-0.4694,1774037215009
okx,bybit,WAXPUSDT,0.008522,0.008482,-0.4694,1774037215310
okx,bybit,WAXPUSDT,0.008522,0.008482,-0.4694,1774037215610
okx,bybit,WAXPUSDT,0.008522,0.008482,-0.4694,1774037215911
okx,bybit,WAXPUSDT,0.008522,0.008483,-0.4576,1774037216211
okx,bybit,WAXPUSDT,0.008522,0.008482,-0.4694,1774037216512
okx,bybit,WAXPUSDT,0.008522,0.008482,-0.4694,1774037216812
okx,bybit,WAXPUSDT,0.008522,0.008482,-0.4694,1774037217113
okx,bybit,WAXPUSDT,0.008524,0.008482,-0.4927,1774037217413
okx,bybit,WAXPUSDT,0.008524,0.008481,-0.5045,1774037217713
okx,bybit,WAXPUSDT,0.008524,0.008481,-0.5045,1774037218014
okx,bybit,WAXPUSDT,0.008524,0.008481,-0.5045,1774037218314
okx,bybit,WAXPUSDT,0.008524,0.008481,-0.5045,1774037218615
okx,bybit,WAXPUSDT,0.008524,0.008481,-0.5045,1774037218915
okx,bybit,WAXPUSDT,0.008524,0.008483,-0.481,1774037219216
okx,bybit,WAXPUSDT,0.008524,0.008483,-0.481,1774037219517
okx,bybit,WAXPUSDT,0.008524,0.008483,-0.481,1774037219817
okx,bybit,WAXPUSDT,0.008524,0.008483,-0.481,1774037220118
okx,bybit,WAXPUSDT,0.008524,0.008481,-0.5045,1774037220418
okx,bybit,WAXPUSDT,0.008524,0.008478,-0.5397,1774037220719
okx,bybit,WAXPUSDT,0.008524,0.008477,-0.5514,1774037221019
okx,bybit,WAXPUSDT,0.008524,0.008476,-0.5631,1774037221319
okx,bybit,WAXPUSDT,0.008524,0.008478,-0.5397,1774037221619
okx,bybit,WAXPUSDT,0.008524,0.008478,-0.5397,1774037221920
okx,bybit,WAXPUSDT,0.008524,0.008478,-0.5397,1774037222220
okx,bybit,WAXPUSDT,0.008524,0.008478,-0.5397,1774037222520
okx,bybit,WAXPUSDT,0.008524,0.008477,-0.5514,1774037222820
okx,bybit,WAXPUSDT,0.008524,0.008476,-0.5631,1774037223120
okx,bybit,WAXPUSDT,0.008524,0.008476,-0.5631,1774037223420
okx,bybit,WAXPUSDT,0.008524,0.008476,-0.5631,1774037223720
okx,bybit,WAXPUSDT,0.008524,0.008476,-0.5631,1774037224021
okx,bybit,WAXPUSDT,0.008524,0.008467,-0.6687,1774037224321
okx,bybit,WAXPUSDT,0.008518,0.008467,-0.5987,1774037224621
okx,bybit,WAXPUSDT,0.008515,0.008464,-0.5989,1774037224921
okx,bybit,WAXPUSDT,0.008516,0.00846,-0.6576,1774037225221
okx,bybit,WAXPUSDT,0.008515,0.00846,-0.6459,1774037225521
okx,bybit,WAXPUSDT,0.008516,0.008466,-0.5871,1774037225822
okx,bybit,WAXPUSDT,0.008511,0.008462,-0.5757,1774037226122
okx,bybit,WAXPUSDT,0.008511,0.008454,-0.6697,1774037226422
okx,bybit,WAXPUSDT,0.008509,0.008449,-0.7051,1774037226722
okx,bybit,WAXPUSDT,0.008509,0.008447,-0.7286,1774037227023
okx,bybit,WAXPUSDT,0.008509,0.008435,-0.8697,1774037227323
okx,bybit,WAXPUSDT,0.008487,0.008436,-0.6009,1774037227623
okx,bybit,WAXPUSDT,0.008487,0.008443,-0.5184,1774037227923
okx,bybit,WAXPUSDT,0.008485,0.008444,-0.4832,1774037228223
okx,bybit,WAXPUSDT,0.008485,0.008443,-0.495,1774037228523
okx,bybit,WAXPUSDT,0.008488,0.008443,-0.5302,1774037228823
okx,bybit,WAXPUSDT,0.008485,0.008443,-0.495,1774037229124
okx,bybit,WAXPUSDT,0.008485,0.008443,-0.495,1774037229425
okx,bybit,WAXPUSDT,0.008484,0.008444,-0.4715,1774037229725
okx,bybit,WAXPUSDT,0.008484,0.008453,-0.3654,1774037230025
okx,bybit,WAXPUSDT,0.008484,0.008456,-0.33,1774037230325
okx,bybit,WAXPUSDT,0.008487,0.008453,-0.4006,1774037230625
okx,bybit,WAXPUSDT,0.008487,0.008454,-0.3888,1774037230926
okx,bybit,WAXPUSDT,0.008487,0.008453,-0.4006,1774037231226
okx,bybit,WAXPUSDT,0.008485,0.008455,-0.3536,1774037231526
okx,bybit,WAXPUSDT,0.008485,0.008451,-0.4007,1774037231827
okx,bybit,WAXPUSDT,0.008485,0.008451,-0.4007,1774037232127
okx,bybit,WAXPUSDT,0.008485,0.008448,-0.4361,1774037232428
okx,bybit,WAXPUSDT,0.008485,0.00845,-0.4125,1774037232728
okx,bybit,WAXPUSDT,0.008485,0.008449,-0.4243,1774037233028
okx,bybit,WAXPUSDT,0.008485,0.008449,-0.4243,1774037233329
okx,bybit,WAXPUSDT,0.008481,0.008444,-0.4363,1774037233629
okx,bybit,WAXPUSDT,0.008481,0.008446,-0.4127,1774037233929
okx,bybit,WAXPUSDT,0.008492,0.008463,-0.3415,1774037234229
okx,bybit,WAXPUSDT,0.008492,0.008463,-0.3415,1774037234530
okx,bybit,WAXPUSDT,0.008495,0.008463,-0.3767,1774037234830
okx,bybit,WAXPUSDT,0.008495,0.008465,-0.3531,1774037235131
okx,bybit,WAXPUSDT,0.008495,0.008459,-0.4238,1774037235431
okx,bybit,WAXPUSDT,0.008493,0.008454,-0.4592,1774037235732
okx,bybit,WAXPUSDT,0.008492,0.008459,-0.3886,1774037236032
okx,bybit,WAXPUSDT,0.008489,0.00846,-0.3416,1774037236332
okx,bybit,WAXPUSDT,0.008494,0.008462,-0.3767,1774037236632
okx,bybit,WAXPUSDT,0.008493,0.008458,-0.4121,1774037236932
okx,bybit,WAXPUSDT,0.008492,0.008459,-0.3886,1774037237233
okx,bybit,WAXPUSDT,0.008492,0.008459,-0.3886,1774037237533
okx,bybit,WAXPUSDT,0.008492,0.008456,-0.4239,1774037237834
okx,bybit,WAXPUSDT,0.008492,0.008459,-0.3886,1774037238134
okx,bybit,WAXPUSDT,0.008495,0.008459,-0.4238,1774037238435
okx,bybit,WAXPUSDT,0.008496,0.008462,-0.4002,1774037238735
okx,bybit,WAXPUSDT,0.008495,0.008462,-0.3885,1774037239035
okx,bybit,WAXPUSDT,0.008495,0.008462,-0.3885,1774037239336
okx,bybit,WAXPUSDT,0.008495,0.008462,-0.3885,1774037239637
okx,bybit,WAXPUSDT,0.008494,0.008461,-0.3885,1774037239937
okx,bybit,WAXPUSDT,0.008495,0.008461,-0.4002,1774037240238
okx,bybit,WAXPUSDT,0.008495,0.008461,-0.4002,1774037240538
okx,bybit,WAXPUSDT,0.008495,0.008461,-0.4002,1774037240838
okx,bybit,WAXPUSDT,0.008495,0.008456,-0.4591,1774037241138
okx,bybit,WAXPUSDT,0.008494,0.008455,-0.4591,1774037241439
okx,bybit,WAXPUSDT,0.008489,0.008456,-0.3887,1774037241739
okx,bybit,WAXPUSDT,0.008488,0.008455,-0.3888,1774037242039
okx,bybit,WAXPUSDT,0.008491,0.008455,-0.424,1774037242339
okx,bybit,WAXPUSDT,0.00849,0.008454,-0.424,1774037242640
okx,bybit,WAXPUSDT,0.00849,0.008454,-0.424,1774037242940
okx,bybit,WAXPUSDT,0.00849,0.008452,-0.4476,1774037243240
okx,bybit,WAXPUSDT,0.008487,0.008451,-0.4242,1774037243540
okx,bybit,WAXPUSDT,0.008489,0.008451,-0.4476,1774037243840
okx,bybit,WAXPUSDT,0.008489,0.008451,-0.4476,1774037244141
okx,bybit,WAXPUSDT,0.008489,0.008448,-0.483,1774037244441
okx,bybit,WAXPUSDT,0.008487,0.00845,-0.436,1774037244741
okx,bybit,WAXPUSDT,0.008487,0.00845,-0.436,1774037245041
okx,bybit,WAXPUSDT,0.008486,0.008452,-0.4007,1774037245341
okx,bybit,WAXPUSDT,0.008486,0.008451,-0.4124,1774037245641
okx,bybit,WAXPUSDT,0.008488,0.008451,-0.4359,1774037245942
okx,bybit,WAXPUSDT,0.008488,0.008451,-0.4359,1774037246242
okx,bybit,WAXPUSDT,0.008488,0.008452,-0.4241,1774037246542
okx,bybit,WAXPUSDT,0.008488,0.008451,-0.4359,1774037246842
okx,bybit,WAXPUSDT,0.008488,0.008451,-0.4359,1774037247143
okx,bybit,WAXPUSDT,0.008488,0.00845,-0.4477,1774037247443
okx,bybit,WAXPUSDT,0.008488,0.00845,-0.4477,1774037247743
okx,bybit,WAXPUSDT,0.008484,0.00845,-0.4008,1774037248043
okx,bybit,WAXPUSDT,0.008484,0.00845,-0.4008,1774037248343
okx,bybit,WAXPUSDT,0.008488,0.00845,-0.4477,1774037248644
okx,bybit,WAXPUSDT,0.008488,0.008452,-0.4241,1774037248944
okx,bybit,WAXPUSDT,0.008488,0.008449,-0.4595,1774037249245
okx,bybit,WAXPUSDT,0.008488,0.00845,-0.4477,1774037249545
okx,bybit,WAXPUSDT,0.008488,0.008449,-0.4595,1774037249846
okx,bybit,WAXPUSDT,0.008488,0.008449,-0.4595,1774037250146
okx,bybit,WAXPUSDT,0.008487,0.00845,-0.436,1774037250446
okx,bybit,WAXPUSDT,0.008488,0.00845,-0.4477,1774037250746
okx,bybit,WAXPUSDT,0.008488,0.00845,-0.4477,1774037251047
okx,bybit,WAXPUSDT,0.008488,0.008441,-0.5537,1774037251347
okx,bybit,WAXPUSDT,0.008488,0.008438,-0.5891,1774037251648
okx,bybit,WAXPUSDT,0.008483,0.008439,-0.5187,1774037251948
okx,bybit,WAXPUSDT,0.008479,0.008439,-0.4718,1774037252248
okx,bybit,WAXPUSDT,0.008479,0.00844,-0.46,1774037252548
okx,bybit,WAXPUSDT,0.008479,0.008438,-0.4835,1774037252849
okx,bybit,WAXPUSDT,0.008479,0.008438,-0.4835,1774037253150
okx,bybit,WAXPUSDT,0.008479,0.008437,-0.4953,1774037253451
okx,bybit,WAXPUSDT,0.00848,0.008437,-0.5071,1774037253752
okx,bybit,WAXPUSDT,0.008477,0.008437,-0.4719,1774037254052
okx,bybit,WAXPUSDT,0.008476,0.008437,-0.4601,1774037254352
okx,bybit,WAXPUSDT,0.008479,0.008435,-0.5189,1774037254652
okx,bybit,WAXPUSDT,0.008479,0.008435,-0.5189,1774037254953
okx,bybit,WAXPUSDT,0.008475,0.008435,-0.472,1774037255253
okx,bybit,WAXPUSDT,0.00848,0.008434,-0.5425,1774037255553
okx,bybit,WAXPUSDT,0.008483,0.008434,-0.5776,1774037255853
okx,bybit,WAXPUSDT,0.008479,0.008434,-0.5307,1774037256153
okx,bybit,WAXPUSDT,0.008478,0.008434,-0.519,1774037256454
okx,bybit,WAXPUSDT,0.008478,0.008431,-0.5544,1774037256755
okx,bybit,WAXPUSDT,0.008482,0.008431,-0.6013,1774037257055
okx,bybit,WAXPUSDT,0.00848,0.008432,-0.566,1774037257356
okx,bybit,WAXPUSDT,0.008478,0.008435,-0.5072,1774037257656
okx,bybit,WAXPUSDT,0.008475,0.008436,-0.4602,1774037257957
okx,bybit,WAXPUSDT,0.008475,0.00843,-0.531,1774037258257
okx,bybit,WAXPUSDT,0.008475,0.008434,-0.4838,1774037258557
okx,bybit,WAXPUSDT,0.008475,0.008432,-0.5074,1774037258857
okx,bybit,WAXPUSDT,0.008475,0.008432,-0.5074,1774037259157
okx,bybit,WAXPUSDT,0.008475,0.008433,-0.4956,1774037259458
okx,bybit,WAXPUSDT,0.008474,0.008437,-0.4366,1774037259758
okx,bybit,WAXPUSDT,0.008476,0.008434,-0.4955,1774037260059
okx,bybit,WAXPUSDT,0.008476,0.008436,-0.4719,1774037260359
okx,bybit,WAXPUSDT,0.008476,0.008435,-0.4837,1774037260659
okx,bybit,WAXPUSDT,0.008476,0.008435,-0.4837,1774037260960
okx,bybit,WAXPUSDT,0.008476,0.008435,-0.4837,1774037261260
okx,bybit,WAXPUSDT,0.008475,0.008435,-0.472,1774037261561
okx,bybit,WAXPUSDT,0.008475,0.008435,-0.472,1774037261861
okx,bybit,WAXPUSDT,0.008475,0.008434,-0.4838,1774037262161
okx,bybit,WAXPUSDT,0.008475,0.008434,-0.4838,1774037262461
okx,bybit,WAXPUSDT,0.008475,0.008434,-0.4838,1774037262761
okx,bybit,WAXPUSDT,0.008475,0.008438,-0.4366,1774037263062
okx,bybit,WAXPUSDT,0.008477,0.008439,-0.4483,1774037263362
okx,bybit,WAXPUSDT,0.008477,0.008439,-0.4483,1774037263662
okx,bybit,WAXPUSDT,0.008477,0.008439,-0.4483,1774037263962
okx,bybit,WAXPUSDT,0.008477,0.008442,-0.4129,1774037264263
okx,bybit,WAXPUSDT,0.008477,0.008438,-0.4601,1774037264563
okx,bybit,WAXPUSDT,0.008477,0.008439,-0.4483,1774037264864
okx,bybit,WAXPUSDT,0.008477,0.008439,-0.4483,1774037265164
okx,bybit,WAXPUSDT,0.008477,0.008443,-0.4011,1774037265465
okx,bybit,WAXPUSDT,0.008477,0.008442,-0.4129,1774037265765
okx,bybit,WAXPUSDT,0.008477,0.008441,-0.4247,1774037266065
okx,bybit,WAXPUSDT,0.008477,0.008443,-0.4011,1774037266366
okx,bybit,WAXPUSDT,0.008477,0.008442,-0.4129,1774037266666
okx,bybit,WAXPUSDT,0.008477,0.008442,-0.4129,1774037266966
okx,bybit,WAXPUSDT,0.008477,0.008442,-0.4129,1774037267267
okx,bybit,WAXPUSDT,0.008477,0.008443,-0.4011,1774037267567
okx,bybit,WAXPUSDT,0.008477,0.008443,-0.4011,1774037267867
okx,bybit,WAXPUSDT,0.008477,0.008445,-0.3775,1774037268169
okx,bybit,WAXPUSDT,0.008477,0.008446,-0.3657,1774037268469
okx,bybit,WAXPUSDT,0.008477,0.008446,-0.3657,1774037268769
okx,bybit,WAXPUSDT,0.008477,0.008447,-0.3539,1774037269070
okx,bybit,WAXPUSDT,0.008477,0.008447,-0.3539,1774037269371
okx,bybit,WAXPUSDT,0.008477,0.008444,-0.3893,1774037269671
okx,bybit,WAXPUSDT,0.008477,0.008445,-0.3775,1774037269971
okx,bybit,WAXPUSDT,0.008477,0.008445,-0.3775,1774037270271
okx,bybit,WAXPUSDT,0.008477,0.008445,-0.3775,1774037270571
okx,bybit,WAXPUSDT,0.008477,0.008445,-0.3775,1774037270872
okx,bybit,WAXPUSDT,0.008477,0.008446,-0.3657,1774037271172
okx,bybit,WAXPUSDT,0.008477,0.008444,-0.3893,1774037271472
okx,bybit,WAXPUSDT,0.008477,0.008447,-0.3539,1774037271772
okx,bybit,WAXPUSDT,0.008477,0.008444,-0.3893,1774037272072
okx,bybit,WAXPUSDT,0.008477,0.008444,-0.3893,1774037272373
okx,bybit,WAXPUSDT,0.008477,0.008447,-0.3539,1774037272673
okx,bybit,WAXPUSDT,0.008477,0.008445,-0.3775,1774037272974
okx,bybit,WAXPUSDT,0.008477,0.008445,-0.3775,1774037273275
okx,bybit,WAXPUSDT,0.008477,0.008444,-0.3893,1774037273575
okx,bybit,WAXPUSDT,0.008477,0.008445,-0.3775,1774037273883
okx,bybit,WAXPUSDT,0.008477,0.008445,-0.3775,1774037274183
okx,bybit,WAXPUSDT,0.008477,0.008444,-0.3893,1774037274483
okx,bybit,WAXPUSDT,0.008477,0.008444,-0.3893,1774037274783
okx,bybit,WAXPUSDT,0.008477,0.008444,-0.3893,1774037275084
okx,bybit,WAXPUSDT,0.008477,0.008445,-0.3775,1774037275385
okx,bybit,WAXPUSDT,0.008477,0.008446,-0.3657,1774037275685
okx,bybit,WAXPUSDT,0.008477,0.008444,-0.3893,1774037275986
okx,bybit,WAXPUSDT,0.008477,0.008444,-0.3893,1774037276286
okx,bybit,WAXPUSDT,0.008477,0.008444,-0.3893,1774037276586
okx,bybit,WAXPUSDT,0.008477,0.008444,-0.3893,1774037276886
okx,bybit,WAXPUSDT,0.008477,0.008444,-0.3893,1774037277187
okx,bybit,WAXPUSDT,0.008477,0.008444,-0.3893,1774037277487
okx,bybit,WAXPUSDT,0.008477,0.008444,-0.3893,1774037277787
okx,bybit,WAXPUSDT,0.008477,0.008444,-0.3893,1774037278087
okx,bybit,WAXPUSDT,0.008477,0.008444,-0.3893,1774037278388
okx,bybit,WAXPUSDT,0.008477,0.008444,-0.3893,1774037278688
okx,bybit,WAXPUSDT,0.008477,0.008436,-0.4837,1774037278988
okx,bybit,WAXPUSDT,0.008477,0.008437,-0.4719,1774037279289
okx,bybit,WAXPUSDT,0.008477,0.00844,-0.4365,1774037279589
okx,bybit,WAXPUSDT,0.008477,0.00844,-0.4365,1774037279890
okx,bybit,WAXPUSDT,0.008477,0.008438,-0.4601,1774037280190
okx,bybit,WAXPUSDT,0.008477,0.008438,-0.4601,1774037280490
okx,bybit,WAXPUSDT,0.008477,0.008433,-0.5191,1774037280791
okx,bybit,WAXPUSDT,0.008477,0.008435,-0.4955,1774037281091
okx,bybit,WAXPUSDT,0.008482,0.008436,-0.5423,1774037281391
okx,bybit,WAXPUSDT,0.008482,0.008435,-0.5541,1774037281691
okx,bybit,WAXPUSDT,0.00848,0.008436,-0.5189,1774037281992
okx,bybit,WAXPUSDT,0.008489,0.008436,-0.6243,1774037282293
okx,bybit,WAXPUSDT,0.008483,0.008436,-0.554,1774037282593
okx,bybit,WAXPUSDT,0.008483,0.008442,-0.4833,1774037282893
okx,bybit,WAXPUSDT,0.008481,0.008443,-0.4481,1774037283194
okx,bybit,WAXPUSDT,0.00848,0.008442,-0.4481,1774037283494
okx,bybit,WAXPUSDT,0.008484,0.008441,-0.5068,1774037283795
okx,bybit,WAXPUSDT,0.008482,0.008439,-0.507,1774037284095
okx,bybit,WAXPUSDT,0.008482,0.008439,-0.507,1774037284395
okx,bybit,WAXPUSDT,0.008482,0.008438,-0.5187,1774037284695
okx,bybit,WAXPUSDT,0.008477,0.008437,-0.4719,1774037284995
okx,bybit,WAXPUSDT,0.008477,0.008439,-0.4483,1774037285296
okx,bybit,WAXPUSDT,0.008477,0.008442,-0.4129,1774037285596
okx,bybit,WAXPUSDT,0.00848,0.008442,-0.4481,1774037285897
okx,bybit,WAXPUSDT,0.00848,0.00844,-0.4717,1774037286197
okx,bybit,WAXPUSDT,0.008478,0.008434,-0.519,1774037286497
okx,bybit,WAXPUSDT,0.008482,0.008432,-0.5895,1774037286798
okx,bybit,WAXPUSDT,0.008475,0.008434,-0.4838,1774037287098
okx,bybit,WAXPUSDT,0.008475,0.008433,-0.4956,1774037287398
okx,bybit,WAXPUSDT,0.008482,0.008433,-0.5777,1774037287699
okx,bybit,WAXPUSDT,0.008478,0.008433,-0.5308,1774037287999
okx,bybit,WAXPUSDT,0.008477,0.008436,-0.4837,1774037288300
okx,bybit,WAXPUSDT,0.008481,0.008439,-0.4952,1774037288600
okx,bybit,WAXPUSDT,0.008483,0.008439,-0.5187,1774037288900
okx,bybit,WAXPUSDT,0.00848,0.008439,-0.4835,1774037289200
okx,bybit,WAXPUSDT,0.00848,0.008439,-0.4835,1774037289501
okx,bybit,WAXPUSDT,0.008478,0.008439,-0.46,1774037289801
okx,bybit,WAXPUSDT,0.008478,0.008439,-0.46,1774037290102
okx,bybit,WAXPUSDT,0.008482,0.008439,-0.507,1774037290402
okx,bybit,WAXPUSDT,0.008483,0.008438,-0.5305,1774037290702
okx,bybit,WAXPUSDT,0.008479,0.008439,-0.4718,1774037291002
okx,bybit,WAXPUSDT,0.008482,0.008438,-0.5187,1774037291303
okx,bybit,WAXPUSDT,0.008482,0.008438,-0.5187,1774037291603
okx,bybit,WAXPUSDT,0.008479,0.008447,-0.3774,1774037291903
okx,bybit,WAXPUSDT,0.008481,0.008447,-0.4009,1774037292203
okx,bybit,WAXPUSDT,0.008481,0.008446,-0.4127,1774037292503
okx,bybit,WAXPUSDT,0.008481,0.008446,-0.4127,1774037292804
okx,bybit,WAXPUSDT,0.008481,0.008446,-0.4127,1774037293104
okx,bybit,WAXPUSDT,0.008481,0.008445,-0.4245,1774037293404
okx,bybit,WAXPUSDT,0.008487,0.008444,-0.5067,1774037293705
okx,bybit,WAXPUSDT,0.008487,0.00844,-0.5538,1774037294005
okx,bybit,WAXPUSDT,0.008484,0.008441,-0.5068,1774037294306
okx,bybit,WAXPUSDT,0.008487,0.008441,-0.542,1774037294607
okx,bybit,WAXPUSDT,0.008484,0.008443,-0.4833,1774037294907
okx,bybit,WAXPUSDT,0.008482,0.008444,-0.448,1774037295207
okx,bybit,WAXPUSDT,0.008488,0.008443,-0.5302,1774037295507
okx,bybit,WAXPUSDT,0.008482,0.008444,-0.448,1774037295807
okx,bybit,WAXPUSDT,0.008487,0.008442,-0.5302,1774037296108
okx,bybit,WAXPUSDT,0.008485,0.008442,-0.5068,1774037296408
okx,bybit,WAXPUSDT,0.008489,0.008442,-0.5537,1774037296708
okx,bybit,WAXPUSDT,0.008489,0.008442,-0.5537,1774037297009
okx,bybit,WAXPUSDT,0.008486,0.008446,-0.4714,1774037297309
okx,bybit,WAXPUSDT,0.008484,0.008445,-0.4597,1774037297609
okx,bybit,WAXPUSDT,0.008484,0.008443,-0.4833,1774037297909
okx,bybit,WAXPUSDT,0.008485,0.008444,-0.4832,1774037298209
okx,bybit,WAXPUSDT,0.008483,0.008444,-0.4597,1774037298510
okx,bybit,WAXPUSDT,0.008488,0.008443,-0.5302,1774037298811
okx,bybit,WAXPUSDT,0.008488,0.008443,-0.5302,1774037299111
okx,bybit,WAXPUSDT,0.008481,0.008443,-0.4481,1774037299411
okx,bybit,WAXPUSDT,0.008481,0.008443,-0.4481,1774037299712
okx,bybit,WAXPUSDT,0.008481,0.008443,-0.4481,1774037300012
okx,bybit,WAXPUSDT,0.00848,0.008444,-0.4245,1774037300312
okx,bybit,WAXPUSDT,0.008481,0.008449,-0.3773,1774037300612
okx,bybit,WAXPUSDT,0.008485,0.008447,-0.4478,1774037300912
okx,bybit,WAXPUSDT,0.008485,0.008446,-0.4596,1774037301213
okx,bybit,WAXPUSDT,0.008483,0.008446,-0.4362,1774037301513
okx,bybit,WAXPUSDT,0.008489,0.008447,-0.4948,1774037301813
okx,bybit,WAXPUSDT,0.008484,0.008447,-0.4361,1774037302113
okx,bybit,WAXPUSDT,0.008483,0.008447,-0.4244,1774037302414
okx,bybit,WAXPUSDT,0.008483,0.008444,-0.4597,1774037302714
okx,bybit,WAXPUSDT,0.008483,0.008444,-0.4597,1774037303015
okx,bybit,WAXPUSDT,0.008483,0.008444,-0.4597,1774037303316
okx,bybit,WAXPUSDT,0.008482,0.008445,-0.4362,1774037303621
okx,bybit,WAXPUSDT,0.008482,0.008446,-0.4244,1774037303921
okx,bybit,WAXPUSDT,0.008482,0.008447,-0.4126,1774037304222
okx,bybit,WAXPUSDT,0.008482,0.008446,-0.4244,1774037304522
okx,bybit,WAXPUSDT,0.008489,0.008446,-0.5065,1774037304822
okx,bybit,WAXPUSDT,0.008489,0.008444,-0.5301,1774037305122
okx,bybit,WAXPUSDT,0.008482,0.008444,-0.448,1774037305422
okx,bybit,WAXPUSDT,0.008482,0.008445,-0.4362,1774037305722
okx,bybit,WAXPUSDT,0.008482,0.008445,-0.4362,1774037306022
okx,bybit,WAXPUSDT,0.008487,0.008445,-0.4949,1774037306323
okx,bybit,WAXPUSDT,0.008484,0.008445,-0.4597,1774037306623
okx,bybit,WAXPUSDT,0.008484,0.008448,-0.4243,1774037306923
okx,bybit,WAXPUSDT,0.008487,0.008446,-0.4831,1774037307224
okx,bybit,WAXPUSDT,0.008483,0.008446,-0.4362,1774037307524
okx,bybit,WAXPUSDT,0.008484,0.008438,-0.5422,1774037307824
okx,bybit,WAXPUSDT,0.008484,0.00844,-0.5186,1774037308124
okx,bybit,WAXPUSDT,0.008476,0.00844,-0.4247,1774037308425
okx,bybit,WAXPUSDT,0.008473,0.00844,-0.3895,1774037308725
okx,bybit,WAXPUSDT,0.008473,0.008442,-0.3659,1774037309025
okx,bybit,WAXPUSDT,0.008482,0.008441,-0.4834,1774037309325
okx,bybit,WAXPUSDT,0.008479,0.008442,-0.4364,1774037309626
okx,bybit,WAXPUSDT,0.008483,0.008439,-0.5187,1774037309926
okx,bybit,WAXPUSDT,0.008477,0.00844,-0.4365,1774037310226
okx,bybit,WAXPUSDT,0.008476,0.008441,-0.4129,1774037310527
okx,bybit,WAXPUSDT,0.008483,0.008442,-0.4833,1774037310827
okx,bybit,WAXPUSDT,0.008478,0.008442,-0.4246,1774037311127
okx,bybit,WAXPUSDT,0.008476,0.008441,-0.4129,1774037311428
okx,bybit,WAXPUSDT,0.008479,0.008445,-0.401,1774037311728
okx,bybit,WAXPUSDT,0.008476,0.008453,-0.2714,1774037312028
okx,bybit,WAXPUSDT,0.008476,0.008464,-0.1416,1774037312329
okx,bybit,WAXPUSDT,0.008486,0.008462,-0.2828,1774037312630
okx,bybit,WAXPUSDT,0.008489,0.008462,-0.3181,1774037312931
okx,bybit,WAXPUSDT,0.008489,0.008461,-0.3298,1774037313231
okx,bybit,WAXPUSDT,0.008489,0.008458,-0.3652,1774037313531
okx,bybit,WAXPUSDT,0.008489,0.008458,-0.3652,1774037313832
okx,bybit,WAXPUSDT,0.008489,0.008459,-0.3534,1774037314132
okx,bybit,WAXPUSDT,0.008489,0.008459,-0.3534,1774037314432
okx,bybit,WAXPUSDT,0.008489,0.008462,-0.3181,1774037314732
okx,bybit,WAXPUSDT,0.008489,0.008461,-0.3298,1774037315033
okx,bybit,WAXPUSDT,0.008489,0.008461,-0.3298,1774037315333
okx,bybit,WAXPUSDT,0.008496,0.008462,-0.4002,1774037315634
okx,bybit,WAXPUSDT,0.008495,0.008462,-0.3885,1774037315934
okx,bybit,WAXPUSDT,0.008495,0.008464,-0.3649,1774037316235
okx,bybit,WAXPUSDT,0.008496,0.008464,-0.3766,1774037316536
okx,bybit,WAXPUSDT,0.008497,0.008462,-0.4119,1774037316836
okx,bybit,WAXPUSDT,0.008495,0.008466,-0.3414,1774037317137
okx,bybit,WAXPUSDT,0.008494,0.008466,-0.3296,1774037317437
okx,bybit,WAXPUSDT,0.008494,0.008465,-0.3414,1774037317739
okx,bybit,WAXPUSDT,0.008494,0.008465,-0.3414,1774037318039
okx,bybit,WAXPUSDT,0.008494,0.008465,-0.3414,1774037318339
okx,bybit,WAXPUSDT,0.008495,0.008464,-0.3649,1774037318639
okx,bybit,WAXPUSDT,0.008495,0.008464,-0.3649,1774037318939
okx,bybit,WAXPUSDT,0.008496,0.008464,-0.3766,1774037319240
okx,bybit,WAXPUSDT,0.008496,0.008464,-0.3766,1774037319540
okx,bybit,WAXPUSDT,0.008496,0.008466,-0.3531,1774037319841
okx,bybit,WAXPUSDT,0.008496,0.008468,-0.3296,1774037320141
okx,bybit,WAXPUSDT,0.008497,0.008468,-0.3413,1774037320442
okx,bybit,WAXPUSDT,0.008497,0.008466,-0.3648,1774037320742
okx,bybit,WAXPUSDT,0.008497,0.008467,-0.3531,1774037321043
okx,bybit,WAXPUSDT,0.008497,0.008469,-0.3295,1774037321343
okx,bybit,WAXPUSDT,0.008497,0.008469,-0.3295,1774037321643
okx,bybit,WAXPUSDT,0.008497,0.00847,-0.3178,1774037321944
okx,bybit,WAXPUSDT,0.008497,0.008469,-0.3295,1774037322244
okx,bybit,WAXPUSDT,0.008497,0.008469,-0.3295,1774037322544
okx,bybit,WAXPUSDT,0.008497,0.008469,-0.3295,1774037322844
okx,bybit,WAXPUSDT,0.008496,0.008434,-0.7298,1774037323145
okx,bybit,WAXPUSDT,0.008482,0.00844,-0.4952,1774037323445
okx,bybit,WAXPUSDT,0.008478,0.008438,-0.4718,1774037323745
okx,bybit,WAXPUSDT,0.008475,0.00844,-0.413,1774037324046
okx,bybit,WAXPUSDT,0.008475,0.00844,-0.413,1774037324346
okx,bybit,WAXPUSDT,0.008475,0.00844,-0.413,1774037324647
okx,bybit,WAXPUSDT,0.008475,0.008441,-0.4012,1774037324947
okx,bybit,WAXPUSDT,0.008475,0.00844,-0.413,1774037325247
okx,bybit,WAXPUSDT,0.00848,0.00844,-0.4717,1774037325547
okx,bybit,WAXPUSDT,0.008476,0.00844,-0.4247,1774037325848
okx,bybit,WAXPUSDT,0.008479,0.008438,-0.4835,1774037326148
okx,bybit,WAXPUSDT,0.008479,0.008438,-0.4835,1774037326449
okx,bybit,WAXPUSDT,0.008479,0.008438,-0.4835,1774037326749
okx,bybit,WAXPUSDT,0.008478,0.008439,-0.46,1774037327049
okx,bybit,WAXPUSDT,0.008478,0.008439,-0.46,1774037327350
okx,bybit,WAXPUSDT,0.008474,0.00844,-0.4012,1774037327650
okx,bybit,WAXPUSDT,0.008478,0.008438,-0.4718,1774037327950
okx,bybit,WAXPUSDT,0.008474,0.008438,-0.4248,1774037328251
okx,bybit,WAXPUSDT,0.008473,0.008439,-0.4013,1774037328551
okx,bybit,WAXPUSDT,0.008473,0.008439,-0.4013,1774037328851
okx,bybit,WAXPUSDT,0.008473,0.008439,-0.4013,1774037329152
okx,bybit,WAXPUSDT,0.008473,0.008439,-0.4013,1774037329452
okx,bybit,WAXPUSDT,0.008478,0.008439,-0.46,1774037329752
okx,bybit,WAXPUSDT,0.008478,0.008439,-0.46,1774037330052
okx,bybit,WAXPUSDT,0.008474,0.008438,-0.4248,1774037330352
okx,bybit,WAXPUSDT,0.008474,0.008437,-0.4366,1774037330653
okx,bybit,WAXPUSDT,0.008472,0.008437,-0.4131,1774037330953
okx,bybit,WAXPUSDT,0.008472,0.008437,-0.4131,1774037331253
okx,bybit,WAXPUSDT,0.008472,0.008432,-0.4721,1774037331554
okx,bybit,WAXPUSDT,0.008474,0.008432,-0.4956,1774037331854
okx,bybit,WAXPUSDT,0.008472,0.008432,-0.4721,1774037332154
okx,bybit,WAXPUSDT,0.008472,0.008432,-0.4721,1774037332458
okx,bybit,WAXPUSDT,0.008474,0.008433,-0.4838,1774037332758
okx,bybit,WAXPUSDT,0.008474,0.008434,-0.472,1774037333058
okx,bybit,WAXPUSDT,0.008472,0.008435,-0.4367,1774037333359
okx,bybit,WAXPUSDT,0.008472,0.008435,-0.4367,1774037333660
okx,bybit,WAXPUSDT,0.008472,0.008438,-0.4013,1774037333960
okx,bybit,WAXPUSDT,0.008474,0.008439,-0.413,1774037334260
okx,bybit,WAXPUSDT,0.008474,0.008438,-0.4248,1774037334561
okx,bybit,WAXPUSDT,0.008472,0.008434,-0.4485,1774037334861
okx,bybit,WAXPUSDT,0.008474,0.008436,-0.4484,1774037335161
okx,bybit,WAXPUSDT,0.008472,0.008438,-0.4013,1774037335461
okx,bybit,WAXPUSDT,0.008474,0.008438,-0.4248,1774037335761
okx,bybit,WAXPUSDT,0.008474,0.008437,-0.4366,1774037336062
okx,bybit,WAXPUSDT,0.008472,0.008437,-0.4131,1774037336362
okx,bybit,WAXPUSDT,0.008474,0.008437,-0.4366,1774037336663
okx,bybit,WAXPUSDT,0.008474,0.008438,-0.4248,1774037336963
okx,bybit,WAXPUSDT,0.008474,0.008437,-0.4366,1774037337263
okx,bybit,WAXPUSDT,0.008472,0.008437,-0.4131,1774037337564
okx,bybit,WAXPUSDT,0.008472,0.008434,-0.4485,1774037337864
okx,bybit,WAXPUSDT,0.008472,0.008434,-0.4485,1774037338165
okx,bybit,WAXPUSDT,0.008472,0.008434,-0.4485,1774037338465
okx,bybit,WAXPUSDT,0.008472,0.008434,-0.4485,1774037338765
okx,bybit,WAXPUSDT,0.008472,0.008434,-0.4485,1774037339066
okx,bybit,WAXPUSDT,0.008473,0.008434,-0.4603,1774037339366
okx,bybit,WAXPUSDT,0.008472,0.008434,-0.4485,1774037339667
okx,bybit,WAXPUSDT,0.008472,0.008434,-0.4485,1774037339967
okx,bybit,WAXPUSDT,0.008472,0.008434,-0.4485,1774037340267
okx,bybit,WAXPUSDT,0.008472,0.008432,-0.4721,1774037340567
okx,bybit,WAXPUSDT,0.008472,0.008432,-0.4721,1774037340867
okx,bybit,WAXPUSDT,0.008472,0.008433,-0.4603,1774037341167
okx,bybit,WAXPUSDT,0.008472,0.008433,-0.4603,1774037341467
okx,bybit,WAXPUSDT,0.008472,0.008433,-0.4603,1774037341768
okx,bybit,WAXPUSDT,0.008468,0.008433,-0.4133,1774037342068
okx,bybit,WAXPUSDT,0.008468,0.008433,-0.4133,1774037342369
okx,bybit,WAXPUSDT,0.008468,0.008434,-0.4015,1774037342669
okx,bybit,WAXPUSDT,0.008468,0.008433,-0.4133,1774037342970
okx,bybit,WAXPUSDT,0.008468,0.008433,-0.4133,1774037343270
okx,bybit,WAXPUSDT,0.008468,0.008433,-0.4133,1774037343570
okx,bybit,WAXPUSDT,0.008468,0.008433,-0.4133,1774037343870
okx,bybit,WAXPUSDT,0.008468,0.008433,-0.4133,1774037344171
okx,bybit,WAXPUSDT,0.008468,0.008433,-0.4133,1774037344471
okx,bybit,WAXPUSDT,0.008468,0.008434,-0.4015,1774037344771
okx,bybit,WAXPUSDT,0.008468,0.008433,-0.4133,1774037345072
okx,bybit,WAXPUSDT,0.008468,0.008433,-0.4133,1774037345372
okx,bybit,WAXPUSDT,0.008468,0.008433,-0.4133,1774037345676
okx,bybit,WAXPUSDT,0.008468,0.008433,-0.4133,1774037345978
okx,bybit,WAXPUSDT,0.008468,0.008435,-0.3897,1774037346278
okx,bybit,WAXPUSDT,0.008468,0.008426,-0.496,1774037346579
okx,bybit,WAXPUSDT,0.008468,0.00843,-0.4487,1774037346879
okx,bybit,WAXPUSDT,0.008468,0.00843,-0.4487,1774037347179
okx,bybit,WAXPUSDT,0.008473,0.008431,-0.4957,1774037347479
okx,bybit,WAXPUSDT,0.008473,0.008429,-0.5193,1774037347780
okx,bybit,WAXPUSDT,0.008473,0.008432,-0.4839,1774037348080
okx,bybit,WAXPUSDT,0.008476,0.008432,-0.5191,1774037348380
okx,bybit,WAXPUSDT,0.008476,0.008432,-0.5191,1774037348680
okx,bybit,WAXPUSDT,0.008476,0.008434,-0.4955,1774037348980
okx,bybit,WAXPUSDT,0.008476,0.008439,-0.4365,1774037349281
okx,bybit,WAXPUSDT,0.008476,0.008438,-0.4483,1774037349581
okx,bybit,WAXPUSDT,0.008476,0.008439,-0.4365,1774037349882
okx,bybit,WAXPUSDT,0.008476,0.008439,-0.4365,1774037350182
okx,bybit,WAXPUSDT,0.008476,0.00844,-0.4247,1774037350483
okx,bybit,WAXPUSDT,0.008476,0.008437,-0.4601,1774037350783
okx,bybit,WAXPUSDT,0.008476,0.008438,-0.4483,1774037351083
okx,bybit,WAXPUSDT,0.008476,0.008438,-0.4483,1774037351384
okx,bybit,WAXPUSDT,0.008476,0.008438,-0.4483,1774037351684
okx,bybit,WAXPUSDT,0.008476,0.008438,-0.4483,1774037351984
okx,bybit,WAXPUSDT,0.008476,0.008439,-0.4365,1774037352284
okx,bybit,WAXPUSDT,0.008476,0.008439,-0.4365,1774037352585
okx,bybit,WAXPUSDT,0.008476,0.008439,-0.4365,1774037352886
okx,bybit,WAXPUSDT,0.008476,0.008439,-0.4365,1774037353186
okx,bybit,WAXPUSDT,0.008476,0.008439,-0.4365,1774037353486
okx,bybit,WAXPUSDT,0.008476,0.008439,-0.4365,1774037353787
okx,bybit,WAXPUSDT,0.008476,0.008439,-0.4365,1774037354087
okx,bybit,WAXPUSDT,0.008476,0.008439,-0.4365,1774037354387
okx,bybit,WAXPUSDT,0.008476,0.00844,-0.4247,1774037354688
okx,bybit,WAXPUSDT,0.008476,0.008439,-0.4365,1774037354988
okx,bybit,WAXPUSDT,0.008476,0.008438,-0.4483,1774037355289
okx,bybit,WAXPUSDT,0.008476,0.008435,-0.4837,1774037355590
okx,bybit,WAXPUSDT,0.008476,0.008435,-0.4837,1774037355891
okx,bybit,WAXPUSDT,0.008476,0.008435,-0.4837,1774037356191
okx,bybit,WAXPUSDT,0.008476,0.008435,-0.4837,1774037356491
okx,bybit,WAXPUSDT,0.008476,0.008435,-0.4837,1774037356791
okx,bybit,WAXPUSDT,0.008476,0.008443,-0.3893,1774037357091
okx,bybit,WAXPUSDT,0.008476,0.008444,-0.3775,1774037357391
okx,bybit,WAXPUSDT,0.008476,0.008444,-0.3775,1774037357692
okx,bybit,WAXPUSDT,0.008476,0.00845,-0.3067,1774037357992
okx,bybit,WAXPUSDT,0.008476,0.008451,-0.295,1774037358292
okx,bybit,WAXPUSDT,0.008476,0.008449,-0.3185,1774037358593
okx,bybit,WAXPUSDT,0.008476,0.008446,-0.3539,1774037358893
okx,bybit,WAXPUSDT,0.008476,0.008446,-0.3539,1774037359194
okx,bybit,WAXPUSDT,0.008476,0.008446,-0.3539,1774037359494
okx,bybit,WAXPUSDT,0.008476,0.008446,-0.3539,1774037359795
okx,bybit,WAXPUSDT,0.008476,0.008446,-0.3539,1774037360095
okx,bybit,WAXPUSDT,0.008476,0.008452,-0.2832,1774037360396
okx,bybit,WAXPUSDT,0.008476,0.008452,-0.2832,1774037360696
okx,bybit,WAXPUSDT,0.008476,0.008452,-0.2832,1774037360996
okx,bybit,WAXPUSDT,0.008476,0.008452,-0.2832,1774037361297
okx,bybit,WAXPUSDT,0.008476,0.008448,-0.3303,1774037361597
okx,bybit,WAXPUSDT,0.008476,0.008448,-0.3303,1774037361897
okx,bybit,WAXPUSDT,0.008476,0.008448,-0.3303,1774037362197
okx,bybit,WAXPUSDT,0.008476,0.008448,-0.3303,1774037362498
okx,bybit,WAXPUSDT,0.008476,0.008448,-0.3303,1774037362798
okx,bybit,WAXPUSDT,0.008476,0.008448,-0.3303,1774037363098
okx,bybit,WAXPUSDT,0.008476,0.00845,-0.3067,1774037363399
okx,bybit,WAXPUSDT,0.008476,0.00845,-0.3067,1774037363699
okx,bybit,WAXPUSDT,0.008476,0.008444,-0.3775,1774037363999
okx,bybit,WAXPUSDT,0.008476,0.008444,-0.3775,1774037364299
okx,bybit,WAXPUSDT,0.008476,0.008444,-0.3775,1774037364600
okx,bybit,WAXPUSDT,0.008476,0.008443,-0.3893,1774037364900
okx,bybit,WAXPUSDT,0.008476,0.008443,-0.3893,1774037365201
okx,bybit,WAXPUSDT,0.008476,0.008442,-0.4011,1774037365501
okx,bybit,WAXPUSDT,0.008476,0.008442,-0.4011,1774037365801
okx,bybit,WAXPUSDT,0.008476,0.008442,-0.4011,1774037366101
okx,bybit,WAXPUSDT,0.008476,0.008442,-0.4011,1774037366402
okx,bybit,WAXPUSDT,0.008476,0.008442,-0.4011,1774037366702
okx,bybit,WAXPUSDT,0.008476,0.008442,-0.4011,1774037367002
okx,bybit,WAXPUSDT,0.008476,0.008442,-0.4011,1774037367303
okx,bybit,WAXPUSDT,0.008476,0.008442,-0.4011,1774037367603
okx,bybit,WAXPUSDT,0.008476,0.008442,-0.4011,1774037367903
okx,bybit,WAXPUSDT,0.008476,0.008442,-0.4011,1774037368203
okx,bybit,WAXPUSDT,0.008476,0.008442,-0.4011,1774037368504
okx,bybit,WAXPUSDT,0.008476,0.008442,-0.4011,1774037368805
okx,bybit,WAXPUSDT,0.008476,0.008441,-0.4129,1774037369105
okx,bybit,WAXPUSDT,0.008476,0.008441,-0.4129,1774037369406
okx,bybit,WAXPUSDT,0.008476,0.008441,-0.4129,1774037369706
okx,bybit,WAXPUSDT,0.008476,0.008441,-0.4129,1774037370006
okx,bybit,WAXPUSDT,0.008476,0.008442,-0.4011,1774037370306
okx,bybit,WAXPUSDT,0.008476,0.008448,-0.3303,1774037370606
okx,bybit,WAXPUSDT,0.008489,0.008447,-0.4948,1774037370907
okx,bybit,WAXPUSDT,0.008489,0.008447,-0.4948,1774037371207
okx,bybit,WAXPUSDT,0.008489,0.008448,-0.483,1774037371508
okx,bybit,WAXPUSDT,0.008489,0.008449,-0.4712,1774037371808
okx,bybit,WAXPUSDT,0.008489,0.008449,-0.4712,1774037372108
okx,bybit,WAXPUSDT,0.008489,0.008449,-0.4712,1774037372408
okx,bybit,WAXPUSDT,0.008489,0.008448,-0.483,1774037372709
okx,bybit,WAXPUSDT,0.008489,0.008448,-0.483,1774037373009
okx,bybit,WAXPUSDT,0.00849,0.008445,-0.53,1774037373309
okx,bybit,WAXPUSDT,0.00849,0.008445,-0.53,1774037373610
okx,bybit,WAXPUSDT,0.008489,0.008445,-0.5183,1774037373910
okx,bybit,WAXPUSDT,0.008489,0.008445,-0.5183,1774037374211
okx,bybit,WAXPUSDT,0.008489,0.008445,-0.5183,1774037374511
okx,bybit,WAXPUSDT,0.008489,0.008445,-0.5183,1774037374811
okx,bybit,WAXPUSDT,0.008489,0.008446,-0.5065,1774037375111
okx,bybit,WAXPUSDT,0.008489,0.008446,-0.5065,1774037375412
okx,bybit,WAXPUSDT,0.00849,0.008449,-0.4829,1774037375713
okx,bybit,WAXPUSDT,0.008489,0.008453,-0.4241,1774037376013
okx,bybit,WAXPUSDT,0.008489,0.008452,-0.4359,1774037376313
okx,bybit,WAXPUSDT,0.008489,0.008451,-0.4476,1774037376614
okx,bybit,WAXPUSDT,0.008489,0.00845,-0.4594,1774037376914
okx,bybit,WAXPUSDT,0.008489,0.00845,-0.4594,1774037377215
okx,bybit,WAXPUSDT,0.008489,0.00845,-0.4594,1774037377515
okx,bybit,WAXPUSDT,0.00849,0.00845,-0.4711,1774037377815
okx,bybit,WAXPUSDT,0.00849,0.00845,-0.4711,1774037378116
okx,bybit,WAXPUSDT,0.008489,0.008449,-0.4712,1774037378416
okx,bybit,WAXPUSDT,0.008488,0.008446,-0.4948,1774037378716
okx,bybit,WAXPUSDT,0.008489,0.008446,-0.5065,1774037379016
okx,bybit,WAXPUSDT,0.008489,0.008447,-0.4948,1774037379317
okx,bybit,WAXPUSDT,0.008489,0.008448,-0.483,1774037379617
okx,bybit,WAXPUSDT,0.008487,0.008448,-0.4595,1774037379917
okx,bybit,WAXPUSDT,0.008487,0.008447,-0.4713,1774037380217
okx,bybit,WAXPUSDT,0.008487,0.008447,-0.4713,1774037380517
okx,bybit,WAXPUSDT,0.008487,0.008447,-0.4713,1774037380818
okx,bybit,WAXPUSDT,0.008487,0.008447,-0.4713,1774037381119
okx,bybit,WAXPUSDT,0.008487,0.008447,-0.4713,1774037381419
okx,bybit,WAXPUSDT,0.008487,0.008447,-0.4713,1774037381719
okx,bybit,WAXPUSDT,0.008487,0.008447,-0.4713,1774037382019
okx,bybit,WAXPUSDT,0.008487,0.008447,-0.4713,1774037382320
okx,bybit,WAXPUSDT,0.008487,0.008447,-0.4713,1774037382620
okx,bybit,WAXPUSDT,0.008486,0.008447,-0.4596,1774037382920
okx,bybit,WAXPUSDT,0.008486,0.008447,-0.4596,1774037383221
okx,bybit,WAXPUSDT,0.008486,0.008447,-0.4596,1774037383521
okx,bybit,WAXPUSDT,0.008486,0.008447,-0.4596,1774037383821
okx,bybit,WAXPUSDT,0.008486,0.008447,-0.4596,1774037384122
okx,bybit,WAXPUSDT,0.008486,0.008447,-0.4596,1774037384422
okx,bybit,WAXPUSDT,0.008489,0.008447,-0.4948,1774037384722
okx,bybit,WAXPUSDT,0.008488,0.008447,-0.483,1774037385023
okx,bybit,WAXPUSDT,0.008488,0.008448,-0.4713,1774037385323
okx,bybit,WAXPUSDT,0.008488,0.008448,-0.4713,1774037385623
okx,bybit,WAXPUSDT,0.008488,0.008444,-0.5184,1774037385923
okx,bybit,WAXPUSDT,0.008488,0.008444,-0.5184,1774037386224
okx,bybit,WAXPUSDT,0.008488,0.008444,-0.5184,1774037386524
okx,bybit,WAXPUSDT,0.008487,0.008444,-0.5067,1774037386824
okx,bybit,WAXPUSDT,0.008487,0.008445,-0.4949,1774037387124
okx,bybit,WAXPUSDT,0.008487,0.008445,-0.4949,1774037387425
okx,bybit,WAXPUSDT,0.008487,0.008445,-0.4949,1774037387725
okx,bybit,WAXPUSDT,0.008487,0.008444,-0.5067,1774037388025
okx,bybit,WAXPUSDT,0.008487,0.008444,-0.5067,1774037388325
okx,bybit,WAXPUSDT,0.008487,0.008444,-0.5067,1774037388625
okx,bybit,WAXPUSDT,0.008487,0.008444,-0.5067,1774037388925
okx,bybit,WAXPUSDT,0.008487,0.008444,-0.5067,1774037389225
okx,bybit,WAXPUSDT,0.008486,0.008444,-0.4949,1774037389526
okx,bybit,WAXPUSDT,0.008486,0.008444,-0.4949,1774037389826
okx,bybit,WAXPUSDT,0.008486,0.008453,-0.3889,1774037390126
okx,bybit,WAXPUSDT,0.008494,0.008456,-0.4474,1774037390426
okx,bybit,WAXPUSDT,0.008494,0.008456,-0.4474,1774037390726
okx,bybit,WAXPUSDT,0.008494,0.008456,-0.4474,1774037391027
okx,bybit,WAXPUSDT,0.008494,0.008456,-0.4474,1774037391327
okx,bybit,WAXPUSDT,0.008494,0.008454,-0.4709,1774037391627
okx,bybit,WAXPUSDT,0.008494,0.008454,-0.4709,1774037391927
okx,bybit,WAXPUSDT,0.008494,0.008454,-0.4709,1774037392228
okx,bybit,WAXPUSDT,0.008494,0.008454,-0.4709,1774037392529
okx,bybit,WAXPUSDT,0.008494,0.008454,-0.4709,1774037392830
okx,bybit,WAXPUSDT,0.008494,0.008455,-0.4591,1774037393130
okx,bybit,WAXPUSDT,0.008494,0.008453,-0.4827,1774037393430
okx,bybit,WAXPUSDT,0.008494,0.008454,-0.4709,1774037393731
okx,bybit,WAXPUSDT,0.008494,0.008454,-0.4709,1774037394031
okx,bybit,WAXPUSDT,0.008494,0.008453,-0.4827,1774037394332
okx,bybit,WAXPUSDT,0.008494,0.008455,-0.4591,1774037394632
okx,bybit,WAXPUSDT,0.008494,0.008455,-0.4591,1774037394932
okx,bybit,WAXPUSDT,0.008494,0.008455,-0.4591,1774037395233
okx,bybit,WAXPUSDT,0.008494,0.008455,-0.4591,1774037395533
okx,bybit,WAXPUSDT,0.008494,0.008455,-0.4591,1774037395833
okx,bybit,WAXPUSDT,0.008494,0.008455,-0.4591,1774037396133
okx,bybit,WAXPUSDT,0.008494,0.008455,-0.4591,1774037396434
okx,bybit,WAXPUSDT,0.008494,0.008457,-0.4356,1774037396735
okx,bybit,WAXPUSDT,0.008494,0.008457,-0.4356,1774037397035
okx,bybit,WAXPUSDT,0.008494,0.008457,-0.4356,1774037397336
okx,bybit,WAXPUSDT,0.008494,0.008456,-0.4474,1774037397636
okx,bybit,WAXPUSDT,0.008494,0.008456,-0.4474,1774037397936
okx,bybit,WAXPUSDT,0.008494,0.008456,-0.4474,1774037398237
okx,bybit,WAXPUSDT,0.008494,0.008455,-0.4591,1774037398538
okx,bybit,WAXPUSDT,0.008494,0.008455,-0.4591,1774037398838
okx,bybit,WAXPUSDT,0.008494,0.008455,-0.4591,1774037399139
okx,bybit,WAXPUSDT,0.008494,0.008453,-0.4827,1774037399439
okx,bybit,WAXPUSDT,0.008494,0.008452,-0.4945,1774037399739
okx,bybit,WAXPUSDT,0.008494,0.008452,-0.4945,1774037400039
okx,bybit,WAXPUSDT,0.008494,0.008452,-0.4945,1774037400340
okx,bybit,WAXPUSDT,0.008493,0.008449,-0.5181,1774037400640
okx,bybit,WAXPUSDT,0.008493,0.008447,-0.5416,1774037400940
okx,bybit,WAXPUSDT,0.008492,0.008447,-0.5299,1774037401240
okx,bybit,WAXPUSDT,0.008491,0.008447,-0.5182,1774037401540
okx,bybit,WAXPUSDT,0.008491,0.008447,-0.5182,1774037401840
okx,bybit,WAXPUSDT,0.008491,0.008449,-0.4946,1774037402140
okx,bybit,WAXPUSDT,0.008491,0.008447,-0.5182,1774037402441
okx,bybit,WAXPUSDT,0.008492,0.008447,-0.5299,1774037402741
okx,bybit,WAXPUSDT,0.008492,0.008446,-0.5417,1774037403041
okx,bybit,WAXPUSDT,0.00849,0.008447,-0.5065,1774037403341
okx,bybit,WAXPUSDT,0.00849,0.008447,-0.5065,1774037403641
okx,bybit,WAXPUSDT,0.008489,0.008447,-0.4948,1774037403942
okx,bybit,WAXPUSDT,0.008489,0.008447,-0.4948,1774037404242
okx,bybit,WAXPUSDT,0.008489,0.008447,-0.4948,1774037404542
okx,bybit,WAXPUSDT,0.008489,0.008446,-0.5065,1774037404843
okx,bybit,WAXPUSDT,0.008491,0.008446,-0.53,1774037405143
okx,bybit,WAXPUSDT,0.008491,0.008449,-0.4946,1774037405444
okx,bybit,WAXPUSDT,0.008491,0.00845,-0.4829,1774037405744
okx,bybit,WAXPUSDT,0.008491,0.00845,-0.4829,1774037406044
okx,bybit,WAXPUSDT,0.008491,0.00845,-0.4829,1774037406344
okx,bybit,WAXPUSDT,0.00849,0.00845,-0.4711,1774037406645
okx,bybit,WAXPUSDT,0.008486,0.008448,-0.4478,1774037406946
okx,bybit,WAXPUSDT,0.008488,0.008447,-0.483,1774037407246
okx,bybit,WAXPUSDT,0.008486,0.008447,-0.4596,1774037407546
okx,bybit,WAXPUSDT,0.008488,0.008447,-0.483,1774037407846
okx,bybit,WAXPUSDT,0.008486,0.008447,-0.4596,1774037408147
okx,bybit,WAXPUSDT,0.008486,0.008447,-0.4596,1774037408447
okx,bybit,WAXPUSDT,0.008489,0.008447,-0.4948,1774037408747
okx,bybit,WAXPUSDT,0.008489,0.008447,-0.4948,1774037409047
okx,bybit,WAXPUSDT,0.008488,0.00845,-0.4477,1774037409347
okx,bybit,WAXPUSDT,0.008488,0.00845,-0.4477,1774037409647
okx,bybit,WAXPUSDT,0.008489,0.00845,-0.4594,1774037409948
okx,bybit,WAXPUSDT,0.008489,0.00845,-0.4594,1774037410248
okx,bybit,WAXPUSDT,0.00849,0.008449,-0.4829,1774037410548
okx,bybit,WAXPUSDT,0.008486,0.008449,-0.436,1774037410848
okx,bybit,WAXPUSDT,0.008486,0.008447,-0.4596,1774037411149
okx,bybit,WAXPUSDT,0.008482,0.008447,-0.4126,1774037411449
okx,bybit,WAXPUSDT,0.008484,0.008447,-0.4361,1774037411749
okx,bybit,WAXPUSDT,0.008489,0.008447,-0.4948,1774037412049
okx,bybit,WAXPUSDT,0.008486,0.008448,-0.4478,1774037412350
okx,bybit,WAXPUSDT,0.008482,0.008447,-0.4126,1774037412650
okx,bybit,WAXPUSDT,0.008486,0.008447,-0.4596,1774037412950
okx,bybit,WAXPUSDT,0.008483,0.008449,-0.4008,1774037413250
okx,bybit,WAXPUSDT,0.00849,0.008449,-0.4829,1774037413550
okx,bybit,WAXPUSDT,0.008494,0.008449,-0.5298,1774037413851
okx,bybit,WAXPUSDT,0.008494,0.008449,-0.5298,1774037414151
okx,bybit,WAXPUSDT,0.008494,0.008447,-0.5533,1774037414451
okx,bybit,WAXPUSDT,0.008494,0.008447,-0.5533,1774037414754
okx,bybit,WAXPUSDT,0.008494,0.008446,-0.5651,1774037415055
okx,bybit,WAXPUSDT,0.008494,0.008447,-0.5533,1774037415355
okx,bybit,WAXPUSDT,0.008494,0.008447,-0.5533,1774037415655
okx,bybit,WAXPUSDT,0.008494,0.008447,-0.5533,1774037415956
okx,bybit,WAXPUSDT,0.008494,0.008446,-0.5651,1774037416256
okx,bybit,WAXPUSDT,0.008494,0.008446,-0.5651,1774037416557
okx,bybit,WAXPUSDT,0.008494,0.008446,-0.5651,1774037416857
okx,bybit,WAXPUSDT,0.008494,0.008446,-0.5651,1774037417157
okx,bybit,WAXPUSDT,0.008494,0.008447,-0.5533,1774037417458
okx,bybit,WAXPUSDT,0.008494,0.008447,-0.5533,1774037417758
okx,bybit,WAXPUSDT,0.008494,0.008446,-0.5651,1774037418058
okx,bybit,WAXPUSDT,0.008494,0.008446,-0.5651,1774037418358
okx,bybit,WAXPUSDT,0.008494,0.008446,-0.5651,1774037418659
okx,bybit,WAXPUSDT,0.008494,0.008446,-0.5651,1774037418959
okx,bybit,WAXPUSDT,0.008494,0.008446,-0.5651,1774037419260
okx,bybit,WAXPUSDT,0.008494,0.008448,-0.5416,1774037419560
okx,bybit,WAXPUSDT,0.008494,0.008448,-0.5416,1774037419860
okx,bybit,WAXPUSDT,0.008494,0.008446,-0.5651,1774037420160
okx,bybit,WAXPUSDT,0.008494,0.008447,-0.5533,1774037420461
okx,bybit,WAXPUSDT,0.008494,0.008447,-0.5533,1774037420761
okx,bybit,WAXPUSDT,0.008494,0.008447,-0.5533,1774037421061
okx,bybit,WAXPUSDT,0.008494,0.008449,-0.5298,1774037421361
okx,bybit,WAXPUSDT,0.008494,0.008449,-0.5298,1774037421662
okx,bybit,WAXPUSDT,0.008494,0.008449,-0.5298,1774037421962
okx,bybit,WAXPUSDT,0.008494,0.008448,-0.5416,1774037422263
okx,bybit,WAXPUSDT,0.008494,0.008448,-0.5416,1774037422563
okx,bybit,WAXPUSDT,0.008494,0.008448,-0.5416,1774037422863
okx,bybit,WAXPUSDT,0.008494,0.008448,-0.5416,1774037423164
okx,bybit,WAXPUSDT,0.008494,0.008448,-0.5416,1774037423464
okx,bybit,WAXPUSDT,0.008494,0.008448,-0.5416,1774037423764
okx,bybit,WAXPUSDT,0.008494,0.008447,-0.5533,1774037424065
okx,bybit,WAXPUSDT,0.008494,0.008448,-0.5416,1774037424365
okx,bybit,WAXPUSDT,0.008494,0.008448,-0.5416,1774037424665
okx,bybit,WAXPUSDT,0.008494,0.008448,-0.5416,1774037424965
okx,bybit,WAXPUSDT,0.008494,0.008448,-0.5416,1774037425265
okx,bybit,WAXPUSDT,0.008494,0.008448,-0.5416,1774037425565
okx,bybit,WAXPUSDT,0.008494,0.008447,-0.5533,1774037425865
okx,bybit,WAXPUSDT,0.008494,0.008447,-0.5533,1774037426166
okx,bybit,WAXPUSDT,0.008494,0.008447,-0.5533,1774037426466
okx,bybit,WAXPUSDT,0.008494,0.008454,-0.4709,1774037426766
okx,bybit,WAXPUSDT,0.008502,0.008454,-0.5646,1774037427066
okx,bybit,WAXPUSDT,0.008502,0.008453,-0.5763,1774037427366
okx,bybit,WAXPUSDT,0.008502,0.008453,-0.5763,1774037427667
okx,bybit,WAXPUSDT,0.008502,0.008451,-0.5999,1774037427968
okx,bybit,WAXPUSDT,0.008502,0.00845,-0.6116,1774037428268
okx,bybit,WAXPUSDT,0.008502,0.00845,-0.6116,1774037428568
okx,bybit,WAXPUSDT,0.008502,0.00845,-0.6116,1774037428868
okx,bybit,WAXPUSDT,0.0085,0.00845,-0.5882,1774037429169
okx,bybit,WAXPUSDT,0.008498,0.00845,-0.5648,1774037429469
okx,bybit,WAXPUSDT,0.008498,0.00845,-0.5648,1774037429769
okx,bybit,WAXPUSDT,0.008498,0.00845,-0.5648,1774037430069
okx,bybit,WAXPUSDT,0.008499,0.00845,-0.5765,1774037430369
okx,bybit,WAXPUSDT,0.008498,0.008452,-0.5413,1774037430670
okx,bybit,WAXPUSDT,0.008498,0.008452,-0.5413,1774037430970
okx,bybit,WAXPUSDT,0.008498,0.00845,-0.5648,1774037431270
okx,bybit,WAXPUSDT,0.008498,0.00845,-0.5648,1774037431571
okx,bybit,WAXPUSDT,0.008501,0.00845,-0.5999,1774037431871
okx,bybit,WAXPUSDT,0.0085,0.00845,-0.5882,1774037432172
okx,bybit,WAXPUSDT,0.0085,0.00845,-0.5882,1774037432472
okx,bybit,WAXPUSDT,0.0085,0.00845,-0.5882,1774037432772
okx,bybit,WAXPUSDT,0.0085,0.00845,-0.5882,1774037433072
okx,bybit,WAXPUSDT,0.0085,0.008451,-0.5765,1774037433372
okx,bybit,WAXPUSDT,0.0085,0.008451,-0.5765,1774037433672
okx,bybit,WAXPUSDT,0.0085,0.008451,-0.5765,1774037433973
okx,bybit,WAXPUSDT,0.0085,0.008451,-0.5765,1774037434273
okx,bybit,WAXPUSDT,0.0085,0.008451,-0.5765,1774037434574
okx,bybit,WAXPUSDT,0.0085,0.008451,-0.5765,1774037434874
okx,bybit,WAXPUSDT,0.0085,0.008451,-0.5765,1774037435176
okx,bybit,WAXPUSDT,0.0085,0.008451,-0.5765,1774037435476
okx,bybit,WAXPUSDT,0.0085,0.008455,-0.5294,1774037435777
okx,bybit,WAXPUSDT,0.0085,0.008455,-0.5294,1774037436077
okx,bybit,WAXPUSDT,0.0085,0.008455,-0.5294,1774037436377
okx,bybit,WAXPUSDT,0.0085,0.008455,-0.5294,1774037436678
okx,bybit,WAXPUSDT,0.0085,0.008456,-0.5176,1774037436978
okx,bybit,WAXPUSDT,0.0085,0.008456,-0.5176,1774037437279
okx,bybit,WAXPUSDT,0.0085,0.008456,-0.5176,1774037437579
okx,bybit,WAXPUSDT,0.0085,0.008459,-0.4824,1774037437879
