spot_exch,fut_exch,symbol,ask_spot,bid_futures,spread_pct,ts
binance,okx,SAHARAUSDT,0.02943000,0.02936,-0.2379,1774053605000
binance,okx,SAHARAUSDT,0.02945000,0.02937,-0.2716,1774053607000
binance,okx,SAHARAUSDT,0.02945000,0.02937,-0.2716,1774053608000
binance,okx,SAHARAUSDT,0.02944000,0.02935,-0.3057,1774053609000
binance,okx,SAHARAUSDT,0.02945000,0.02938,-0.2377,1774053610000
binance,okx,SAHARAUSDT,0.02945000,0.02936,-0.3056,1774053611000
binance,okx,SAHARAUSDT,0.02942000,0.02934,-0.2719,1774053613000
binance,okx,SAHARAUSDT,0.02941000,0.02932,-0.306,1774053614000
binance,okx,SAHARAUSDT,0.02941000,0.02931,-0.34,1774053616000
binance,okx,SAHARAUSDT,0.02941000,0.02931,-0.34,1774053617000
binance,okx,SAHARAUSDT,0.02941000,0.02932,-0.306,1774053620000
binance,okx,SAHARAUSDT,0.02941000,0.02932,-0.306,1774053622000
binance,okx,SAHARAUSDT,0.02938000,0.02929,-0.3063,1774053623000
binance,okx,SAHARAUSDT,0.02938000,0.0293,-0.2723,1774053624000
binance,okx,SAHARAUSDT,0.02938000,0.02929,-0.3063,1774053625000
binance,okx,SAHARAUSDT,0.02939000,0.02931,-0.2722,1774053626000
binance,okx,SAHARAUSDT,0.02942000,0.02932,-0.3399,1774053627000
binance,okx,SAHARAUSDT,0.02941000,0.02933,-0.272,1774053628000
binance,okx,SAHARAUSDT,0.02939000,0.02932,-0.2382,1774053630000
binance,okx,SAHARAUSDT,0.02938000,0.0293,-0.2723,1774053631000
binance,okx,SAHARAUSDT,0.02938000,0.0293,-0.2723,1774053632000
binance,okx,SAHARAUSDT,0.02938000,0.0293,-0.2723,1774053633000
binance,okx,SAHARAUSDT,0.02938000,0.02931,-0.2383,1774053634000
binance,okx,SAHARAUSDT,0.02940000,0.02931,-0.3061,1774053635000
binance,okx,SAHARAUSDT,0.02939000,0.02929,-0.3403,1774053636000
binance,okx,SAHARAUSDT,0.02939000,0.02931,-0.2722,1774053637000
binance,okx,SAHARAUSDT,0.02939000,0.0293,-0.3062,1774053638000
binance,okx,SAHARAUSDT,0.02938000,0.0293,-0.2723,1774053639000
binance,okx,SAHARAUSDT,0.02938000,0.02927,-0.3744,1774053640000
binance,okx,SAHARAUSDT,0.02933000,0.02925,-0.2728,1774053641000
binance,okx,SAHARAUSDT,0.02935000,0.02927,-0.2726,1774053642000
binance,okx,SAHARAUSDT,0.02935000,0.02927,-0.2726,1774053643000
binance,okx,SAHARAUSDT,0.02937000,0.0293,-0.2383,1774053644000
binance,okx,SAHARAUSDT,0.02936000,0.0293,-0.2044,1774053646000
binance,okx,SAHARAUSDT,0.02936000,0.02929,-0.2384,1774053648000
binance,okx,SAHARAUSDT,0.02933000,0.02926,-0.2387,1774053650000
binance,okx,SAHARAUSDT,0.02933000,0.02926,-0.2387,1774053651000
binance,okx,SAHARAUSDT,0.02935000,0.02929,-0.2044,1774053652000
binance,okx,SAHARAUSDT,0.02936000,0.0293,-0.2044,1774053653000
binance,okx,SAHARAUSDT,0.02935000,0.02928,-0.2385,1774053656000
binance,okx,SAHARAUSDT,0.02932000,0.02926,-0.2046,1774053657000
binance,okx,SAHARAUSDT,0.02932000,0.02925,-0.2387,1774053658000
binance,okx,SAHARAUSDT,0.02931000,0.02924,-0.2388,1774053659000
binance,okx,SAHARAUSDT,0.02931000,0.02924,-0.2388,1774053660000
binance,okx,SAHARAUSDT,0.02934000,0.02927,-0.2386,1774053661000
binance,okx,SAHARAUSDT,0.02933000,0.02925,-0.2728,1774053664000
binance,okx,SAHARAUSDT,0.02924000,0.02917,-0.2394,1774053665000
binance,okx,SAHARAUSDT,0.02921000,0.02915,-0.2054,1774053666000
binance,okx,SAHARAUSDT,0.02920000,0.02914,-0.2055,1774053667000
binance,okx,SAHARAUSDT,0.02920000,0.02909,-0.3767,1774053668000
binance,okx,SAHARAUSDT,0.02917000,0.02918,0.0343,1774053669000
binance,okx,SAHARAUSDT,0.02923000,0.02916,-0.2395,1774053670000
binance,okx,SAHARAUSDT,0.02925000,0.02916,-0.3077,1774053671000
binance,okx,SAHARAUSDT,0.02923000,0.02916,-0.2395,1774053672000
binance,okx,SAHARAUSDT,0.02923000,0.02916,-0.2395,1774053674000
binance,okx,SAHARAUSDT,0.02920000,0.02912,-0.274,1774053675000
binance,okx,SAHARAUSDT,0.02922000,0.02914,-0.2738,1774053676000
binance,okx,SAHARAUSDT,0.02921000,0.02914,-0.2396,1774053677000
binance,okx,SAHARAUSDT,0.02922000,0.02914,-0.2738,1774053678000
binance,okx,SAHARAUSDT,0.02924000,0.02916,-0.2736,1774053679000
binance,okx,SAHARAUSDT,0.02920000,0.02913,-0.2397,1774053680000
binance,okx,SAHARAUSDT,0.02922000,0.02914,-0.2738,1774053682000
binance,okx,SAHARAUSDT,0.02922000,0.02914,-0.2738,1774053683000
binance,okx,SAHARAUSDT,0.02922000,0.02914,-0.2738,1774053684000
binance,okx,SAHARAUSDT,0.02920000,0.02913,-0.2397,1774053686000
binance,okx,SAHARAUSDT,0.02919000,0.02912,-0.2398,1774053687000
binance,okx,SAHARAUSDT,0.02919000,0.02912,-0.2398,1774053689000
binance,okx,SAHARAUSDT,0.02917000,0.02911,-0.2057,1774053690000
binance,okx,SAHARAUSDT,0.02921000,0.02912,-0.3081,1774053691000
binance,okx,SAHARAUSDT,0.02921000,0.02914,-0.2396,1774053692000
binance,okx,SAHARAUSDT,0.02921000,0.02914,-0.2396,1774053693000
binance,okx,SAHARAUSDT,0.02920000,0.02912,-0.274,1774053694000
binance,okx,SAHARAUSDT,0.02916000,0.0291,-0.2058,1774053695000
binance,okx,SAHARAUSDT,0.02916000,0.02908,-0.2743,1774053698000
binance,okx,SAHARAUSDT,0.02915000,0.0291,-0.1715,1774053703000
binance,okx,SAHARAUSDT,0.02914000,0.02909,-0.1716,1774053704000
binance,okx,SAHARAUSDT,0.02917000,0.02909,-0.2743,1774053705000
binance,okx,SAHARAUSDT,0.02918000,0.02909,-0.3084,1774053706000
binance,okx,SAHARAUSDT,0.02915000,0.02908,-0.2401,1774053707000
binance,okx,SAHARAUSDT,0.02916000,0.02912,-0.1372,1774053708000
binance,okx,SAHARAUSDT,0.02918000,0.02911,-0.2399,1774053709000
binance,okx,SAHARAUSDT,0.02916000,0.02909,-0.2401,1774053710000
binance,okx,SAHARAUSDT,0.02917000,0.0291,-0.24,1774053711000
binance,okx,SAHARAUSDT,0.02916000,0.0291,-0.2058,1774053712000
binance,okx,SAHARAUSDT,0.02914000,0.02909,-0.1716,1774053713000
binance,okx,SAHARAUSDT,0.02915000,0.0291,-0.1715,1774053714000
binance,okx,SAHARAUSDT,0.02917000,0.02911,-0.2057,1774053715000
binance,okx,SAHARAUSDT,0.02916000,0.02911,-0.1715,1774053716000
binance,okx,SAHARAUSDT,0.02915000,0.02911,-0.1372,1774053717000
binance,okx,SAHARAUSDT,0.02917000,0.02912,-0.1714,1774053718000
binance,okx,SAHARAUSDT,0.02917000,0.02912,-0.1714,1774053719000
binance,okx,SAHARAUSDT,0.02917000,0.02912,-0.1714,1774053720000
binance,okx,SAHARAUSDT,0.02916000,0.02911,-0.1715,1774053721000
binance,okx,SAHARAUSDT,0.02912000,0.02907,-0.1717,1774053723000
binance,okx,SAHARAUSDT,0.02914000,0.02909,-0.1716,1774053725000
binance,okx,SAHARAUSDT,0.02916000,0.02909,-0.2401,1774053726000
binance,okx,SAHARAUSDT,0.02916000,0.02911,-0.1715,1774053727000
binance,okx,SAHARAUSDT,0.02916000,0.02911,-0.1715,1774053729000
binance,okx,SAHARAUSDT,0.02916000,0.02911,-0.1715,1774053730000
binance,okx,SAHARAUSDT,0.02916000,0.0291,-0.2058,1774053731000
binance,okx,SAHARAUSDT,0.02916000,0.02911,-0.1715,1774053732000
binance,okx,SAHARAUSDT,0.02916000,0.02911,-0.1715,1774053735000
binance,okx,SAHARAUSDT,0.02916000,0.02911,-0.1715,1774053736000
binance,okx,SAHARAUSDT,0.02916000,0.02911,-0.1715,1774053737000
binance,okx,SAHARAUSDT,0.02918000,0.02913,-0.1714,1774053738000
binance,okx,SAHARAUSDT,0.02917000,0.02912,-0.1714,1774053741000
binance,okx,SAHARAUSDT,0.02919000,0.02913,-0.2055,1774053742000
binance,okx,SAHARAUSDT,0.02917000,0.02913,-0.1371,1774053745000
binance,okx,SAHARAUSDT,0.02916000,0.02911,-0.1715,1774053746000
binance,okx,SAHARAUSDT,0.02913000,0.02908,-0.1716,1774053748000
binance,okx,SAHARAUSDT,0.02912000,0.02906,-0.206,1774053749000
binance,okx,SAHARAUSDT,0.02911000,0.02905,-0.2061,1774053751000
binance,okx,SAHARAUSDT,0.02911000,0.02904,-0.2405,1774053752000
binance,okx,SAHARAUSDT,0.02913000,0.02908,-0.1716,1774053753000
binance,okx,SAHARAUSDT,0.02914000,0.02908,-0.2059,1774053754000
binance,okx,SAHARAUSDT,0.02913000,0.02904,-0.309,1774053755000
binance,okx,SAHARAUSDT,0.02907000,0.02899,-0.2752,1774053758000
binance,okx,SAHARAUSDT,0.02907000,0.02899,-0.2752,1774053759000
binance,okx,SAHARAUSDT,0.02903000,0.02896,-0.2411,1774053760000
binance,okx,SAHARAUSDT,0.02900000,0.02892,-0.2759,1774053761000
binance,okx,SAHARAUSDT,0.02902000,0.02895,-0.2412,1774053763000
binance,okx,SAHARAUSDT,0.02902000,0.02896,-0.2068,1774053765000
binance,okx,SAHARAUSDT,0.02903000,0.02897,-0.2067,1774053766000
binance,okx,SAHARAUSDT,0.02905000,0.02899,-0.2065,1774053767000
binance,okx,SAHARAUSDT,0.02905000,0.02898,-0.241,1774053768000
binance,okx,SAHARAUSDT,0.02905000,0.02898,-0.241,1774053770000
binance,okx,SAHARAUSDT,0.02905000,0.02899,-0.2065,1774053771000
binance,okx,SAHARAUSDT,0.02905000,0.02899,-0.2065,1774053772000
binance,okx,SAHARAUSDT,0.02903000,0.02897,-0.2067,1774053777000
binance,okx,SAHARAUSDT,0.02902000,0.02897,-0.1723,1774053778000
binance,okx,SAHARAUSDT,0.02904000,0.02897,-0.241,1774053779000
binance,okx,SAHARAUSDT,0.02904000,0.02897,-0.241,1774053780000
binance,okx,SAHARAUSDT,0.02901000,0.02895,-0.2068,1774053781000
binance,okx,SAHARAUSDT,0.02900000,0.02893,-0.2414,1774053782000
binance,okx,SAHARAUSDT,0.02900000,0.02894,-0.2069,1774053783000
binance,okx,SAHARAUSDT,0.02899000,0.02893,-0.207,1774053784000
binance,okx,SAHARAUSDT,0.02901000,0.02892,-0.3102,1774053786000
binance,okx,SAHARAUSDT,0.02900000,0.02894,-0.2069,1774053787000
binance,okx,SAHARAUSDT,0.02898000,0.02891,-0.2415,1774053788000
binance,okx,SAHARAUSDT,0.02897000,0.02891,-0.2071,1774053790000
binance,okx,SAHARAUSDT,0.02895000,0.02887,-0.2763,1774053791000
binance,okx,SAHARAUSDT,0.02896000,0.02887,-0.3108,1774053792000
binance,okx,SAHARAUSDT,0.02896000,0.02889,-0.2417,1774053793000
binance,okx,SAHARAUSDT,0.02893000,0.02889,-0.1383,1774053794000
binance,okx,SAHARAUSDT,0.02893000,0.02886,-0.242,1774053795000
binance,okx,SAHARAUSDT,0.02893000,0.02887,-0.2074,1774053797000
binance,okx,SAHARAUSDT,0.02893000,0.02888,-0.1728,1774053798000
binance,okx,SAHARAUSDT,0.02891000,0.02882,-0.3113,1774053800000
binance,okx,SAHARAUSDT,0.02891000,0.02883,-0.2767,1774053801000
binance,okx,SAHARAUSDT,0.02892000,0.02884,-0.2766,1774053802000
binance,okx,SAHARAUSDT,0.02891000,0.02883,-0.2767,1774053804000
binance,okx,SAHARAUSDT,0.02891000,0.02882,-0.3113,1774053805000
binance,okx,SAHARAUSDT,0.02891000,0.02882,-0.3113,1774053806000
binance,okx,SAHARAUSDT,0.02890000,0.02882,-0.2768,1774053807000
binance,okx,SAHARAUSDT,0.02888000,0.02879,-0.3116,1774053808000
binance,okx,SAHARAUSDT,0.02883000,0.02874,-0.3122,1774053809000
binance,okx,SAHARAUSDT,0.02876000,0.02868,-0.2782,1774053810000
binance,okx,SAHARAUSDT,0.02872000,0.02862,-0.3482,1774053811000
binance,okx,SAHARAUSDT,0.02868000,0.02862,-0.2092,1774053812000
binance,okx,SAHARAUSDT,0.02867000,0.02859,-0.279,1774053813000
binance,okx,SAHARAUSDT,0.02869000,0.0286,-0.3137,1774053814000
binance,okx,SAHARAUSDT,0.02869000,0.02863,-0.2091,1774053815000
binance,okx,SAHARAUSDT,0.02870000,0.02863,-0.2439,1774053816000
binance,okx,SAHARAUSDT,0.02870000,0.02862,-0.2787,1774053817000
binance,okx,SAHARAUSDT,0.02867000,0.02858,-0.3139,1774053818000
binance,okx,SAHARAUSDT,0.02868000,0.02861,-0.2441,1774053819000
binance,okx,SAHARAUSDT,0.02868000,0.02859,-0.3138,1774053820000
binance,okx,SAHARAUSDT,0.02868000,0.02861,-0.2441,1774053822000
binance,okx,SAHARAUSDT,0.02866000,0.02859,-0.2442,1774053823000
binance,okx,SAHARAUSDT,0.02867000,0.02859,-0.279,1774053824000
binance,okx,SAHARAUSDT,0.02868000,0.02859,-0.3138,1774053825000
binance,okx,SAHARAUSDT,0.02868000,0.02861,-0.2441,1774053826000
binance,okx,SAHARAUSDT,0.02862000,0.02853,-0.3145,1774053827000
binance,okx,SAHARAUSDT,0.02863000,0.02853,-0.3493,1774053828000
binance,okx,SAHARAUSDT,0.02863000,0.02854,-0.3144,1774053829000
binance,okx,SAHARAUSDT,0.02863000,0.02854,-0.3144,1774053830000
binance,okx,SAHARAUSDT,0.02863000,0.02855,-0.2794,1774053831000
binance,okx,SAHARAUSDT,0.02863000,0.02854,-0.3144,1774053832000
binance,okx,SAHARAUSDT,0.02864000,0.02857,-0.2444,1774053833000
binance,okx,SAHARAUSDT,0.02866000,0.02858,-0.2791,1774053834000
binance,okx,SAHARAUSDT,0.02866000,0.02857,-0.314,1774053836000
binance,okx,SAHARAUSDT,0.02867000,0.02859,-0.279,1774053837000
binance,okx,SAHARAUSDT,0.02867000,0.02859,-0.279,1774053838000
binance,okx,SAHARAUSDT,0.02867000,0.02859,-0.279,1774053839000
binance,okx,SAHARAUSDT,0.02868000,0.02862,-0.2092,1774053840000
binance,okx,SAHARAUSDT,0.02864000,0.02858,-0.2095,1774053841000
binance,okx,SAHARAUSDT,0.02866000,0.02859,-0.2442,1774053842000
binance,okx,SAHARAUSDT,0.02865000,0.02858,-0.2443,1774053843000
binance,okx,SAHARAUSDT,0.02866000,0.02859,-0.2442,1774053844000
binance,okx,SAHARAUSDT,0.02866000,0.0286,-0.2094,1774053845000
binance,okx,SAHARAUSDT,0.02865000,0.02859,-0.2094,1774053846000
binance,okx,SAHARAUSDT,0.02866000,0.02859,-0.2442,1774053847000
binance,okx,SAHARAUSDT,0.02867000,0.02859,-0.279,1774053848000
binance,okx,SAHARAUSDT,0.02867000,0.02861,-0.2093,1774053849000
binance,okx,SAHARAUSDT,0.02867000,0.0286,-0.2442,1774053850000
binance,okx,SAHARAUSDT,0.02868000,0.02862,-0.2092,1774053851000
binance,okx,SAHARAUSDT,0.02868000,0.02862,-0.2092,1774053852000
binance,okx,SAHARAUSDT,0.02868000,0.02862,-0.2092,1774053853000
binance,okx,SAHARAUSDT,0.02868000,0.02862,-0.2092,1774053854000
binance,okx,SAHARAUSDT,0.02869000,0.02861,-0.2788,1774053855000
binance,okx,SAHARAUSDT,0.02869000,0.02862,-0.244,1774053856000
binance,okx,SAHARAUSDT,0.02869000,0.02863,-0.2091,1774053857000
binance,okx,SAHARAUSDT,0.02868000,0.02862,-0.2092,1774053859000
binance,okx,SAHARAUSDT,0.02869000,0.02862,-0.244,1774053860000
binance,okx,SAHARAUSDT,0.02870000,0.02863,-0.2439,1774053861000
binance,okx,SAHARAUSDT,0.02870000,0.02864,-0.2091,1774053862000
binance,okx,SAHARAUSDT,0.02870000,0.02864,-0.2091,1774053863000
binance,okx,SAHARAUSDT,0.02869000,0.02863,-0.2091,1774053866000
binance,okx,SAHARAUSDT,0.02870000,0.02862,-0.2787,1774053867000
binance,okx,SAHARAUSDT,0.02870000,0.02862,-0.2787,1774053868000
binance,okx,SAHARAUSDT,0.02870000,0.02862,-0.2787,1774053869000
binance,okx,SAHARAUSDT,0.02870000,0.02864,-0.2091,1774053871000
binance,okx,SAHARAUSDT,0.02869000,0.02861,-0.2788,1774053873000
binance,okx,SAHARAUSDT,0.02869000,0.02861,-0.2788,1774053874000
binance,okx,SAHARAUSDT,0.02870000,0.02863,-0.2439,1774053875000
binance,okx,SAHARAUSDT,0.02870000,0.02861,-0.3136,1774053876000
binance,okx,SAHARAUSDT,0.02870000,0.02861,-0.3136,1774053878000
binance,okx,SAHARAUSDT,0.02870000,0.02862,-0.2787,1774053879000
binance,okx,SAHARAUSDT,0.02870000,0.02863,-0.2439,1774053880000
binance,okx,SAHARAUSDT,0.02847000,0.02841,-0.2107,1774053881000
binance,okx,SAHARAUSDT,0.02841000,0.02837,-0.1408,1774053882000
binance,okx,SAHARAUSDT,0.02846000,0.0284,-0.2108,1774053883000
binance,okx,SAHARAUSDT,0.02844000,0.02838,-0.211,1774053884000
binance,okx,SAHARAUSDT,0.02840000,0.02834,-0.2113,1774053885000
binance,okx,SAHARAUSDT,0.02841000,0.02833,-0.2816,1774053886000
binance,okx,SAHARAUSDT,0.02834000,0.02834,0.0,1774053887000
binance,okx,SAHARAUSDT,0.02836000,0.02833,-0.1058,1774053888000
binance,okx,SAHARAUSDT,0.02839000,0.02833,-0.2113,1774053889000
binance,okx,SAHARAUSDT,0.02841000,0.02835,-0.2112,1774053890000
binance,okx,SAHARAUSDT,0.02843000,0.02837,-0.211,1774053891000
binance,okx,SAHARAUSDT,0.02840000,0.02834,-0.2113,1774053892000
binance,okx,SAHARAUSDT,0.02840000,0.02835,-0.1761,1774053893000
binance,okx,SAHARAUSDT,0.02847000,0.02841,-0.2107,1774053894000
binance,okx,SAHARAUSDT,0.02846000,0.0284,-0.2108,1774053895000
binance,okx,SAHARAUSDT,0.02848000,0.02843,-0.1756,1774053896000
binance,okx,SAHARAUSDT,0.02848000,0.02842,-0.2107,1774053897000
binance,okx,SAHARAUSDT,0.02847000,0.02843,-0.1405,1774053898000
binance,okx,SAHARAUSDT,0.02848000,0.02843,-0.1756,1774053899000
binance,okx,SAHARAUSDT,0.02848000,0.02842,-0.2107,1774053900000
binance,okx,SAHARAUSDT,0.02844000,0.02839,-0.1758,1774053901000
binance,okx,SAHARAUSDT,0.02843000,0.02838,-0.1759,1774053902000
binance,okx,SAHARAUSDT,0.02842000,0.02836,-0.2111,1774053903000
binance,okx,SAHARAUSDT,0.02843000,0.02837,-0.211,1774053904000
binance,okx,SAHARAUSDT,0.02844000,0.02838,-0.211,1774053905000
binance,okx,SAHARAUSDT,0.02843000,0.02837,-0.211,1774053906000
binance,okx,SAHARAUSDT,0.02843000,0.02838,-0.1759,1774053907000
binance,okx,SAHARAUSDT,0.02844000,0.02837,-0.2461,1774053908000
binance,okx,SAHARAUSDT,0.02843000,0.02838,-0.1759,1774053909000
binance,okx,SAHARAUSDT,0.02843000,0.02837,-0.211,1774053910000
binance,okx,SAHARAUSDT,0.02844000,0.02839,-0.1758,1774053911000
binance,okx,SAHARAUSDT,0.02844000,0.02839,-0.1758,1774053912000
binance,okx,SAHARAUSDT,0.02844000,0.0284,-0.1406,1774053913000
binance,okx,SAHARAUSDT,0.02843000,0.02842,-0.0352,1774053914000
binance,okx,SAHARAUSDT,0.02845000,0.02841,-0.1406,1774053915000
binance,okx,SAHARAUSDT,0.02846000,0.02841,-0.1757,1774053916000
binance,okx,SAHARAUSDT,0.02847000,0.02842,-0.1756,1774053917000
binance,okx,SAHARAUSDT,0.02847000,0.02842,-0.1756,1774053918000
binance,okx,SAHARAUSDT,0.02847000,0.02843,-0.1405,1774053920000
binance,okx,SAHARAUSDT,0.02847000,0.02843,-0.1405,1774053922000
binance,okx,SAHARAUSDT,0.02848000,0.02846,-0.0702,1774053923000
binance,okx,SAHARAUSDT,0.02847000,0.02843,-0.1405,1774053925000
binance,okx,SAHARAUSDT,0.02846000,0.02842,-0.1405,1774053926000
binance,okx,SAHARAUSDT,0.02846000,0.02842,-0.1405,1774053927000
binance,okx,SAHARAUSDT,0.02848000,0.02843,-0.1756,1774053929000
binance,okx,SAHARAUSDT,0.02848000,0.02844,-0.1404,1774053930000
binance,okx,SAHARAUSDT,0.02847000,0.02842,-0.1756,1774053931000
binance,okx,SAHARAUSDT,0.02846000,0.0284,-0.2108,1774053934000
binance,okx,SAHARAUSDT,0.02845000,0.0284,-0.1757,1774053935000
binance,okx,SAHARAUSDT,0.02847000,0.02841,-0.2107,1774053937000
binance,okx,SAHARAUSDT,0.02847000,0.02843,-0.1405,1774053938000
binance,okx,SAHARAUSDT,0.02847000,0.02844,-0.1054,1774053941000
binance,okx,SAHARAUSDT,0.02847000,0.02843,-0.1405,1774053942000
binance,okx,SAHARAUSDT,0.02846000,0.02842,-0.1405,1774053943000
binance,okx,SAHARAUSDT,0.02846000,0.02842,-0.1405,1774053944000
binance,okx,SAHARAUSDT,0.02846000,0.02841,-0.1757,1774053947000
binance,okx,SAHARAUSDT,0.02847000,0.02841,-0.2107,1774053949000
binance,okx,SAHARAUSDT,0.02847000,0.02842,-0.1756,1774053951000
binance,okx,SAHARAUSDT,0.02847000,0.02842,-0.1756,1774053952000
binance,okx,SAHARAUSDT,0.02846000,0.02842,-0.1405,1774053953000
binance,okx,SAHARAUSDT,0.02847000,0.02842,-0.1756,1774053955000
binance,okx,SAHARAUSDT,0.02847000,0.02842,-0.1756,1774053956000
binance,okx,SAHARAUSDT,0.02846000,0.02842,-0.1405,1774053957000
binance,okx,SAHARAUSDT,0.02846000,0.02842,-0.1405,1774053958000
binance,okx,SAHARAUSDT,0.02847000,0.02842,-0.1756,1774053959000
binance,okx,SAHARAUSDT,0.02847000,0.02842,-0.1756,1774053960000
binance,okx,SAHARAUSDT,0.02846000,0.0284,-0.2108,1774053961000
binance,okx,SAHARAUSDT,0.02841000,0.02836,-0.176,1774053962000
binance,okx,SAHARAUSDT,0.02840000,0.02834,-0.2113,1774053963000
binance,okx,SAHARAUSDT,0.02838000,0.02834,-0.1409,1774053965000
binance,okx,SAHARAUSDT,0.02838000,0.02833,-0.1762,1774053966000
binance,okx,SAHARAUSDT,0.02839000,0.02835,-0.1409,1774053967000
binance,okx,SAHARAUSDT,0.02839000,0.02835,-0.1409,1774053968000
binance,okx,SAHARAUSDT,0.02839000,0.02834,-0.1761,1774053969000
binance,okx,SAHARAUSDT,0.02837000,0.02834,-0.1057,1774053974000
binance,okx,SAHARAUSDT,0.02837000,0.02833,-0.141,1774053976000
binance,okx,SAHARAUSDT,0.02838000,0.02833,-0.1762,1774053977000
binance,okx,SAHARAUSDT,0.02839000,0.02836,-0.1057,1774053978000
binance,okx,SAHARAUSDT,0.02838000,0.02834,-0.1409,1774053979000
binance,okx,SAHARAUSDT,0.02839000,0.02834,-0.1761,1774053983000
binance,okx,SAHARAUSDT,0.02836000,0.02833,-0.1058,1774053987000
binance,okx,SAHARAUSDT,0.02836000,0.02832,-0.141,1774053988000
binance,okx,SAHARAUSDT,0.02835000,0.0283,-0.1764,1774053990000
binance,okx,SAHARAUSDT,0.02829000,0.02825,-0.1414,1774053991000
binance,okx,SAHARAUSDT,0.02828000,0.02823,-0.1768,1774053992000
binance,okx,SAHARAUSDT,0.02825000,0.02822,-0.1062,1774053993000
binance,okx,SAHARAUSDT,0.02829000,0.02826,-0.106,1774053994000
binance,okx,SAHARAUSDT,0.02833000,0.02831,-0.0706,1774053995000
binance,okx,SAHARAUSDT,0.02830000,0.02828,-0.0707,1774053996000
binance,okx,SAHARAUSDT,0.02830000,0.02828,-0.0707,1774053998000
binance,okx,SAHARAUSDT,0.02830000,0.02826,-0.1413,1774053999000
binance,okx,SAHARAUSDT,0.02829000,0.02827,-0.0707,1774054000000
binance,okx,SAHARAUSDT,0.02830000,0.02828,-0.0707,1774054001000
binance,okx,SAHARAUSDT,0.02830000,0.02828,-0.0707,1774054002000
binance,okx,SAHARAUSDT,0.02828000,0.02826,-0.0707,1774054003000
binance,okx,SAHARAUSDT,0.02829000,0.02827,-0.0707,1774054005000
binance,okx,SAHARAUSDT,0.02830000,0.02828,-0.0707,1774054007000
binance,okx,SAHARAUSDT,0.02830000,0.02829,-0.0353,1774054009000
binance,okx,SAHARAUSDT,0.02830000,0.02826,-0.1413,1774054010000
binance,okx,SAHARAUSDT,0.02830000,0.02827,-0.106,1774054011000
binance,okx,SAHARAUSDT,0.02829000,0.02827,-0.0707,1774054012000
binance,okx,SAHARAUSDT,0.02828000,0.02823,-0.1768,1774054013000
binance,okx,SAHARAUSDT,0.02827000,0.02823,-0.1415,1774054014000
binance,okx,SAHARAUSDT,0.02827000,0.02823,-0.1415,1774054015000
binance,okx,SAHARAUSDT,0.02827000,0.02825,-0.0707,1774054017000
binance,okx,SAHARAUSDT,0.02827000,0.02824,-0.1061,1774054018000
binance,okx,SAHARAUSDT,0.02827000,0.02824,-0.1061,1774054019000
binance,okx,SAHARAUSDT,0.02828000,0.02826,-0.0707,1774054020000
binance,okx,SAHARAUSDT,0.02825000,0.02824,-0.0354,1774054021000
binance,okx,SAHARAUSDT,0.02827000,0.02826,-0.0354,1774054022000
binance,okx,SAHARAUSDT,0.02827000,0.02825,-0.0707,1774054023000
binance,okx,SAHARAUSDT,0.02826000,0.02824,-0.0708,1774054024000
binance,okx,SAHARAUSDT,0.02826000,0.02826,0.0,1774054025000
binance,okx,SAHARAUSDT,0.02828000,0.02826,-0.0707,1774054026000
binance,okx,SAHARAUSDT,0.02832000,0.0283,-0.0706,1774054027000
binance,okx,SAHARAUSDT,0.02832000,0.0283,-0.0706,1774054029000
binance,okx,SAHARAUSDT,0.02832000,0.0283,-0.0706,1774054030000
binance,okx,SAHARAUSDT,0.02832000,0.02828,-0.1412,1774054031000
binance,okx,SAHARAUSDT,0.02832000,0.02831,-0.0353,1774054033000
binance,okx,SAHARAUSDT,0.02831000,0.0283,-0.0353,1774054034000
binance,okx,SAHARAUSDT,0.02830000,0.02828,-0.0707,1774054038000
binance,okx,SAHARAUSDT,0.02830000,0.02826,-0.1413,1774054039000
binance,okx,SAHARAUSDT,0.02829000,0.02826,-0.106,1774054040000
binance,okx,SAHARAUSDT,0.02830000,0.02825,-0.1767,1774054043000
binance,okx,SAHARAUSDT,0.02829000,0.02825,-0.1414,1774054045000
binance,okx,SAHARAUSDT,0.02830000,0.02825,-0.1767,1774054046000
binance,okx,SAHARAUSDT,0.02831000,0.02827,-0.1413,1774054048000
binance,okx,SAHARAUSDT,0.02830000,0.02826,-0.1413,1774054050000
binance,okx,SAHARAUSDT,0.02825000,0.02823,-0.0708,1774054051000
binance,okx,SAHARAUSDT,0.02826000,0.02822,-0.1415,1774054052000
binance,okx,SAHARAUSDT,0.02829000,0.02824,-0.1767,1774054053000
binance,okx,SAHARAUSDT,0.02828000,0.02824,-0.1414,1774054054000
binance,okx,SAHARAUSDT,0.02826000,0.02821,-0.1769,1774054056000
binance,okx,SAHARAUSDT,0.02827000,0.02821,-0.2122,1774054057000
binance,okx,SAHARAUSDT,0.02828000,0.02823,-0.1768,1774054058000
binance,okx,SAHARAUSDT,0.02830000,0.02826,-0.1413,1774054059000
binance,okx,SAHARAUSDT,0.02830000,0.02827,-0.106,1774054060000
binance,okx,SAHARAUSDT,0.02833000,0.02829,-0.1412,1774054061000
binance,okx,SAHARAUSDT,0.02832000,0.02829,-0.1059,1774054062000
binance,okx,SAHARAUSDT,0.02833000,0.0283,-0.1059,1774054063000
binance,okx,SAHARAUSDT,0.02833000,0.02831,-0.0706,1774054064000
binance,okx,SAHARAUSDT,0.02833000,0.02831,-0.0706,1774054065000
binance,okx,SAHARAUSDT,0.02833000,0.02831,-0.0706,1774054066000
binance,okx,SAHARAUSDT,0.02833000,0.0283,-0.1059,1774054067000
binance,okx,SAHARAUSDT,0.02833000,0.0283,-0.1059,1774054068000
binance,okx,SAHARAUSDT,0.02833000,0.02831,-0.0706,1774054070000
binance,okx,SAHARAUSDT,0.02833000,0.02831,-0.0706,1774054071000
binance,okx,SAHARAUSDT,0.02834000,0.02832,-0.0706,1774054072000
binance,okx,SAHARAUSDT,0.02834000,0.02832,-0.0706,1774054074000
binance,okx,SAHARAUSDT,0.02834000,0.02831,-0.1059,1774054075000
binance,okx,SAHARAUSDT,0.02834000,0.0283,-0.1411,1774054076000
binance,okx,SAHARAUSDT,0.02834000,0.0283,-0.1411,1774054077000
binance,okx,SAHARAUSDT,0.02831000,0.02827,-0.1413,1774054078000
binance,okx,SAHARAUSDT,0.02829000,0.02825,-0.1414,1774054079000
binance,okx,SAHARAUSDT,0.02830000,0.02826,-0.1413,1774054080000
binance,okx,SAHARAUSDT,0.02827000,0.02823,-0.1415,1774054081000
binance,okx,SAHARAUSDT,0.02824000,0.0282,-0.1416,1774054083000
binance,okx,SAHARAUSDT,0.02824000,0.02819,-0.1771,1774054084000
binance,okx,SAHARAUSDT,0.02823000,0.02818,-0.1771,1774054085000
binance,okx,SAHARAUSDT,0.02824000,0.02818,-0.2125,1774054086000
binance,okx,SAHARAUSDT,0.02825000,0.02821,-0.1416,1774054089000
binance,okx,SAHARAUSDT,0.02822000,0.02821,-0.0354,1774054090000
binance,okx,SAHARAUSDT,0.02823000,0.02819,-0.1417,1774054091000
binance,okx,SAHARAUSDT,0.02823000,0.0282,-0.1063,1774054092000
binance,okx,SAHARAUSDT,0.02823000,0.0282,-0.1063,1774054093000
binance,okx,SAHARAUSDT,0.02822000,0.02821,-0.0354,1774054094000
binance,okx,SAHARAUSDT,0.02823000,0.02821,-0.0708,1774054095000
binance,okx,SAHARAUSDT,0.02824000,0.02821,-0.1062,1774054096000
binance,okx,SAHARAUSDT,0.02826000,0.02824,-0.0708,1774054097000
binance,okx,SAHARAUSDT,0.02823000,0.02821,-0.0708,1774054098000
binance,okx,SAHARAUSDT,0.02825000,0.02822,-0.1062,1774054099000
binance,okx,SAHARAUSDT,0.02824000,0.0282,-0.1416,1774054100000
binance,okx,SAHARAUSDT,0.02824000,0.02821,-0.1062,1774054101000
binance,okx,SAHARAUSDT,0.02824000,0.0282,-0.1416,1774054104000
binance,okx,SAHARAUSDT,0.02824000,0.02821,-0.1062,1774054105000
binance,okx,SAHARAUSDT,0.02824000,0.02821,-0.1062,1774054107000
binance,okx,SAHARAUSDT,0.02826000,0.02825,-0.0354,1774054108000
binance,okx,SAHARAUSDT,0.02827000,0.02824,-0.1061,1774054109000
binance,okx,SAHARAUSDT,0.02829000,0.02826,-0.106,1774054110000
binance,okx,SAHARAUSDT,0.02829000,0.02825,-0.1414,1774054111000
binance,okx,SAHARAUSDT,0.02830000,0.02825,-0.1767,1774054112000
binance,okx,SAHARAUSDT,0.02831000,0.02826,-0.1766,1774054113000
binance,okx,SAHARAUSDT,0.02830000,0.02826,-0.1413,1774054116000
binance,okx,SAHARAUSDT,0.02829000,0.02826,-0.106,1774054117000
binance,okx,SAHARAUSDT,0.02830000,0.02826,-0.1413,1774054118000
binance,okx,SAHARAUSDT,0.02830000,0.02827,-0.106,1774054119000
binance,okx,SAHARAUSDT,0.02831000,0.02827,-0.1413,1774054120000
binance,okx,SAHARAUSDT,0.02830000,0.02826,-0.1413,1774054121000
binance,okx,SAHARAUSDT,0.02831000,0.02826,-0.1766,1774054122000
binance,okx,SAHARAUSDT,0.02830000,0.02826,-0.1413,1774054123000
binance,okx,SAHARAUSDT,0.02829000,0.02825,-0.1414,1774054125000
binance,okx,SAHARAUSDT,0.02831000,0.02825,-0.2119,1774054126000
binance,okx,SAHARAUSDT,0.02830000,0.02826,-0.1413,1774054129000
binance,okx,SAHARAUSDT,0.02828000,0.02825,-0.1061,1774054130000
binance,okx,SAHARAUSDT,0.02830000,0.02825,-0.1767,1774054132000
binance,okx,SAHARAUSDT,0.02830000,0.02825,-0.1767,1774054133000
binance,okx,SAHARAUSDT,0.02831000,0.02827,-0.1413,1774054134000
binance,okx,SAHARAUSDT,0.02829000,0.02824,-0.1767,1774054135000
binance,okx,SAHARAUSDT,0.02828000,0.02824,-0.1414,1774054137000
binance,okx,SAHARAUSDT,0.02830000,0.02826,-0.1413,1774054139000
binance,okx,SAHARAUSDT,0.02828000,0.02823,-0.1768,1774054140000
binance,okx,SAHARAUSDT,0.02827000,0.02823,-0.1415,1774054141000
binance,okx,SAHARAUSDT,0.02823000,0.0282,-0.1063,1774054143000
binance,okx,SAHARAUSDT,0.02823000,0.0282,-0.1063,1774054144000
binance,okx,SAHARAUSDT,0.02821000,0.02817,-0.1418,1774054145000
binance,okx,SAHARAUSDT,0.02821000,0.02817,-0.1418,1774054146000
binance,okx,SAHARAUSDT,0.02820000,0.02816,-0.1418,1774054147000
binance,okx,SAHARAUSDT,0.02817000,0.02812,-0.1775,1774054148000
binance,okx,SAHARAUSDT,0.02818000,0.02812,-0.2129,1774054149000
binance,okx,SAHARAUSDT,0.02812000,0.02809,-0.1067,1774054150000
binance,okx,SAHARAUSDT,0.02811000,0.02809,-0.0711,1774054151000
binance,okx,SAHARAUSDT,0.02810000,0.02806,-0.1423,1774054152000
binance,okx,SAHARAUSDT,0.02811000,0.02806,-0.1779,1774054153000
binance,okx,SAHARAUSDT,0.02815000,0.02812,-0.1066,1774054154000
binance,okx,SAHARAUSDT,0.02818000,0.02815,-0.1065,1774054155000
binance,okx,SAHARAUSDT,0.02819000,0.02815,-0.1419,1774054156000
binance,okx,SAHARAUSDT,0.02814000,0.02811,-0.1066,1774054157000
binance,okx,SAHARAUSDT,0.02813000,0.02808,-0.1777,1774054158000
binance,okx,SAHARAUSDT,0.02813000,0.02809,-0.1422,1774054159000
binance,okx,SAHARAUSDT,0.02812000,0.02808,-0.1422,1774054160000
binance,okx,SAHARAUSDT,0.02809000,0.02803,-0.2136,1774054161000
binance,okx,SAHARAUSDT,0.02814000,0.02806,-0.2843,1774054162000
binance,okx,SAHARAUSDT,0.02815000,0.0281,-0.1776,1774054163000
binance,okx,SAHARAUSDT,0.02816000,0.0281,-0.2131,1774054164000
binance,okx,SAHARAUSDT,0.02817000,0.02812,-0.1775,1774054165000
binance,okx,SAHARAUSDT,0.02816000,0.02811,-0.1776,1774054166000
binance,okx,SAHARAUSDT,0.02815000,0.02811,-0.1421,1774054168000
binance,okx,SAHARAUSDT,0.02820000,0.02815,-0.1773,1774054169000
binance,okx,SAHARAUSDT,0.02821000,0.02818,-0.1063,1774054170000
binance,okx,SAHARAUSDT,0.02821000,0.02817,-0.1418,1774054171000
binance,okx,SAHARAUSDT,0.02821000,0.02817,-0.1418,1774054172000
binance,okx,SAHARAUSDT,0.02822000,0.02819,-0.1063,1774054173000
binance,okx,SAHARAUSDT,0.02820000,0.02816,-0.1418,1774054174000
binance,okx,SAHARAUSDT,0.02824000,0.02819,-0.1771,1774054176000
binance,okx,SAHARAUSDT,0.02823000,0.02818,-0.1771,1774054177000
binance,okx,SAHARAUSDT,0.02823000,0.02817,-0.2125,1774054178000
binance,okx,SAHARAUSDT,0.02825000,0.02818,-0.2478,1774054179000
binance,okx,SAHARAUSDT,0.02825000,0.02818,-0.2478,1774054180000
binance,okx,SAHARAUSDT,0.02826000,0.02819,-0.2477,1774054181000
binance,okx,SAHARAUSDT,0.02826000,0.02818,-0.2831,1774054182000
binance,okx,SAHARAUSDT,0.02826000,0.02819,-0.2477,1774054183000
binance,okx,SAHARAUSDT,0.02827000,0.02819,-0.283,1774054184000
binance,okx,SAHARAUSDT,0.02826000,0.02818,-0.2831,1774054185000
binance,okx,SAHARAUSDT,0.02824000,0.02818,-0.2125,1774054186000
binance,okx,SAHARAUSDT,0.02825000,0.0282,-0.177,1774054187000
binance,okx,SAHARAUSDT,0.02830000,0.02822,-0.2827,1774054188000
binance,okx,SAHARAUSDT,0.02829000,0.02823,-0.2121,1774054189000
binance,okx,SAHARAUSDT,0.02830000,0.02823,-0.2473,1774054190000
binance,okx,SAHARAUSDT,0.02829000,0.02823,-0.2121,1774054191000
binance,okx,SAHARAUSDT,0.02830000,0.02823,-0.2473,1774054192000
binance,okx,SAHARAUSDT,0.02829000,0.02823,-0.2121,1774054194000
binance,okx,SAHARAUSDT,0.02829000,0.02823,-0.2121,1774054195000
binance,okx,SAHARAUSDT,0.02830000,0.02823,-0.2473,1774054197000
binance,okx,SAHARAUSDT,0.02831000,0.02825,-0.2119,1774054198000
binance,okx,SAHARAUSDT,0.02831000,0.02825,-0.2119,1774054199000
binance,okx,SAHARAUSDT,0.02831000,0.02825,-0.2119,1774054200000
binance,okx,SAHARAUSDT,0.02829000,0.02823,-0.2121,1774054201000
binance,okx,SAHARAUSDT,0.02828000,0.02824,-0.1414,1774054202000
binance,okx,SAHARAUSDT,0.02830000,0.02824,-0.212,1774054203000
binance,okx,SAHARAUSDT,0.02832000,0.02827,-0.1766,1774054204000
binance,okx,SAHARAUSDT,0.02832000,0.02826,-0.2119,1774054205000
binance,okx,SAHARAUSDT,0.02833000,0.02828,-0.1765,1774054207000
binance,okx,SAHARAUSDT,0.02832000,0.02828,-0.1412,1774054208000
binance,okx,SAHARAUSDT,0.02832000,0.02828,-0.1412,1774054209000
binance,okx,SAHARAUSDT,0.02833000,0.0283,-0.1059,1774054210000
binance,okx,SAHARAUSDT,0.02835000,0.02831,-0.1411,1774054211000
binance,okx,SAHARAUSDT,0.02836000,0.02832,-0.141,1774054212000
binance,okx,SAHARAUSDT,0.02835000,0.02832,-0.1058,1774054213000
binance,okx,SAHARAUSDT,0.02836000,0.02833,-0.1058,1774054214000
binance,okx,SAHARAUSDT,0.02839000,0.02836,-0.1057,1774054215000
binance,okx,SAHARAUSDT,0.02838000,0.02835,-0.1057,1774054216000
binance,okx,SAHARAUSDT,0.02839000,0.02835,-0.1409,1774054217000
binance,okx,SAHARAUSDT,0.02839000,0.02835,-0.1409,1774054218000
binance,okx,SAHARAUSDT,0.02838000,0.02835,-0.1057,1774054219000
binance,okx,SAHARAUSDT,0.02838000,0.02834,-0.1409,1774054220000
binance,okx,SAHARAUSDT,0.02837000,0.02834,-0.1057,1774054221000
binance,okx,SAHARAUSDT,0.02839000,0.02838,-0.0352,1774054223000
binance,okx,SAHARAUSDT,0.02840000,0.02836,-0.1408,1774054224000
binance,okx,SAHARAUSDT,0.02841000,0.02838,-0.1056,1774054225000
binance,okx,SAHARAUSDT,0.02845000,0.02841,-0.1406,1774054226000
binance,okx,SAHARAUSDT,0.02845000,0.02841,-0.1406,1774054227000
binance,okx,SAHARAUSDT,0.02846000,0.02842,-0.1405,1774054228000
binance,okx,SAHARAUSDT,0.02849000,0.02843,-0.2106,1774054229000
binance,okx,SAHARAUSDT,0.02848000,0.02843,-0.1756,1774054230000
binance,okx,SAHARAUSDT,0.02846000,0.02842,-0.1405,1774054231000
binance,okx,SAHARAUSDT,0.02849000,0.02843,-0.2106,1774054232000
binance,okx,SAHARAUSDT,0.02849000,0.02844,-0.1755,1774054233000
binance,okx,SAHARAUSDT,0.02849000,0.02846,-0.1053,1774054234000
binance,okx,SAHARAUSDT,0.02849000,0.02844,-0.1755,1774054235000
binance,okx,SAHARAUSDT,0.02849000,0.02843,-0.2106,1774054237000
binance,okx,SAHARAUSDT,0.02850000,0.02843,-0.2456,1774054238000
binance,okx,SAHARAUSDT,0.02850000,0.02844,-0.2105,1774054239000
binance,okx,SAHARAUSDT,0.02852000,0.02845,-0.2454,1774054240000
binance,okx,SAHARAUSDT,0.02849000,0.02843,-0.2106,1774054241000
binance,okx,SAHARAUSDT,0.02851000,0.02845,-0.2105,1774054242000
binance,okx,SAHARAUSDT,0.02850000,0.02845,-0.1754,1774054243000
binance,okx,SAHARAUSDT,0.02848000,0.02845,-0.1053,1774054244000
binance,okx,SAHARAUSDT,0.02848000,0.02844,-0.1404,1774054245000
binance,okx,SAHARAUSDT,0.02846000,0.02842,-0.1405,1774054246000
binance,okx,SAHARAUSDT,0.02849000,0.02843,-0.2106,1774054247000
binance,okx,SAHARAUSDT,0.02850000,0.02845,-0.1754,1774054249000
binance,okx,SAHARAUSDT,0.02847000,0.02843,-0.1405,1774054250000
binance,okx,SAHARAUSDT,0.02847000,0.02843,-0.1405,1774054252000
binance,okx,SAHARAUSDT,0.02849000,0.02844,-0.1755,1774054253000
binance,okx,SAHARAUSDT,0.02849000,0.02845,-0.1404,1774054256000
binance,okx,SAHARAUSDT,0.02848000,0.02845,-0.1053,1774054257000
binance,okx,SAHARAUSDT,0.02849000,0.02845,-0.1404,1774054258000
binance,okx,SAHARAUSDT,0.02848000,0.02844,-0.1404,1774054259000
binance,okx,SAHARAUSDT,0.02847000,0.02844,-0.1054,1774054260000
binance,okx,SAHARAUSDT,0.02845000,0.0284,-0.1757,1774054261000
binance,okx,SAHARAUSDT,0.02844000,0.02841,-0.1055,1774054262000
binance,okx,SAHARAUSDT,0.02846000,0.02843,-0.1054,1774054263000
binance,okx,SAHARAUSDT,0.02848000,0.02843,-0.1756,1774054265000
binance,okx,SAHARAUSDT,0.02846000,0.02842,-0.1405,1774054268000
binance,okx,SAHARAUSDT,0.02848000,0.02844,-0.1404,1774054269000
binance,okx,SAHARAUSDT,0.02848000,0.02844,-0.1404,1774054271000
binance,okx,SAHARAUSDT,0.02848000,0.02845,-0.1053,1774054272000
binance,okx,SAHARAUSDT,0.02847000,0.02844,-0.1054,1774054273000
binance,okx,SAHARAUSDT,0.02846000,0.02842,-0.1405,1774054274000
binance,okx,SAHARAUSDT,0.02845000,0.02841,-0.1406,1774054275000
binance,okx,SAHARAUSDT,0.02839000,0.02835,-0.1409,1774054276000
binance,okx,SAHARAUSDT,0.02842000,0.02837,-0.1759,1774054277000
binance,okx,SAHARAUSDT,0.02844000,0.02838,-0.211,1774054278000
binance,okx,SAHARAUSDT,0.02844000,0.02839,-0.1758,1774054279000
binance,okx,SAHARAUSDT,0.02841000,0.02837,-0.1408,1774054281000
binance,okx,SAHARAUSDT,0.02843000,0.02838,-0.1759,1774054283000
binance,okx,SAHARAUSDT,0.02843000,0.02839,-0.1407,1774054284000
binance,okx,SAHARAUSDT,0.02845000,0.02839,-0.2109,1774054287000
binance,okx,SAHARAUSDT,0.02846000,0.02841,-0.1757,1774054288000
binance,okx,SAHARAUSDT,0.02846000,0.02841,-0.1757,1774054290000
binance,okx,SAHARAUSDT,0.02847000,0.02843,-0.1405,1774054291000
binance,okx,SAHARAUSDT,0.02847000,0.02843,-0.1405,1774054292000
binance,okx,SAHARAUSDT,0.02847000,0.02843,-0.1405,1774054294000
binance,okx,SAHARAUSDT,0.02846000,0.02842,-0.1405,1774054295000
binance,okx,SAHARAUSDT,0.02846000,0.02842,-0.1405,1774054298000
binance,okx,SAHARAUSDT,0.02847000,0.02842,-0.1756,1774054299000
binance,okx,SAHARAUSDT,0.02847000,0.02843,-0.1405,1774054300000
binance,okx,SAHARAUSDT,0.02847000,0.02843,-0.1405,1774054301000
binance,okx,SAHARAUSDT,0.02848000,0.02843,-0.1756,1774054302000
binance,okx,SAHARAUSDT,0.02846000,0.02842,-0.1405,1774054303000
binance,okx,SAHARAUSDT,0.02845000,0.02842,-0.1054,1774054304000
binance,okx,SAHARAUSDT,0.02845000,0.02842,-0.1054,1774054306000
binance,okx,SAHARAUSDT,0.02844000,0.0284,-0.1406,1774054307000
binance,okx,SAHARAUSDT,0.02844000,0.0284,-0.1406,1774054308000
binance,okx,SAHARAUSDT,0.02844000,0.02841,-0.1055,1774054309000
binance,okx,SAHARAUSDT,0.02843000,0.02841,-0.0703,1774054310000
binance,okx,SAHARAUSDT,0.02845000,0.02842,-0.1054,1774054311000
binance,okx,SAHARAUSDT,0.02844000,0.02841,-0.1055,1774054315000
binance,okx,SAHARAUSDT,0.02848000,0.02845,-0.1053,1774054316000
binance,okx,SAHARAUSDT,0.02847000,0.02844,-0.1054,1774054317000
binance,okx,SAHARAUSDT,0.02847000,0.02844,-0.1054,1774054318000
binance,okx,SAHARAUSDT,0.02845000,0.02843,-0.0703,1774054319000
binance,okx,SAHARAUSDT,0.02845000,0.02842,-0.1054,1774054320000
binance,okx,SAHARAUSDT,0.02843000,0.02841,-0.0703,1774054321000
binance,okx,SAHARAUSDT,0.02846000,0.02844,-0.0703,1774054322000
binance,okx,SAHARAUSDT,0.02845000,0.02843,-0.0703,1774054323000
binance,okx,SAHARAUSDT,0.02846000,0.02844,-0.0703,1774054324000
binance,okx,SAHARAUSDT,0.02846000,0.02843,-0.1054,1774054327000
binance,okx,SAHARAUSDT,0.02846000,0.02844,-0.0703,1774054329000
binance,okx,SAHARAUSDT,0.02846000,0.02843,-0.1054,1774054330000
binance,okx,SAHARAUSDT,0.02845000,0.02843,-0.0703,1774054333000
binance,okx,SAHARAUSDT,0.02845000,0.02842,-0.1054,1774054334000
binance,okx,SAHARAUSDT,0.02847000,0.02845,-0.0702,1774054337000
binance,okx,SAHARAUSDT,0.02849000,0.02845,-0.1404,1774054338000
binance,okx,SAHARAUSDT,0.02850000,0.02846,-0.1404,1774054339000
binance,okx,SAHARAUSDT,0.02850000,0.02846,-0.1404,1774054340000
binance,okx,SAHARAUSDT,0.02851000,0.02847,-0.1403,1774054341000
binance,okx,SAHARAUSDT,0.02851000,0.02847,-0.1403,1774054343000
binance,okx,SAHARAUSDT,0.02851000,0.02847,-0.1403,1774054344000
binance,okx,SAHARAUSDT,0.02851000,0.02847,-0.1403,1774054347000
binance,okx,SAHARAUSDT,0.02851000,0.02847,-0.1403,1774054348000
binance,okx,SAHARAUSDT,0.02851000,0.02847,-0.1403,1774054353000
binance,okx,SAHARAUSDT,0.02854000,0.02849,-0.1752,1774054354000
binance,okx,SAHARAUSDT,0.02853000,0.02847,-0.2103,1774054355000
binance,okx,SAHARAUSDT,0.02852000,0.02846,-0.2104,1774054356000
binance,okx,SAHARAUSDT,0.02850000,0.02845,-0.1754,1774054357000
binance,okx,SAHARAUSDT,0.02850000,0.02845,-0.1754,1774054358000
binance,okx,SAHARAUSDT,0.02852000,0.02846,-0.2104,1774054362000
binance,okx,SAHARAUSDT,0.02853000,0.02846,-0.2454,1774054365000
binance,okx,SAHARAUSDT,0.02850000,0.02844,-0.2105,1774054366000
binance,okx,SAHARAUSDT,0.02851000,0.02845,-0.2105,1774054367000
binance,okx,SAHARAUSDT,0.02851000,0.02844,-0.2455,1774054368000
binance,okx,SAHARAUSDT,0.02848000,0.02842,-0.2107,1774054369000
binance,okx,SAHARAUSDT,0.02847000,0.02841,-0.2107,1774054377000
binance,okx,SAHARAUSDT,0.02849000,0.02842,-0.2457,1774054378000
binance,okx,SAHARAUSDT,0.02849000,0.02843,-0.2106,1774054380000
binance,okx,SAHARAUSDT,0.02847000,0.02843,-0.1405,1774054381000
binance,okx,SAHARAUSDT,0.02848000,0.02843,-0.1756,1774054382000
binance,okx,SAHARAUSDT,0.02848000,0.02843,-0.1756,1774054384000
binance,okx,SAHARAUSDT,0.02848000,0.02843,-0.1756,1774054386000
binance,okx,SAHARAUSDT,0.02848000,0.02843,-0.1756,1774054387000
binance,okx,SAHARAUSDT,0.02850000,0.02846,-0.1404,1774054388000
binance,okx,SAHARAUSDT,0.02851000,0.02846,-0.1754,1774054390000
binance,okx,SAHARAUSDT,0.02851000,0.02846,-0.1754,1774054391000
binance,okx,SAHARAUSDT,0.02851000,0.02846,-0.1754,1774054392000
binance,okx,SAHARAUSDT,0.02850000,0.02846,-0.1404,1774054393000
binance,okx,SAHARAUSDT,0.02850000,0.02843,-0.2456,1774054394000
binance,okx,SAHARAUSDT,0.02850000,0.02844,-0.2105,1774054395000
binance,okx,SAHARAUSDT,0.02849000,0.02844,-0.1755,1774054396000
binance,okx,SAHARAUSDT,0.02849000,0.02844,-0.1755,1774054397000
binance,okx,SAHARAUSDT,0.02849000,0.02844,-0.1755,1774054402000
binance,okx,SAHARAUSDT,0.02850000,0.02846,-0.1404,1774054406000
binance,okx,SAHARAUSDT,0.02849000,0.02845,-0.1404,1774054407000
binance,okx,SAHARAUSDT,0.02848000,0.02844,-0.1404,1774054408000
binance,okx,SAHARAUSDT,0.02849000,0.02843,-0.2106,1774054409000
binance,okx,SAHARAUSDT,0.02850000,0.02844,-0.2105,1774054412000
binance,okx,SAHARAUSDT,0.02850000,0.02845,-0.1754,1774054417000
binance,okx,SAHARAUSDT,0.02849000,0.02844,-0.1755,1774054418000
binance,okx,SAHARAUSDT,0.02849000,0.02844,-0.1755,1774054419000
binance,okx,SAHARAUSDT,0.02850000,0.02844,-0.2105,1774054423000
binance,okx,SAHARAUSDT,0.02850000,0.02846,-0.1404,1774054424000
binance,okx,SAHARAUSDT,0.02849000,0.02844,-0.1755,1774054425000
binance,okx,SAHARAUSDT,0.02849000,0.02844,-0.1755,1774054426000
binance,okx,SAHARAUSDT,0.02849000,0.02844,-0.1755,1774054427000
binance,okx,SAHARAUSDT,0.02850000,0.02845,-0.1754,1774054432000
binance,okx,SAHARAUSDT,0.02850000,0.02846,-0.1404,1774054433000
binance,okx,SAHARAUSDT,0.02851000,0.02846,-0.1754,1774054436000
binance,okx,SAHARAUSDT,0.02854000,0.02849,-0.1752,1774054438000
binance,okx,SAHARAUSDT,0.02854000,0.02849,-0.1752,1774054439000
binance,okx,SAHARAUSDT,0.02854000,0.0285,-0.1402,1774054440000
binance,okx,SAHARAUSDT,0.02851000,0.02847,-0.1403,1774054442000
binance,okx,SAHARAUSDT,0.02853000,0.02848,-0.1753,1774054445000
binance,okx,SAHARAUSDT,0.02853000,0.02849,-0.1402,1774054448000
binance,okx,SAHARAUSDT,0.02852000,0.02846,-0.2104,1774054449000
binance,okx,SAHARAUSDT,0.02852000,0.02847,-0.1753,1774054450000
binance,okx,SAHARAUSDT,0.02853000,0.02847,-0.2103,1774054456000
binance,okx,SAHARAUSDT,0.02853000,0.02848,-0.1753,1774054458000
binance,okx,SAHARAUSDT,0.02853000,0.02848,-0.1753,1774054459000
binance,okx,SAHARAUSDT,0.02853000,0.02848,-0.1753,1774054463000
binance,okx,SAHARAUSDT,0.02853000,0.02849,-0.1402,1774054468000
binance,okx,SAHARAUSDT,0.02852000,0.02848,-0.1403,1774054470000
binance,okx,SAHARAUSDT,0.02852000,0.02847,-0.1753,1774054472000
binance,okx,SAHARAUSDT,0.02852000,0.02848,-0.1403,1774054473000
binance,okx,SAHARAUSDT,0.02857000,0.02849,-0.28,1774054475000
binance,okx,SAHARAUSDT,0.02856000,0.02851,-0.1751,1774054476000
binance,okx,SAHARAUSDT,0.02856000,0.02851,-0.1751,1774054477000
binance,okx,SAHARAUSDT,0.02855000,0.0285,-0.1751,1774054478000
binance,okx,SAHARAUSDT,0.02855000,0.0285,-0.1751,1774054479000
binance,okx,SAHARAUSDT,0.02854000,0.02849,-0.1752,1774054480000
binance,okx,SAHARAUSDT,0.02856000,0.0285,-0.2101,1774054481000
binance,okx,SAHARAUSDT,0.02856000,0.02851,-0.1751,1774054485000
binance,okx,SAHARAUSDT,0.02856000,0.02852,-0.1401,1774054491000
binance,okx,SAHARAUSDT,0.02856000,0.02851,-0.1751,1774054492000
binance,okx,SAHARAUSDT,0.02856000,0.02851,-0.1751,1774054499000
binance,okx,SAHARAUSDT,0.02822000,0.02816,-0.2126,1774054500000
binance,okx,SAHARAUSDT,0.02822000,0.02851,1.0276,1774054500043
binance,okx,SAHARAUSDT,0.02817000,0.02817,0.0,1774054500354
binance,okx,SAHARAUSDT,0.02817000,0.02811,-0.213,1774054500665
binance,okx,SAHARAUSDT,0.02816000,0.02813,-0.1065,1774054500980
binance,okx,SAHARAUSDT,0.02816000,0.02812,-0.142,1774054501290
binance,okx,SAHARAUSDT,0.02816000,0.02814,-0.071,1774054501600
binance,okx,SAHARAUSDT,0.02816000,0.02815,-0.0355,1774054501913
binance,okx,SAHARAUSDT,0.02820000,0.02815,-0.1773,1774054502226
binance,okx,SAHARAUSDT,0.02820000,0.02815,-0.1773,1774054502538
binance,okx,SAHARAUSDT,0.02820000,0.02816,-0.1418,1774054502855
binance,okx,SAHARAUSDT,0.02819000,0.02816,-0.1064,1774054503168
binance,okx,SAHARAUSDT,0.02819000,0.02815,-0.1419,1774054503475
binance,okx,SAHARAUSDT,0.02820000,0.02814,-0.2128,1774054503783
binance,okx,SAHARAUSDT,0.02820000,0.02815,-0.1773,1774054504090
binance,okx,SAHARAUSDT,0.02820000,0.02815,-0.1773,1774054504396
binance,okx,SAHARAUSDT,0.02820000,0.02815,-0.1773,1774054504707
binance,okx,SAHARAUSDT,0.02819000,0.02815,-0.1419,1774054505021
binance,okx,SAHARAUSDT,0.02821000,0.02814,-0.2481,1774054505339
binance,okx,SAHARAUSDT,0.02825000,0.02821,-0.1416,1774054505652
binance,okx,SAHARAUSDT,0.02825000,0.02821,-0.1416,1774054505966
binance,okx,SAHARAUSDT,0.02825000,0.0282,-0.177,1774054506277
binance,okx,SAHARAUSDT,0.02826000,0.0282,-0.2123,1774054506582
binance,okx,SAHARAUSDT,0.02827000,0.0282,-0.2476,1774054506888
binance,okx,SAHARAUSDT,0.02826000,0.02821,-0.1769,1774054507193
binance,okx,SAHARAUSDT,0.02826000,0.02821,-0.1769,1774054507511
binance,okx,SAHARAUSDT,0.02826000,0.02821,-0.1769,1774054507824
binance,okx,SAHARAUSDT,0.02826000,0.02821,-0.1769,1774054508131
binance,okx,SAHARAUSDT,0.02826000,0.02821,-0.1769,1774054508437
binance,okx,SAHARAUSDT,0.02827000,0.02821,-0.2122,1774054508737
binance,okx,SAHARAUSDT,0.02826000,0.02821,-0.1769,1774054509038
binance,okx,SAHARAUSDT,0.02827000,0.02821,-0.2122,1774054509341
binance,okx,SAHARAUSDT,0.02826000,0.02821,-0.1769,1774054509647
binance,okx,SAHARAUSDT,0.02826000,0.02821,-0.1769,1774054509954
binance,okx,SAHARAUSDT,0.02826000,0.0282,-0.2123,1774054510263
binance,okx,SAHARAUSDT,0.02825000,0.0282,-0.177,1774054510568
binance,okx,SAHARAUSDT,0.02814000,0.0282,0.2132,1774054510869
binance,okx,SAHARAUSDT,0.02814000,0.02808,-0.2132,1774054511175
binance,okx,SAHARAUSDT,0.02816000,0.0281,-0.2131,1774054511476
binance,okx,SAHARAUSDT,0.02815000,0.02812,-0.1066,1774054511776
binance,okx,SAHARAUSDT,0.02817000,0.02812,-0.1775,1774054512076
binance,okx,SAHARAUSDT,0.02817000,0.02812,-0.1775,1774054512379
binance,okx,SAHARAUSDT,0.02817000,0.02812,-0.1775,1774054512679
binance,okx,SAHARAUSDT,0.02817000,0.02812,-0.1775,1774054512979
binance,okx,SAHARAUSDT,0.02817000,0.02813,-0.142,1774054513280
binance,okx,SAHARAUSDT,0.02817000,0.02813,-0.142,1774054513580
binance,okx,SAHARAUSDT,0.02817000,0.02813,-0.142,1774054513880
binance,okx,SAHARAUSDT,0.02816000,0.02813,-0.1065,1774054514180
binance,okx,SAHARAUSDT,0.02816000,0.02812,-0.142,1774054514480
binance,okx,SAHARAUSDT,0.02816000,0.02812,-0.142,1774054514781
binance,okx,SAHARAUSDT,0.02817000,0.02812,-0.1775,1774054515081
binance,okx,SAHARAUSDT,0.02817000,0.02812,-0.1775,1774054515381
binance,okx,SAHARAUSDT,0.02817000,0.02812,-0.1775,1774054515681
binance,okx,SAHARAUSDT,0.02816000,0.02812,-0.142,1774054515981
binance,okx,SAHARAUSDT,0.02816000,0.02812,-0.142,1774054516283
binance,okx,SAHARAUSDT,0.02816000,0.02812,-0.142,1774054516584
binance,okx,SAHARAUSDT,0.02816000,0.02812,-0.142,1774054516884
binance,okx,SAHARAUSDT,0.02816000,0.02812,-0.142,1774054517185
binance,okx,SAHARAUSDT,0.02824000,0.02812,-0.4249,1774054517485
binance,okx,SAHARAUSDT,0.02827000,0.02819,-0.283,1774054517785
binance,okx,SAHARAUSDT,0.02827000,0.02821,-0.2122,1774054518085
binance,okx,SAHARAUSDT,0.02826000,0.02821,-0.1769,1774054518385
binance,okx,SAHARAUSDT,0.02828000,0.02822,-0.2122,1774054518686
binance,okx,SAHARAUSDT,0.02828000,0.02824,-0.1414,1774054518986
binance,okx,SAHARAUSDT,0.02829000,0.02824,-0.1767,1774054519286
binance,okx,SAHARAUSDT,0.02828000,0.02822,-0.2122,1774054519586
binance,okx,SAHARAUSDT,0.02828000,0.02824,-0.1414,1774054519886
binance,okx,SAHARAUSDT,0.02828000,0.02823,-0.1768,1774054520188
binance,okx,SAHARAUSDT,0.02829000,0.02823,-0.2121,1774054520498
binance,okx,SAHARAUSDT,0.02829000,0.02823,-0.2121,1774054520805
binance,okx,SAHARAUSDT,0.02829000,0.02824,-0.1767,1774054521108
binance,okx,SAHARAUSDT,0.02831000,0.02824,-0.2473,1774054521418
binance,okx,SAHARAUSDT,0.02831000,0.02825,-0.2119,1774054521730
binance,okx,SAHARAUSDT,0.02831000,0.02826,-0.1766,1774054522047
binance,okx,SAHARAUSDT,0.02831000,0.02827,-0.1413,1774054522347
binance,okx,SAHARAUSDT,0.02831000,0.02826,-0.1766,1774054522647
binance,okx,SAHARAUSDT,0.02831000,0.02826,-0.1766,1774054522949
binance,okx,SAHARAUSDT,0.02830000,0.02826,-0.1413,1774054523249
binance,okx,SAHARAUSDT,0.02831000,0.02825,-0.2119,1774054523549
binance,okx,SAHARAUSDT,0.02831000,0.02825,-0.2119,1774054523849
binance,okx,SAHARAUSDT,0.02831000,0.02826,-0.1766,1774054524150
binance,okx,SAHARAUSDT,0.02831000,0.02826,-0.1766,1774054524450
binance,okx,SAHARAUSDT,0.02831000,0.02826,-0.1766,1774054524750
binance,okx,SAHARAUSDT,0.02831000,0.02826,-0.1766,1774054525050
binance,okx,SAHARAUSDT,0.02832000,0.02827,-0.1766,1774054525351
binance,okx,SAHARAUSDT,0.02833000,0.02827,-0.2118,1774054525651
binance,okx,SAHARAUSDT,0.02833000,0.02827,-0.2118,1774054525952
binance,okx,SAHARAUSDT,0.02833000,0.02827,-0.2118,1774054526253
binance,okx,SAHARAUSDT,0.02833000,0.02828,-0.1765,1774054526553
binance,okx,SAHARAUSDT,0.02835000,0.02828,-0.2469,1774054526854
binance,okx,SAHARAUSDT,0.02835000,0.0283,-0.1764,1774054527154
binance,okx,SAHARAUSDT,0.02835000,0.0283,-0.1764,1774054527454
binance,okx,SAHARAUSDT,0.02835000,0.0283,-0.1764,1774054527754
binance,okx,SAHARAUSDT,0.02835000,0.02829,-0.2116,1774054528055
binance,okx,SAHARAUSDT,0.02835000,0.02831,-0.1411,1774054528355
binance,okx,SAHARAUSDT,0.02836000,0.02831,-0.1763,1774054528655
binance,okx,SAHARAUSDT,0.02836000,0.02831,-0.1763,1774054528956
binance,okx,SAHARAUSDT,0.02836000,0.02831,-0.1763,1774054529256
binance,okx,SAHARAUSDT,0.02836000,0.02831,-0.1763,1774054529557
binance,okx,SAHARAUSDT,0.02836000,0.0283,-0.2116,1774054529857
binance,okx,SAHARAUSDT,0.02836000,0.02831,-0.1763,1774054530157
binance,okx,SAHARAUSDT,0.02836000,0.02831,-0.1763,1774054530457
binance,okx,SAHARAUSDT,0.02837000,0.02831,-0.2115,1774054530757
binance,okx,SAHARAUSDT,0.02837000,0.02831,-0.2115,1774054531058
binance,okx,SAHARAUSDT,0.02837000,0.02831,-0.2115,1774054531358
binance,okx,SAHARAUSDT,0.02836000,0.02831,-0.1763,1774054531658
binance,okx,SAHARAUSDT,0.02836000,0.02831,-0.1763,1774054531958
binance,okx,SAHARAUSDT,0.02836000,0.02831,-0.1763,1774054532259
binance,okx,SAHARAUSDT,0.02836000,0.02831,-0.1763,1774054532559
binance,okx,SAHARAUSDT,0.02836000,0.02831,-0.1763,1774054532860
binance,okx,SAHARAUSDT,0.02836000,0.02831,-0.1763,1774054533160
binance,okx,SAHARAUSDT,0.02836000,0.02831,-0.1763,1774054533461
binance,okx,SAHARAUSDT,0.02836000,0.02831,-0.1763,1774054533761
binance,okx,SAHARAUSDT,0.02836000,0.02831,-0.1763,1774054534061
binance,okx,SAHARAUSDT,0.02836000,0.02831,-0.1763,1774054534362
binance,okx,SAHARAUSDT,0.02836000,0.02831,-0.1763,1774054534663
binance,okx,SAHARAUSDT,0.02836000,0.02831,-0.1763,1774054534963
binance,okx,SAHARAUSDT,0.02836000,0.02831,-0.1763,1774054535263
binance,okx,SAHARAUSDT,0.02836000,0.02831,-0.1763,1774054535564
binance,okx,SAHARAUSDT,0.02838000,0.02831,-0.2467,1774054535865
binance,okx,SAHARAUSDT,0.02839000,0.02834,-0.1761,1774054536165
binance,okx,SAHARAUSDT,0.02841000,0.02835,-0.2112,1774054536465
binance,okx,SAHARAUSDT,0.02841000,0.02836,-0.176,1774054536765
binance,okx,SAHARAUSDT,0.02841000,0.02836,-0.176,1774054537065
binance,okx,SAHARAUSDT,0.02842000,0.02838,-0.1407,1774054537365
binance,okx,SAHARAUSDT,0.02843000,0.02838,-0.1759,1774054537666
binance,okx,SAHARAUSDT,0.02844000,0.02838,-0.211,1774054537967
binance,okx,SAHARAUSDT,0.02845000,0.02838,-0.246,1774054538267
binance,okx,SAHARAUSDT,0.02845000,0.02839,-0.2109,1774054538567
binance,okx,SAHARAUSDT,0.02845000,0.02839,-0.2109,1774054538867
binance,okx,SAHARAUSDT,0.02845000,0.02839,-0.2109,1774054539168
binance,okx,SAHARAUSDT,0.02844000,0.02838,-0.211,1774054539468
binance,okx,SAHARAUSDT,0.02845000,0.02838,-0.246,1774054539769
binance,okx,SAHARAUSDT,0.02845000,0.02839,-0.2109,1774054540069
binance,okx,SAHARAUSDT,0.02846000,0.02841,-0.1757,1774054540375
binance,okx,SAHARAUSDT,0.02847000,0.0284,-0.2459,1774054540688
binance,okx,SAHARAUSDT,0.02847000,0.0284,-0.2459,1774054541001
binance,okx,SAHARAUSDT,0.02847000,0.0284,-0.2459,1774054541310
binance,okx,SAHARAUSDT,0.02847000,0.0284,-0.2459,1774054541620
binance,okx,SAHARAUSDT,0.02847000,0.0284,-0.2459,1774054541923
binance,okx,SAHARAUSDT,0.02847000,0.0284,-0.2459,1774054542227
binance,okx,SAHARAUSDT,0.02847000,0.0284,-0.2459,1774054542531
binance,okx,SAHARAUSDT,0.02847000,0.0284,-0.2459,1774054542835
binance,okx,SAHARAUSDT,0.02847000,0.0284,-0.2459,1774054543143
binance,okx,SAHARAUSDT,0.02847000,0.0284,-0.2459,1774054543455
binance,okx,SAHARAUSDT,0.02847000,0.0284,-0.2459,1774054543765
binance,okx,SAHARAUSDT,0.02847000,0.0284,-0.2459,1774054544073
binance,okx,SAHARAUSDT,0.02847000,0.0284,-0.2459,1774054544384
binance,okx,SAHARAUSDT,0.02847000,0.0284,-0.2459,1774054544693
binance,okx,SAHARAUSDT,0.02847000,0.0284,-0.2459,1774054544997
binance,okx,SAHARAUSDT,0.02847000,0.02842,-0.1756,1774054545305
binance,okx,SAHARAUSDT,0.02848000,0.0284,-0.2809,1774054545611
binance,okx,SAHARAUSDT,0.02848000,0.0284,-0.2809,1774054545912
binance,okx,SAHARAUSDT,0.02848000,0.0284,-0.2809,1774054546214
binance,okx,SAHARAUSDT,0.02848000,0.0284,-0.2809,1774054546521
binance,okx,SAHARAUSDT,0.02848000,0.0284,-0.2809,1774054546826
binance,okx,SAHARAUSDT,0.02848000,0.0284,-0.2809,1774054547133
binance,okx,SAHARAUSDT,0.02848000,0.02841,-0.2458,1774054547439
binance,okx,SAHARAUSDT,0.02848000,0.02841,-0.2458,1774054547739
binance,okx,SAHARAUSDT,0.02848000,0.02841,-0.2458,1774054548039
binance,okx,SAHARAUSDT,0.02848000,0.02841,-0.2458,1774054548339
binance,okx,SAHARAUSDT,0.02848000,0.02841,-0.2458,1774054548640
binance,okx,SAHARAUSDT,0.02847000,0.0284,-0.2459,1774054548940
binance,okx,SAHARAUSDT,0.02848000,0.0284,-0.2809,1774054549240
binance,okx,SAHARAUSDT,0.02848000,0.0284,-0.2809,1774054549541
binance,okx,SAHARAUSDT,0.02848000,0.0284,-0.2809,1774054549842
binance,okx,SAHARAUSDT,0.02848000,0.02841,-0.2458,1774054550142
binance,okx,SAHARAUSDT,0.02848000,0.02841,-0.2458,1774054550443
binance,okx,SAHARAUSDT,0.02848000,0.02841,-0.2458,1774054550743
binance,okx,SAHARAUSDT,0.02849000,0.02841,-0.2808,1774054551043
binance,okx,SAHARAUSDT,0.02849000,0.02842,-0.2457,1774054551343
binance,okx,SAHARAUSDT,0.02849000,0.02842,-0.2457,1774054551643
binance,okx,SAHARAUSDT,0.02849000,0.02842,-0.2457,1774054551944
binance,okx,SAHARAUSDT,0.02849000,0.02842,-0.2457,1774054552244
binance,okx,SAHARAUSDT,0.02849000,0.02842,-0.2457,1774054552544
binance,okx,SAHARAUSDT,0.02851000,0.02842,-0.3157,1774054552853
binance,okx,SAHARAUSDT,0.02851000,0.02845,-0.2105,1774054553166
binance,okx,SAHARAUSDT,0.02854000,0.02846,-0.2803,1774054553480
binance,okx,SAHARAUSDT,0.02854000,0.02846,-0.2803,1774054553798
binance,okx,SAHARAUSDT,0.02854000,0.02846,-0.2803,1774054554109
binance,okx,SAHARAUSDT,0.02854000,0.02845,-0.3153,1774054554427
binance,okx,SAHARAUSDT,0.02854000,0.02845,-0.3153,1774054554739
binance,okx,SAHARAUSDT,0.02855000,0.02845,-0.3503,1774054555042
binance,okx,SAHARAUSDT,0.02855000,0.02845,-0.3503,1774054555349
binance,okx,SAHARAUSDT,0.02855000,0.02846,-0.3152,1774054555649
binance,okx,SAHARAUSDT,0.02855000,0.02846,-0.3152,1774054555949
binance,okx,SAHARAUSDT,0.02855000,0.02846,-0.3152,1774054556249
binance,okx,SAHARAUSDT,0.02855000,0.02846,-0.3152,1774054556550
binance,okx,SAHARAUSDT,0.02854000,0.02846,-0.2803,1774054556856
binance,okx,SAHARAUSDT,0.02853000,0.02845,-0.2804,1774054557158
binance,okx,SAHARAUSDT,0.02854000,0.02845,-0.3153,1774054557458
binance,okx,SAHARAUSDT,0.02855000,0.02845,-0.3503,1774054557759
binance,okx,SAHARAUSDT,0.02855000,0.02846,-0.3152,1774054558060
binance,okx,SAHARAUSDT,0.02855000,0.02846,-0.3152,1774054558360
binance,okx,SAHARAUSDT,0.02855000,0.02846,-0.3152,1774054558660
binance,okx,SAHARAUSDT,0.02855000,0.02846,-0.3152,1774054558960
binance,okx,SAHARAUSDT,0.02854000,0.02846,-0.2803,1774054559261
binance,okx,SAHARAUSDT,0.02854000,0.02844,-0.3504,1774054559561
binance,okx,SAHARAUSDT,0.02854000,0.02844,-0.3504,1774054559861
binance,okx,SAHARAUSDT,0.02854000,0.02844,-0.3504,1774054560169
binance,okx,SAHARAUSDT,0.02853000,0.02844,-0.3155,1774054560480
binance,okx,SAHARAUSDT,0.02853000,0.02844,-0.3155,1774054560799
binance,okx,SAHARAUSDT,0.02855000,0.02844,-0.3853,1774054561112
binance,okx,SAHARAUSDT,0.02855000,0.02846,-0.3152,1774054561427
binance,okx,SAHARAUSDT,0.02859000,0.02852,-0.2448,1774054561738
binance,okx,SAHARAUSDT,0.02860000,0.02851,-0.3147,1774054562051
binance,okx,SAHARAUSDT,0.02860000,0.0285,-0.3497,1774054562363
binance,okx,SAHARAUSDT,0.02860000,0.0285,-0.3497,1774054562676
binance,okx,SAHARAUSDT,0.02860000,0.0285,-0.3497,1774054562983
binance,okx,SAHARAUSDT,0.02860000,0.0285,-0.3497,1774054563285
binance,okx,SAHARAUSDT,0.02859000,0.0285,-0.3148,1774054563585
binance,okx,SAHARAUSDT,0.02861000,0.0285,-0.3845,1774054563885
binance,okx,SAHARAUSDT,0.02861000,0.02851,-0.3495,1774054564186
binance,okx,SAHARAUSDT,0.02860000,0.02851,-0.3147,1774054564486
binance,okx,SAHARAUSDT,0.02858000,0.02851,-0.2449,1774054564786
binance,okx,SAHARAUSDT,0.02859000,0.02849,-0.3498,1774054565093
binance,okx,SAHARAUSDT,0.02859000,0.02849,-0.3498,1774054565393
binance,okx,SAHARAUSDT,0.02859000,0.02849,-0.3498,1774054565693
binance,okx,SAHARAUSDT,0.02859000,0.02848,-0.3847,1774054565993
binance,okx,SAHARAUSDT,0.02859000,0.02848,-0.3847,1774054566293
binance,okx,SAHARAUSDT,0.02859000,0.02848,-0.3847,1774054566594
binance,okx,SAHARAUSDT,0.02857000,0.02848,-0.315,1774054566894
binance,okx,SAHARAUSDT,0.02857000,0.02848,-0.315,1774054567195
binance,okx,SAHARAUSDT,0.02857000,0.02848,-0.315,1774054567495
binance,okx,SAHARAUSDT,0.02857000,0.02848,-0.315,1774054567798
binance,okx,SAHARAUSDT,0.02857000,0.02848,-0.315,1774054568101
binance,okx,SAHARAUSDT,0.02857000,0.02848,-0.315,1774054568406
binance,okx,SAHARAUSDT,0.02857000,0.02848,-0.315,1774054568707
binance,okx,SAHARAUSDT,0.02857000,0.02848,-0.315,1774054569009
binance,okx,SAHARAUSDT,0.02857000,0.02849,-0.28,1774054569312
binance,okx,SAHARAUSDT,0.02857000,0.02849,-0.28,1774054569612
binance,okx,SAHARAUSDT,0.02857000,0.02849,-0.28,1774054569913
binance,okx,SAHARAUSDT,0.02857000,0.02848,-0.315,1774054570215
binance,okx,SAHARAUSDT,0.02858000,0.02849,-0.3149,1774054570519
binance,okx,SAHARAUSDT,0.02858000,0.0285,-0.2799,1774054570820
binance,okx,SAHARAUSDT,0.02858000,0.02851,-0.2449,1774054571121
binance,okx,SAHARAUSDT,0.02858000,0.02851,-0.2449,1774054571423
binance,okx,SAHARAUSDT,0.02858000,0.02851,-0.2449,1774054571728
binance,okx,SAHARAUSDT,0.02858000,0.02851,-0.2449,1774054572032
binance,okx,SAHARAUSDT,0.02861000,0.02853,-0.2796,1774054572335
binance,okx,SAHARAUSDT,0.02861000,0.02853,-0.2796,1774054572636
binance,okx,SAHARAUSDT,0.02862000,0.02852,-0.3494,1774054572937
binance,okx,SAHARAUSDT,0.02860000,0.02851,-0.3147,1774054573237
binance,okx,SAHARAUSDT,0.02860000,0.0285,-0.3497,1774054573537
binance,okx,SAHARAUSDT,0.02860000,0.0285,-0.3497,1774054573837
binance,okx,SAHARAUSDT,0.02860000,0.0285,-0.3497,1774054574149
binance,okx,SAHARAUSDT,0.02860000,0.0285,-0.3497,1774054574464
binance,okx,SAHARAUSDT,0.02860000,0.0285,-0.3497,1774054574771
binance,okx,SAHARAUSDT,0.02860000,0.0285,-0.3497,1774054575071
binance,okx,SAHARAUSDT,0.02860000,0.0285,-0.3497,1774054575373
binance,okx,SAHARAUSDT,0.02857000,0.02849,-0.28,1774054575673
binance,okx,SAHARAUSDT,0.02857000,0.02849,-0.28,1774054575974
binance,okx,SAHARAUSDT,0.02857000,0.02849,-0.28,1774054576274
binance,okx,SAHARAUSDT,0.02857000,0.02849,-0.28,1774054576575
binance,okx,SAHARAUSDT,0.02857000,0.02849,-0.28,1774054576875
binance,okx,SAHARAUSDT,0.02857000,0.02849,-0.28,1774054577175
binance,okx,SAHARAUSDT,0.02857000,0.02849,-0.28,1774054577475
binance,okx,SAHARAUSDT,0.02857000,0.02849,-0.28,1774054577775
binance,okx,SAHARAUSDT,0.02857000,0.02848,-0.315,1774054578075
binance,okx,SAHARAUSDT,0.02856000,0.02848,-0.2801,1774054578375
binance,okx,SAHARAUSDT,0.02856000,0.02847,-0.3151,1774054578676
binance,okx,SAHARAUSDT,0.02856000,0.02847,-0.3151,1774054578976
binance,okx,SAHARAUSDT,0.02858000,0.0285,-0.2799,1774054579282
binance,okx,SAHARAUSDT,0.02858000,0.02849,-0.3149,1774054579582
binance,okx,SAHARAUSDT,0.02857000,0.02849,-0.28,1774054579882
binance,okx,SAHARAUSDT,0.02856000,0.02848,-0.2801,1774054580182
binance,okx,SAHARAUSDT,0.02856000,0.02847,-0.3151,1774054580482
binance,okx,SAHARAUSDT,0.02856000,0.02847,-0.3151,1774054580782
binance,okx,SAHARAUSDT,0.02855000,0.02847,-0.2802,1774054581083
binance,okx,SAHARAUSDT,0.02855000,0.02847,-0.2802,1774054581383
binance,okx,SAHARAUSDT,0.02855000,0.02847,-0.2802,1774054581686
binance,okx,SAHARAUSDT,0.02855000,0.02847,-0.2802,1774054581986
binance,okx,SAHARAUSDT,0.02855000,0.02847,-0.2802,1774054582289
binance,okx,SAHARAUSDT,0.02855000,0.02847,-0.2802,1774054582589
binance,okx,SAHARAUSDT,0.02855000,0.02847,-0.2802,1774054582889
binance,okx,SAHARAUSDT,0.02855000,0.02847,-0.2802,1774054583201
binance,okx,SAHARAUSDT,0.02855000,0.02847,-0.2802,1774054583511
binance,okx,SAHARAUSDT,0.02855000,0.02847,-0.2802,1774054583826
binance,okx,SAHARAUSDT,0.02857000,0.02847,-0.35,1774054584131
binance,okx,SAHARAUSDT,0.02857000,0.02849,-0.28,1774054584445
binance,okx,SAHARAUSDT,0.02857000,0.02848,-0.315,1774054584757
binance,okx,SAHARAUSDT,0.02856000,0.02848,-0.2801,1774054585074
binance,okx,SAHARAUSDT,0.02856000,0.02848,-0.2801,1774054585402
binance,okx,SAHARAUSDT,0.02856000,0.02848,-0.2801,1774054585708
binance,okx,SAHARAUSDT,0.02856000,0.02848,-0.2801,1774054586020
binance,okx,SAHARAUSDT,0.02856000,0.02848,-0.2801,1774054586326
binance,okx,SAHARAUSDT,0.02856000,0.02848,-0.2801,1774054586630
binance,okx,SAHARAUSDT,0.02856000,0.02848,-0.2801,1774054586931
binance,okx,SAHARAUSDT,0.02856000,0.02848,-0.2801,1774054587234
binance,okx,SAHARAUSDT,0.02856000,0.02848,-0.2801,1774054587535
binance,okx,SAHARAUSDT,0.02856000,0.02848,-0.2801,1774054587835
binance,okx,SAHARAUSDT,0.02856000,0.02848,-0.2801,1774054588136
binance,okx,SAHARAUSDT,0.02856000,0.02848,-0.2801,1774054588436
binance,okx,SAHARAUSDT,0.02856000,0.02848,-0.2801,1774054588736
binance,okx,SAHARAUSDT,0.02856000,0.02848,-0.2801,1774054589036
binance,okx,SAHARAUSDT,0.02856000,0.02848,-0.2801,1774054589342
binance,okx,SAHARAUSDT,0.02856000,0.02848,-0.2801,1774054589642
binance,okx,SAHARAUSDT,0.02856000,0.02848,-0.2801,1774054589942
binance,okx,SAHARAUSDT,0.02856000,0.02848,-0.2801,1774054590256
binance,okx,SAHARAUSDT,0.02855000,0.02848,-0.2452,1774054590563
binance,okx,SAHARAUSDT,0.02857000,0.02848,-0.315,1774054590863
binance,okx,SAHARAUSDT,0.02857000,0.02849,-0.28,1774054591163
binance,okx,SAHARAUSDT,0.02857000,0.02849,-0.28,1774054591475
binance,okx,SAHARAUSDT,0.02857000,0.02849,-0.28,1774054591785
binance,okx,SAHARAUSDT,0.02857000,0.0285,-0.245,1774054592098
binance,okx,SAHARAUSDT,0.02857000,0.02852,-0.175,1774054592407
binance,okx,SAHARAUSDT,0.02860000,0.02852,-0.2797,1774054592718
binance,okx,SAHARAUSDT,0.02860000,0.02852,-0.2797,1774054593023
binance,okx,SAHARAUSDT,0.02859000,0.02852,-0.2448,1774054593332
binance,okx,SAHARAUSDT,0.02859000,0.02852,-0.2448,1774054593645
binance,okx,SAHARAUSDT,0.02859000,0.02852,-0.2448,1774054593947
binance,okx,SAHARAUSDT,0.02859000,0.02852,-0.2448,1774054594247
binance,okx,SAHARAUSDT,0.02859000,0.02852,-0.2448,1774054594547
binance,okx,SAHARAUSDT,0.02859000,0.02852,-0.2448,1774054594848
binance,okx,SAHARAUSDT,0.02859000,0.02851,-0.2798,1774054595148
binance,okx,SAHARAUSDT,0.02859000,0.02852,-0.2448,1774054595450
binance,okx,SAHARAUSDT,0.02859000,0.02852,-0.2448,1774054595750
binance,okx,SAHARAUSDT,0.02859000,0.02851,-0.2798,1774054596059
binance,okx,SAHARAUSDT,0.02859000,0.02851,-0.2798,1774054596372
binance,okx,SAHARAUSDT,0.02859000,0.02852,-0.2448,1774054596688
binance,okx,SAHARAUSDT,0.02859000,0.02852,-0.2448,1774054596996
binance,okx,SAHARAUSDT,0.02859000,0.02852,-0.2448,1774054597298
binance,okx,SAHARAUSDT,0.02859000,0.02852,-0.2448,1774054597601
binance,okx,SAHARAUSDT,0.02859000,0.02852,-0.2448,1774054597906
binance,okx,SAHARAUSDT,0.02859000,0.02852,-0.2448,1774054598208
binance,okx,SAHARAUSDT,0.02859000,0.02852,-0.2448,1774054598510
binance,okx,SAHARAUSDT,0.02857000,0.02851,-0.21,1774054598811
binance,okx,SAHARAUSDT,0.02858000,0.0285,-0.2799,1774054599112
binance,okx,SAHARAUSDT,0.02858000,0.0285,-0.2799,1774054599413
binance,okx,SAHARAUSDT,0.02858000,0.02851,-0.2449,1774054599715
binance,okx,SAHARAUSDT,0.02858000,0.02851,-0.2449,1774054600017
binance,okx,SAHARAUSDT,0.02858000,0.02851,-0.2449,1774054600321
binance,okx,SAHARAUSDT,0.02858000,0.02851,-0.2449,1774054600623
binance,okx,SAHARAUSDT,0.02858000,0.02851,-0.2449,1774054600928
binance,okx,SAHARAUSDT,0.02858000,0.02851,-0.2449,1774054601233
binance,okx,SAHARAUSDT,0.02858000,0.02851,-0.2449,1774054601543
binance,okx,SAHARAUSDT,0.02858000,0.02851,-0.2449,1774054601854
binance,okx,SAHARAUSDT,0.02858000,0.02853,-0.1749,1774054602162
binance,okx,SAHARAUSDT,0.02860000,0.02854,-0.2098,1774054602464
binance,okx,SAHARAUSDT,0.02860000,0.02854,-0.2098,1774054602764
binance,okx,SAHARAUSDT,0.02860000,0.02854,-0.2098,1774054603065
binance,okx,SAHARAUSDT,0.02860000,0.02854,-0.2098,1774054603366
binance,okx,SAHARAUSDT,0.02860000,0.02854,-0.2098,1774054603666
binance,okx,SAHARAUSDT,0.02860000,0.02854,-0.2098,1774054603966
binance,okx,SAHARAUSDT,0.02860000,0.02854,-0.2098,1774054604266
binance,okx,SAHARAUSDT,0.02860000,0.02854,-0.2098,1774054604567
binance,okx,SAHARAUSDT,0.02860000,0.02854,-0.2098,1774054604868
binance,okx,SAHARAUSDT,0.02860000,0.02854,-0.2098,1774054605168
binance,okx,SAHARAUSDT,0.02860000,0.02855,-0.1748,1774054605468
binance,okx,SAHARAUSDT,0.02860000,0.02855,-0.1748,1774054605768
binance,okx,SAHARAUSDT,0.02859000,0.02854,-0.1749,1774054606069
binance,okx,SAHARAUSDT,0.02859000,0.02853,-0.2099,1774054606369
binance,okx,SAHARAUSDT,0.02859000,0.02853,-0.2099,1774054606669
binance,okx,SAHARAUSDT,0.02859000,0.02853,-0.2099,1774054606969
binance,okx,SAHARAUSDT,0.02859000,0.02853,-0.2099,1774054607270
binance,okx,SAHARAUSDT,0.02859000,0.02853,-0.2099,1774054607570
binance,okx,SAHARAUSDT,0.02859000,0.02853,-0.2099,1774054607870
binance,okx,SAHARAUSDT,0.02859000,0.02853,-0.2099,1774054608175
binance,okx,SAHARAUSDT,0.02859000,0.02853,-0.2099,1774054608475
binance,okx,SAHARAUSDT,0.02859000,0.02853,-0.2099,1774054608776
binance,okx,SAHARAUSDT,0.02859000,0.02853,-0.2099,1774054609076
binance,okx,SAHARAUSDT,0.02859000,0.02853,-0.2099,1774054609376
binance,okx,SAHARAUSDT,0.02859000,0.02853,-0.2099,1774054609677
binance,okx,SAHARAUSDT,0.02859000,0.02853,-0.2099,1774054609977
binance,okx,SAHARAUSDT,0.02859000,0.02853,-0.2099,1774054610277
binance,okx,SAHARAUSDT,0.02859000,0.02853,-0.2099,1774054610578
binance,okx,SAHARAUSDT,0.02860000,0.02855,-0.1748,1774054610878
binance,okx,SAHARAUSDT,0.02860000,0.02855,-0.1748,1774054611179
binance,okx,SAHARAUSDT,0.02860000,0.02855,-0.1748,1774054611479
binance,okx,SAHARAUSDT,0.02860000,0.02855,-0.1748,1774054611781
binance,okx,SAHARAUSDT,0.02860000,0.02855,-0.1748,1774054612081
binance,okx,SAHARAUSDT,0.02860000,0.02855,-0.1748,1774054612381
binance,okx,SAHARAUSDT,0.02860000,0.02855,-0.1748,1774054612682
binance,okx,SAHARAUSDT,0.02860000,0.02855,-0.1748,1774054612982
binance,okx,SAHARAUSDT,0.02860000,0.02854,-0.2098,1774054613283
binance,okx,SAHARAUSDT,0.02860000,0.02854,-0.2098,1774054613583
binance,okx,SAHARAUSDT,0.02860000,0.02854,-0.2098,1774054613883
binance,okx,SAHARAUSDT,0.02860000,0.02854,-0.2098,1774054614184
binance,okx,SAHARAUSDT,0.02860000,0.02854,-0.2098,1774054614484
binance,okx,SAHARAUSDT,0.02860000,0.02854,-0.2098,1774054614784
binance,okx,SAHARAUSDT,0.02860000,0.02854,-0.2098,1774054615084
binance,okx,SAHARAUSDT,0.02860000,0.02855,-0.1748,1774054615384
binance,okx,SAHARAUSDT,0.02860000,0.02855,-0.1748,1774054615684
binance,okx,SAHARAUSDT,0.02860000,0.02855,-0.1748,1774054615985
binance,okx,SAHARAUSDT,0.02860000,0.02855,-0.1748,1774054616285
binance,okx,SAHARAUSDT,0.02860000,0.02855,-0.1748,1774054616585
binance,okx,SAHARAUSDT,0.02860000,0.02855,-0.1748,1774054616885
binance,okx,SAHARAUSDT,0.02859000,0.02855,-0.1399,1774054617185
binance,okx,SAHARAUSDT,0.02859000,0.02854,-0.1749,1774054617485
binance,okx,SAHARAUSDT,0.02859000,0.02854,-0.1749,1774054617786
binance,okx,SAHARAUSDT,0.02859000,0.02854,-0.1749,1774054618087
binance,okx,SAHARAUSDT,0.02859000,0.02854,-0.1749,1774054618387
binance,okx,SAHARAUSDT,0.02859000,0.02854,-0.1749,1774054618687
binance,okx,SAHARAUSDT,0.02859000,0.02854,-0.1749,1774054618987
binance,okx,SAHARAUSDT,0.02859000,0.02854,-0.1749,1774054619288
binance,okx,SAHARAUSDT,0.02859000,0.02854,-0.1749,1774054619588
binance,okx,SAHARAUSDT,0.02859000,0.02854,-0.1749,1774054619888
binance,okx,SAHARAUSDT,0.02859000,0.02854,-0.1749,1774054620188
binance,okx,SAHARAUSDT,0.02859000,0.02854,-0.1749,1774054620493
binance,okx,SAHARAUSDT,0.02857000,0.02854,-0.105,1774054620807
binance,okx,SAHARAUSDT,0.02858000,0.02854,-0.14,1774054621110
binance,okx,SAHARAUSDT,0.02858000,0.02854,-0.14,1774054621413
binance,okx,SAHARAUSDT,0.02858000,0.02854,-0.14,1774054621720
binance,okx,SAHARAUSDT,0.02858000,0.02854,-0.14,1774054622028
binance,okx,SAHARAUSDT,0.02858000,0.02854,-0.14,1774054622337
binance,okx,SAHARAUSDT,0.02858000,0.02854,-0.14,1774054622637
binance,okx,SAHARAUSDT,0.02858000,0.02854,-0.14,1774054622938
binance,okx,SAHARAUSDT,0.02858000,0.02854,-0.14,1774054623238
binance,okx,SAHARAUSDT,0.02858000,0.02853,-0.1749,1774054623538
binance,okx,SAHARAUSDT,0.02858000,0.02853,-0.1749,1774054623841
binance,okx,SAHARAUSDT,0.02858000,0.02853,-0.1749,1774054624141
binance,okx,SAHARAUSDT,0.02859000,0.02854,-0.1749,1774054624441
binance,okx,SAHARAUSDT,0.02859000,0.02855,-0.1399,1774054624743
binance,okx,SAHARAUSDT,0.02858000,0.02853,-0.1749,1774054625043
binance,okx,SAHARAUSDT,0.02858000,0.02852,-0.2099,1774054625344
binance,okx,SAHARAUSDT,0.02858000,0.02852,-0.2099,1774054625644
binance,okx,SAHARAUSDT,0.02858000,0.02852,-0.2099,1774054625944
binance,okx,SAHARAUSDT,0.02858000,0.02852,-0.2099,1774054626244
binance,okx,SAHARAUSDT,0.02858000,0.02852,-0.2099,1774054626544
binance,okx,SAHARAUSDT,0.02858000,0.02852,-0.2099,1774054626849
binance,okx,SAHARAUSDT,0.02858000,0.02851,-0.2449,1774054627150
binance,okx,SAHARAUSDT,0.02858000,0.02851,-0.2449,1774054627450
binance,okx,SAHARAUSDT,0.02856000,0.02851,-0.1751,1774054627750
binance,okx,SAHARAUSDT,0.02856000,0.02851,-0.1751,1774054628056
binance,okx,SAHARAUSDT,0.02856000,0.02851,-0.1751,1774054628368
binance,okx,SAHARAUSDT,0.02856000,0.02851,-0.1751,1774054628683
binance,okx,SAHARAUSDT,0.02856000,0.02851,-0.1751,1774054628997
binance,okx,SAHARAUSDT,0.02856000,0.02851,-0.1751,1774054629310
binance,okx,SAHARAUSDT,0.02858000,0.02851,-0.2449,1774054629619
binance,okx,SAHARAUSDT,0.02858000,0.02851,-0.2449,1774054629934
binance,okx,SAHARAUSDT,0.02858000,0.02851,-0.2449,1774054630244
binance,okx,SAHARAUSDT,0.02858000,0.02851,-0.2449,1774054630553
binance,okx,SAHARAUSDT,0.02858000,0.02851,-0.2449,1774054630858
binance,okx,SAHARAUSDT,0.02858000,0.02851,-0.2449,1774054631159
binance,okx,SAHARAUSDT,0.02858000,0.02851,-0.2449,1774054631460
binance,okx,SAHARAUSDT,0.02858000,0.02851,-0.2449,1774054631760
binance,okx,SAHARAUSDT,0.02858000,0.02851,-0.2449,1774054632077
binance,okx,SAHARAUSDT,0.02858000,0.02851,-0.2449,1774054632389
binance,okx,SAHARAUSDT,0.02858000,0.02851,-0.2449,1774054632697
binance,okx,SAHARAUSDT,0.02857000,0.02851,-0.21,1774054633005
binance,okx,SAHARAUSDT,0.02856000,0.02849,-0.2451,1774054633318
binance,okx,SAHARAUSDT,0.02854000,0.02848,-0.2102,1774054633623
binance,okx,SAHARAUSDT,0.02854000,0.02848,-0.2102,1774054633929
binance,okx,SAHARAUSDT,0.02854000,0.02848,-0.2102,1774054634237
binance,okx,SAHARAUSDT,0.02854000,0.02848,-0.2102,1774054634539
binance,okx,SAHARAUSDT,0.02857000,0.02849,-0.28,1774054634839
binance,okx,SAHARAUSDT,0.02857000,0.0285,-0.245,1774054635140
binance,okx,SAHARAUSDT,0.02857000,0.0285,-0.245,1774054635440
binance,okx,SAHARAUSDT,0.02857000,0.0285,-0.245,1774054635741
binance,okx,SAHARAUSDT,0.02857000,0.0285,-0.245,1774054636041
binance,okx,SAHARAUSDT,0.02856000,0.0285,-0.2101,1774054636341
binance,okx,SAHARAUSDT,0.02856000,0.0285,-0.2101,1774054636641
binance,okx,SAHARAUSDT,0.02856000,0.0285,-0.2101,1774054636941
binance,okx,SAHARAUSDT,0.02856000,0.0285,-0.2101,1774054637242
binance,okx,SAHARAUSDT,0.02856000,0.0285,-0.2101,1774054637542
binance,okx,SAHARAUSDT,0.02856000,0.0285,-0.2101,1774054637842
binance,okx,SAHARAUSDT,0.02856000,0.0285,-0.2101,1774054638142
binance,okx,SAHARAUSDT,0.02856000,0.0285,-0.2101,1774054638443
binance,okx,SAHARAUSDT,0.02856000,0.0285,-0.2101,1774054638743
binance,okx,SAHARAUSDT,0.02856000,0.0285,-0.2101,1774054639043
binance,okx,SAHARAUSDT,0.02856000,0.0285,-0.2101,1774054639344
binance,okx,SAHARAUSDT,0.02856000,0.0285,-0.2101,1774054639644
binance,okx,SAHARAUSDT,0.02856000,0.0285,-0.2101,1774054639944
binance,okx,SAHARAUSDT,0.02856000,0.0285,-0.2101,1774054640244
binance,okx,SAHARAUSDT,0.02856000,0.0285,-0.2101,1774054640545
binance,okx,SAHARAUSDT,0.02856000,0.0285,-0.2101,1774054640845
binance,okx,SAHARAUSDT,0.02855000,0.02846,-0.3152,1774054641145
binance,okx,SAHARAUSDT,0.02856000,0.02848,-0.2801,1774054641445
binance,okx,SAHARAUSDT,0.02856000,0.02849,-0.2451,1774054641745
binance,okx,SAHARAUSDT,0.02856000,0.02849,-0.2451,1774054642045
binance,okx,SAHARAUSDT,0.02856000,0.02849,-0.2451,1774054642345
binance,okx,SAHARAUSDT,0.02856000,0.02849,-0.2451,1774054642646
binance,okx,SAHARAUSDT,0.02856000,0.02849,-0.2451,1774054642946
binance,okx,SAHARAUSDT,0.02856000,0.02849,-0.2451,1774054643246
binance,okx,SAHARAUSDT,0.02856000,0.02849,-0.2451,1774054643547
binance,okx,SAHARAUSDT,0.02856000,0.0285,-0.2101,1774054643847
binance,okx,SAHARAUSDT,0.02856000,0.0285,-0.2101,1774054644147
binance,okx,SAHARAUSDT,0.02858000,0.02852,-0.2099,1774054644447
binance,okx,SAHARAUSDT,0.02854000,0.02846,-0.2803,1774054644747
binance,okx,SAHARAUSDT,0.02852000,0.02847,-0.1753,1774054645047
binance,okx,SAHARAUSDT,0.02850000,0.02847,-0.1053,1774054645348
binance,okx,SAHARAUSDT,0.02850000,0.02847,-0.1053,1774054645648
binance,okx,SAHARAUSDT,0.02852000,0.02849,-0.1052,1774054645948
binance,okx,SAHARAUSDT,0.02853000,0.02849,-0.1402,1774054646248
binance,okx,SAHARAUSDT,0.02853000,0.02849,-0.1402,1774054646549
binance,okx,SAHARAUSDT,0.02853000,0.02849,-0.1402,1774054646849
binance,okx,SAHARAUSDT,0.02853000,0.02849,-0.1402,1774054647149
binance,okx,SAHARAUSDT,0.02853000,0.02849,-0.1402,1774054647455
binance,okx,SAHARAUSDT,0.02853000,0.02849,-0.1402,1774054647755
binance,okx,SAHARAUSDT,0.02853000,0.02849,-0.1402,1774054648056
binance,okx,SAHARAUSDT,0.02853000,0.02849,-0.1402,1774054648356
binance,okx,SAHARAUSDT,0.02853000,0.02849,-0.1402,1774054648656
binance,okx,SAHARAUSDT,0.02853000,0.02849,-0.1402,1774054648956
binance,okx,SAHARAUSDT,0.02853000,0.0285,-0.1052,1774054649257
binance,okx,SAHARAUSDT,0.02853000,0.0285,-0.1052,1774054649557
binance,okx,SAHARAUSDT,0.02852000,0.02849,-0.1052,1774054649857
binance,okx,SAHARAUSDT,0.02852000,0.02849,-0.1052,1774054650158
binance,okx,SAHARAUSDT,0.02852000,0.02849,-0.1052,1774054650458
binance,okx,SAHARAUSDT,0.02852000,0.02849,-0.1052,1774054650758
binance,okx,SAHARAUSDT,0.02852000,0.02849,-0.1052,1774054651058
binance,okx,SAHARAUSDT,0.02854000,0.0285,-0.1402,1774054651359
binance,okx,SAHARAUSDT,0.02854000,0.0285,-0.1402,1774054651659
binance,okx,SAHARAUSDT,0.02854000,0.0285,-0.1402,1774054651959
binance,okx,SAHARAUSDT,0.02854000,0.0285,-0.1402,1774054652259
binance,okx,SAHARAUSDT,0.02854000,0.0285,-0.1402,1774054652559
binance,okx,SAHARAUSDT,0.02854000,0.0285,-0.1402,1774054652859
binance,okx,SAHARAUSDT,0.02854000,0.0285,-0.1402,1774054653159
binance,okx,SAHARAUSDT,0.02854000,0.0285,-0.1402,1774054653461
binance,okx,SAHARAUSDT,0.02854000,0.0285,-0.1402,1774054653761
binance,okx,SAHARAUSDT,0.02854000,0.02849,-0.1752,1774054654061
binance,okx,SAHARAUSDT,0.02852000,0.02849,-0.1052,1774054654362
binance,okx,SAHARAUSDT,0.02852000,0.02849,-0.1052,1774054654663
binance,okx,SAHARAUSDT,0.02852000,0.02849,-0.1052,1774054654963
binance,okx,SAHARAUSDT,0.02852000,0.02849,-0.1052,1774054655263
binance,okx,SAHARAUSDT,0.02852000,0.02849,-0.1052,1774054655563
binance,okx,SAHARAUSDT,0.02853000,0.02849,-0.1402,1774054655864
binance,okx,SAHARAUSDT,0.02852000,0.02849,-0.1052,1774054656164
binance,okx,SAHARAUSDT,0.02852000,0.02849,-0.1052,1774054656464
binance,okx,SAHARAUSDT,0.02852000,0.02849,-0.1052,1774054656765
binance,okx,SAHARAUSDT,0.02852000,0.02848,-0.1403,1774054657065
binance,okx,SAHARAUSDT,0.02853000,0.02849,-0.1402,1774054657366
binance,okx,SAHARAUSDT,0.02853000,0.02849,-0.1402,1774054657666
binance,okx,SAHARAUSDT,0.02853000,0.02849,-0.1402,1774054657967
binance,okx,SAHARAUSDT,0.02853000,0.02849,-0.1402,1774054658267
binance,okx,SAHARAUSDT,0.02853000,0.02849,-0.1402,1774054658568
binance,okx,SAHARAUSDT,0.02853000,0.02849,-0.1402,1774054658868
binance,okx,SAHARAUSDT,0.02853000,0.02849,-0.1402,1774054659168
binance,okx,SAHARAUSDT,0.02853000,0.02849,-0.1402,1774054659468
binance,okx,SAHARAUSDT,0.02854000,0.0285,-0.1402,1774054659768
binance,okx,SAHARAUSDT,0.02854000,0.0285,-0.1402,1774054660068
binance,okx,SAHARAUSDT,0.02854000,0.0285,-0.1402,1774054660369
binance,okx,SAHARAUSDT,0.02854000,0.0285,-0.1402,1774054660669
binance,okx,SAHARAUSDT,0.02854000,0.0285,-0.1402,1774054660969
binance,okx,SAHARAUSDT,0.02854000,0.0285,-0.1402,1774054661269
binance,okx,SAHARAUSDT,0.02854000,0.0285,-0.1402,1774054661569
binance,okx,SAHARAUSDT,0.02854000,0.0285,-0.1402,1774054661869
binance,okx,SAHARAUSDT,0.02854000,0.0285,-0.1402,1774054662169
binance,okx,SAHARAUSDT,0.02854000,0.0285,-0.1402,1774054662470
binance,okx,SAHARAUSDT,0.02854000,0.0285,-0.1402,1774054662770
binance,okx,SAHARAUSDT,0.02854000,0.0285,-0.1402,1774054663070
binance,okx,SAHARAUSDT,0.02855000,0.0285,-0.1751,1774054663371
binance,okx,SAHARAUSDT,0.02855000,0.0285,-0.1751,1774054663671
binance,okx,SAHARAUSDT,0.02855000,0.0285,-0.1751,1774054663971
binance,okx,SAHARAUSDT,0.02855000,0.0285,-0.1751,1774054664272
binance,okx,SAHARAUSDT,0.02855000,0.0285,-0.1751,1774054664573
binance,okx,SAHARAUSDT,0.02855000,0.0285,-0.1751,1774054664873
binance,okx,SAHARAUSDT,0.02854000,0.0285,-0.1402,1774054665173
binance,okx,SAHARAUSDT,0.02854000,0.02849,-0.1752,1774054665473
binance,okx,SAHARAUSDT,0.02854000,0.02849,-0.1752,1774054665774
binance,okx,SAHARAUSDT,0.02854000,0.02849,-0.1752,1774054666074
binance,okx,SAHARAUSDT,0.02854000,0.02849,-0.1752,1774054666374
binance,okx,SAHARAUSDT,0.02854000,0.02849,-0.1752,1774054666674
binance,okx,SAHARAUSDT,0.02854000,0.02849,-0.1752,1774054666975
binance,okx,SAHARAUSDT,0.02854000,0.02849,-0.1752,1774054667275
binance,okx,SAHARAUSDT,0.02855000,0.02849,-0.2102,1774054667575
binance,okx,SAHARAUSDT,0.02855000,0.02849,-0.2102,1774054667876
binance,okx,SAHARAUSDT,0.02855000,0.02849,-0.2102,1774054668176
binance,okx,SAHARAUSDT,0.02855000,0.02849,-0.2102,1774054668476
binance,okx,SAHARAUSDT,0.02855000,0.02849,-0.2102,1774054668776
binance,okx,SAHARAUSDT,0.02855000,0.02849,-0.2102,1774054669076
binance,okx,SAHARAUSDT,0.02855000,0.02849,-0.2102,1774054669377
binance,okx,SAHARAUSDT,0.02855000,0.02849,-0.2102,1774054669680
binance,okx,SAHARAUSDT,0.02855000,0.02849,-0.2102,1774054669991
binance,okx,SAHARAUSDT,0.02855000,0.02849,-0.2102,1774054670297
binance,okx,SAHARAUSDT,0.02855000,0.02849,-0.2102,1774054670599
binance,okx,SAHARAUSDT,0.02855000,0.02849,-0.2102,1774054670902
binance,okx,SAHARAUSDT,0.02855000,0.02849,-0.2102,1774054671205
binance,okx,SAHARAUSDT,0.02855000,0.02849,-0.2102,1774054671506
binance,okx,SAHARAUSDT,0.02855000,0.02849,-0.2102,1774054671808
binance,okx,SAHARAUSDT,0.02855000,0.02849,-0.2102,1774054672109
binance,okx,SAHARAUSDT,0.02855000,0.02849,-0.2102,1774054672409
binance,okx,SAHARAUSDT,0.02855000,0.02849,-0.2102,1774054672710
binance,okx,SAHARAUSDT,0.02855000,0.02849,-0.2102,1774054673011
binance,okx,SAHARAUSDT,0.02855000,0.02849,-0.2102,1774054673314
binance,okx,SAHARAUSDT,0.02855000,0.02849,-0.2102,1774054673615
binance,okx,SAHARAUSDT,0.02855000,0.02849,-0.2102,1774054673917
binance,okx,SAHARAUSDT,0.02855000,0.02849,-0.2102,1774054674219
binance,okx,SAHARAUSDT,0.02856000,0.0285,-0.2101,1774054674521
binance,okx,SAHARAUSDT,0.02856000,0.0285,-0.2101,1774054674823
binance,okx,SAHARAUSDT,0.02855000,0.0285,-0.1751,1774054675126
binance,okx,SAHARAUSDT,0.02855000,0.0285,-0.1751,1774054675430
binance,okx,SAHARAUSDT,0.02856000,0.0285,-0.2101,1774054675731
binance,okx,SAHARAUSDT,0.02856000,0.0285,-0.2101,1774054676032
binance,okx,SAHARAUSDT,0.02856000,0.0285,-0.2101,1774054676333
binance,okx,SAHARAUSDT,0.02855000,0.0285,-0.1751,1774054676647
binance,okx,SAHARAUSDT,0.02855000,0.0285,-0.1751,1774054676947
binance,okx,SAHARAUSDT,0.02855000,0.0285,-0.1751,1774054677247
binance,okx,SAHARAUSDT,0.02855000,0.02849,-0.2102,1774054677547
binance,okx,SAHARAUSDT,0.02855000,0.02849,-0.2102,1774054677855
binance,okx,SAHARAUSDT,0.02855000,0.02849,-0.2102,1774054678172
binance,okx,SAHARAUSDT,0.02855000,0.02849,-0.2102,1774054678481
binance,okx,SAHARAUSDT,0.02855000,0.02849,-0.2102,1774054678787
binance,okx,SAHARAUSDT,0.02855000,0.02849,-0.2102,1774054679087
binance,okx,SAHARAUSDT,0.02855000,0.02849,-0.2102,1774054679387
binance,okx,SAHARAUSDT,0.02855000,0.02849,-0.2102,1774054679687
binance,okx,SAHARAUSDT,0.02855000,0.02849,-0.2102,1774054679988
binance,okx,SAHARAUSDT,0.02855000,0.02849,-0.2102,1774054680295
binance,okx,SAHARAUSDT,0.02855000,0.02849,-0.2102,1774054680607
binance,okx,SAHARAUSDT,0.02853000,0.02849,-0.1402,1774054680933
binance,okx,SAHARAUSDT,0.02853000,0.02848,-0.1753,1774054681243
binance,okx,SAHARAUSDT,0.02854000,0.02848,-0.2102,1774054681550
binance,okx,SAHARAUSDT,0.02854000,0.02848,-0.2102,1774054681859
binance,okx,SAHARAUSDT,0.02853000,0.02848,-0.1753,1774054682172
binance,okx,SAHARAUSDT,0.02853000,0.02848,-0.1753,1774054682485
binance,okx,SAHARAUSDT,0.02853000,0.02848,-0.1753,1774054682791
binance,okx,SAHARAUSDT,0.02853000,0.02848,-0.1753,1774054683101
binance,okx,SAHARAUSDT,0.02853000,0.02848,-0.1753,1774054683407
binance,okx,SAHARAUSDT,0.02853000,0.02847,-0.2103,1774054683709
binance,okx,SAHARAUSDT,0.02853000,0.02847,-0.2103,1774054684012
binance,okx,SAHARAUSDT,0.02853000,0.02847,-0.2103,1774054684320
binance,okx,SAHARAUSDT,0.02853000,0.02847,-0.2103,1774054684623
binance,okx,SAHARAUSDT,0.02853000,0.02847,-0.2103,1774054684930
binance,okx,SAHARAUSDT,0.02853000,0.02847,-0.2103,1774054685242
binance,okx,SAHARAUSDT,0.02851000,0.02847,-0.1403,1774054685542
binance,okx,SAHARAUSDT,0.02851000,0.02846,-0.1754,1774054685842
binance,okx,SAHARAUSDT,0.02851000,0.02846,-0.1754,1774054686142
binance,okx,SAHARAUSDT,0.02851000,0.02846,-0.1754,1774054686444
binance,okx,SAHARAUSDT,0.02851000,0.02846,-0.1754,1774054686744
binance,okx,SAHARAUSDT,0.02851000,0.02846,-0.1754,1774054687044
binance,okx,SAHARAUSDT,0.02851000,0.02846,-0.1754,1774054687346
binance,okx,SAHARAUSDT,0.02851000,0.02846,-0.1754,1774054687656
binance,okx,SAHARAUSDT,0.02851000,0.02845,-0.2105,1774054687956
binance,okx,SAHARAUSDT,0.02851000,0.02845,-0.2105,1774054688270
binance,okx,SAHARAUSDT,0.02851000,0.02845,-0.2105,1774054688571
binance,okx,SAHARAUSDT,0.02851000,0.02845,-0.2105,1774054688871
binance,okx,SAHARAUSDT,0.02851000,0.02845,-0.2105,1774054689171
binance,okx,SAHARAUSDT,0.02851000,0.02845,-0.2105,1774054689471
binance,okx,SAHARAUSDT,0.02851000,0.02845,-0.2105,1774054689771
binance,okx,SAHARAUSDT,0.02851000,0.02845,-0.2105,1774054690082
binance,okx,SAHARAUSDT,0.02851000,0.02845,-0.2105,1774054690391
binance,okx,SAHARAUSDT,0.02851000,0.02845,-0.2105,1774054690698
binance,okx,SAHARAUSDT,0.02851000,0.02845,-0.2105,1774054691003
binance,okx,SAHARAUSDT,0.02851000,0.02845,-0.2105,1774054691306
binance,okx,SAHARAUSDT,0.02851000,0.02845,-0.2105,1774054691607
binance,okx,SAHARAUSDT,0.02849000,0.02844,-0.1755,1774054691907
binance,okx,SAHARAUSDT,0.02849000,0.02844,-0.1755,1774054692209
binance,okx,SAHARAUSDT,0.02849000,0.02844,-0.1755,1774054692509
binance,okx,SAHARAUSDT,0.02849000,0.02844,-0.1755,1774054692811
binance,okx,SAHARAUSDT,0.02849000,0.02844,-0.1755,1774054693112
binance,okx,SAHARAUSDT,0.02849000,0.02844,-0.1755,1774054693413
binance,okx,SAHARAUSDT,0.02849000,0.02844,-0.1755,1774054693715
binance,okx,SAHARAUSDT,0.02849000,0.02844,-0.1755,1774054694017
binance,okx,SAHARAUSDT,0.02849000,0.02844,-0.1755,1774054694318
binance,okx,SAHARAUSDT,0.02849000,0.02844,-0.1755,1774054694619
binance,okx,SAHARAUSDT,0.02851000,0.02845,-0.2105,1774054694921
binance,okx,SAHARAUSDT,0.02850000,0.02845,-0.1754,1774054695225
binance,okx,SAHARAUSDT,0.02850000,0.02845,-0.1754,1774054695525
binance,okx,SAHARAUSDT,0.02849000,0.02841,-0.2808,1774054695829
binance,okx,SAHARAUSDT,0.02849000,0.02844,-0.1755,1774054696147
binance,okx,SAHARAUSDT,0.02849000,0.02844,-0.1755,1774054696455
binance,okx,SAHARAUSDT,0.02850000,0.02844,-0.2105,1774054696761
binance,okx,SAHARAUSDT,0.02849000,0.02844,-0.1755,1774054697061
binance,okx,SAHARAUSDT,0.02849000,0.02844,-0.1755,1774054697362
binance,okx,SAHARAUSDT,0.02849000,0.02844,-0.1755,1774054697672
binance,okx,SAHARAUSDT,0.02850000,0.02844,-0.2105,1774054697972
binance,okx,SAHARAUSDT,0.02850000,0.02844,-0.2105,1774054698273
binance,okx,SAHARAUSDT,0.02850000,0.02844,-0.2105,1774054698573
binance,okx,SAHARAUSDT,0.02850000,0.02843,-0.2456,1774054698874
binance,okx,SAHARAUSDT,0.02850000,0.02843,-0.2456,1774054699174
binance,okx,SAHARAUSDT,0.02850000,0.02844,-0.2105,1774054699474
binance,okx,SAHARAUSDT,0.02850000,0.02845,-0.1754,1774054699774
binance,okx,SAHARAUSDT,0.02850000,0.02845,-0.1754,1774054700074
binance,okx,SAHARAUSDT,0.02850000,0.02845,-0.1754,1774054700375
binance,okx,SAHARAUSDT,0.02850000,0.02845,-0.1754,1774054700689
binance,okx,SAHARAUSDT,0.02850000,0.02845,-0.1754,1774054700989
binance,okx,SAHARAUSDT,0.02850000,0.02845,-0.1754,1774054701290
binance,okx,SAHARAUSDT,0.02850000,0.02846,-0.1404,1774054701590
binance,okx,SAHARAUSDT,0.02850000,0.02846,-0.1404,1774054701891
binance,okx,SAHARAUSDT,0.02849000,0.02845,-0.1404,1774054702191
binance,okx,SAHARAUSDT,0.02849000,0.02845,-0.1404,1774054702491
binance,okx,SAHARAUSDT,0.02849000,0.02845,-0.1404,1774054702791
binance,okx,SAHARAUSDT,0.02849000,0.02845,-0.1404,1774054703092
binance,okx,SAHARAUSDT,0.02849000,0.02845,-0.1404,1774054703392
binance,okx,SAHARAUSDT,0.02847000,0.02844,-0.1054,1774054703692
binance,okx,SAHARAUSDT,0.02849000,0.02844,-0.1755,1774054703994
binance,okx,SAHARAUSDT,0.02849000,0.02845,-0.1404,1774054704294
binance,okx,SAHARAUSDT,0.02849000,0.02845,-0.1404,1774054704595
binance,okx,SAHARAUSDT,0.02849000,0.02845,-0.1404,1774054704895
binance,okx,SAHARAUSDT,0.02849000,0.02845,-0.1404,1774054705196
binance,okx,SAHARAUSDT,0.02849000,0.02845,-0.1404,1774054705499
binance,okx,SAHARAUSDT,0.02848000,0.02844,-0.1404,1774054705802
binance,okx,SAHARAUSDT,0.02848000,0.02844,-0.1404,1774054706106
binance,okx,SAHARAUSDT,0.02849000,0.02845,-0.1404,1774054706409
binance,okx,SAHARAUSDT,0.02849000,0.02845,-0.1404,1774054706709
binance,okx,SAHARAUSDT,0.02849000,0.02845,-0.1404,1774054707009
binance,okx,SAHARAUSDT,0.02849000,0.02845,-0.1404,1774054707312
binance,okx,SAHARAUSDT,0.02849000,0.02845,-0.1404,1774054707615
binance,okx,SAHARAUSDT,0.02849000,0.02845,-0.1404,1774054707917
binance,okx,SAHARAUSDT,0.02849000,0.02845,-0.1404,1774054708218
binance,okx,SAHARAUSDT,0.02849000,0.02845,-0.1404,1774054708519
binance,okx,SAHARAUSDT,0.02849000,0.02845,-0.1404,1774054708820
binance,okx,SAHARAUSDT,0.02849000,0.02845,-0.1404,1774054709128
binance,okx,SAHARAUSDT,0.02849000,0.02845,-0.1404,1774054709430
binance,okx,SAHARAUSDT,0.02849000,0.02845,-0.1404,1774054709730
binance,okx,SAHARAUSDT,0.02849000,0.02845,-0.1404,1774054710030
binance,okx,SAHARAUSDT,0.02849000,0.02845,-0.1404,1774054710337
binance,okx,SAHARAUSDT,0.02849000,0.02845,-0.1404,1774054710637
binance,okx,SAHARAUSDT,0.02850000,0.02845,-0.1754,1774054710937
binance,okx,SAHARAUSDT,0.02852000,0.02848,-0.1403,1774054711238
binance,okx,SAHARAUSDT,0.02856000,0.02852,-0.1401,1774054711538
binance,okx,SAHARAUSDT,0.02855000,0.02853,-0.0701,1774054711838
binance,okx,SAHARAUSDT,0.02855000,0.02853,-0.0701,1774054712138
binance,okx,SAHARAUSDT,0.02855000,0.02853,-0.0701,1774054712438
binance,okx,SAHARAUSDT,0.02855000,0.02853,-0.0701,1774054712742
binance,okx,SAHARAUSDT,0.02855000,0.02853,-0.0701,1774054713042
binance,okx,SAHARAUSDT,0.02856000,0.02854,-0.07,1774054713344
binance,okx,SAHARAUSDT,0.02856000,0.02854,-0.07,1774054713644
binance,okx,SAHARAUSDT,0.02856000,0.02853,-0.105,1774054713956
binance,okx,SAHARAUSDT,0.02856000,0.02853,-0.105,1774054714264
binance,okx,SAHARAUSDT,0.02856000,0.02853,-0.105,1774054714576
binance,okx,SAHARAUSDT,0.02853000,0.02853,0.0,1774054714876
binance,okx,SAHARAUSDT,0.02852000,0.02849,-0.1052,1774054715176
binance,okx,SAHARAUSDT,0.02854000,0.02849,-0.1752,1774054715476
binance,okx,SAHARAUSDT,0.02854000,0.02849,-0.1752,1774054715778
binance,okx,SAHARAUSDT,0.02854000,0.02849,-0.1752,1774054716093
binance,okx,SAHARAUSDT,0.02854000,0.02849,-0.1752,1774054716393
binance,okx,SAHARAUSDT,0.02854000,0.02849,-0.1752,1774054716693
binance,okx,SAHARAUSDT,0.02854000,0.02849,-0.1752,1774054716993
binance,okx,SAHARAUSDT,0.02854000,0.02849,-0.1752,1774054717294
binance,okx,SAHARAUSDT,0.02854000,0.02849,-0.1752,1774054717595
binance,okx,SAHARAUSDT,0.02854000,0.02849,-0.1752,1774054717895
binance,okx,SAHARAUSDT,0.02854000,0.02849,-0.1752,1774054718196
binance,okx,SAHARAUSDT,0.02854000,0.02849,-0.1752,1774054718500
binance,okx,SAHARAUSDT,0.02854000,0.02849,-0.1752,1774054718803
binance,okx,SAHARAUSDT,0.02854000,0.02849,-0.1752,1774054719105
binance,okx,SAHARAUSDT,0.02854000,0.02849,-0.1752,1774054719407
binance,okx,SAHARAUSDT,0.02854000,0.02849,-0.1752,1774054719707
binance,okx,SAHARAUSDT,0.02854000,0.02849,-0.1752,1774054720007
binance,okx,SAHARAUSDT,0.02855000,0.0285,-0.1751,1774054720309
binance,okx,SAHARAUSDT,0.02855000,0.0285,-0.1751,1774054720610
binance,okx,SAHARAUSDT,0.02855000,0.0285,-0.1751,1774054720911
binance,okx,SAHARAUSDT,0.02855000,0.0285,-0.1751,1774054721213
binance,okx,SAHARAUSDT,0.02855000,0.0285,-0.1751,1774054721514
binance,okx,SAHARAUSDT,0.02855000,0.0285,-0.1751,1774054721817
binance,okx,SAHARAUSDT,0.02855000,0.0285,-0.1751,1774054722121
binance,okx,SAHARAUSDT,0.02854000,0.0285,-0.1402,1774054722423
binance,okx,SAHARAUSDT,0.02854000,0.02849,-0.1752,1774054722729
binance,okx,SAHARAUSDT,0.02854000,0.02849,-0.1752,1774054723030
binance,okx,SAHARAUSDT,0.02852000,0.02848,-0.1403,1774054723333
binance,okx,SAHARAUSDT,0.02852000,0.02848,-0.1403,1774054723633
binance,okx,SAHARAUSDT,0.02852000,0.02848,-0.1403,1774054723933
binance,okx,SAHARAUSDT,0.02852000,0.02848,-0.1403,1774054724234
binance,okx,SAHARAUSDT,0.02852000,0.02848,-0.1403,1774054724534
binance,okx,SAHARAUSDT,0.02852000,0.02848,-0.1403,1774054724834
binance,okx,SAHARAUSDT,0.02852000,0.02848,-0.1403,1774054725134
binance,okx,SAHARAUSDT,0.02852000,0.02848,-0.1403,1774054725435
binance,okx,SAHARAUSDT,0.02852000,0.02848,-0.1403,1774054725736
binance,okx,SAHARAUSDT,0.02852000,0.02848,-0.1403,1774054726036
binance,okx,SAHARAUSDT,0.02852000,0.02848,-0.1403,1774054726336
binance,okx,SAHARAUSDT,0.02852000,0.02848,-0.1403,1774054726636
binance,okx,SAHARAUSDT,0.02852000,0.02848,-0.1403,1774054726936
binance,okx,SAHARAUSDT,0.02852000,0.02848,-0.1403,1774054727236
binance,okx,SAHARAUSDT,0.02852000,0.02847,-0.1753,1774054727536
binance,okx,SAHARAUSDT,0.02853000,0.02847,-0.2103,1774054727836
binance,okx,SAHARAUSDT,0.02853000,0.02847,-0.2103,1774054728136
binance,okx,SAHARAUSDT,0.02853000,0.02847,-0.2103,1774054728436
binance,okx,SAHARAUSDT,0.02853000,0.02847,-0.2103,1774054728736
binance,okx,SAHARAUSDT,0.02853000,0.02847,-0.2103,1774054729037
binance,okx,SAHARAUSDT,0.02853000,0.02847,-0.2103,1774054729337
binance,okx,SAHARAUSDT,0.02853000,0.02847,-0.2103,1774054729638
binance,okx,SAHARAUSDT,0.02853000,0.02847,-0.2103,1774054729938
binance,okx,SAHARAUSDT,0.02853000,0.02847,-0.2103,1774054730239
binance,okx,SAHARAUSDT,0.02853000,0.02847,-0.2103,1774054730539
binance,okx,SAHARAUSDT,0.02853000,0.02847,-0.2103,1774054730839
binance,okx,SAHARAUSDT,0.02853000,0.02847,-0.2103,1774054731157
binance,okx,SAHARAUSDT,0.02853000,0.02847,-0.2103,1774054731463
binance,okx,SAHARAUSDT,0.02853000,0.02847,-0.2103,1774054731763
binance,okx,SAHARAUSDT,0.02853000,0.02847,-0.2103,1774054732064
binance,okx,SAHARAUSDT,0.02853000,0.02847,-0.2103,1774054732364
binance,okx,SAHARAUSDT,0.02853000,0.02847,-0.2103,1774054732664
binance,okx,SAHARAUSDT,0.02853000,0.02847,-0.2103,1774054732964
binance,okx,SAHARAUSDT,0.02853000,0.02847,-0.2103,1774054733264
binance,okx,SAHARAUSDT,0.02853000,0.02847,-0.2103,1774054733565
binance,okx,SAHARAUSDT,0.02853000,0.02848,-0.1753,1774054733865
binance,okx,SAHARAUSDT,0.02853000,0.02848,-0.1753,1774054734166
binance,okx,SAHARAUSDT,0.02853000,0.02848,-0.1753,1774054734466
binance,okx,SAHARAUSDT,0.02853000,0.02848,-0.1753,1774054734766
binance,okx,SAHARAUSDT,0.02853000,0.02848,-0.1753,1774054735066
binance,okx,SAHARAUSDT,0.02853000,0.02848,-0.1753,1774054735366
binance,okx,SAHARAUSDT,0.02853000,0.02848,-0.1753,1774054735666
binance,okx,SAHARAUSDT,0.02853000,0.02848,-0.1753,1774054735977
binance,okx,SAHARAUSDT,0.02853000,0.02848,-0.1753,1774054736287
binance,okx,SAHARAUSDT,0.02853000,0.02848,-0.1753,1774054736599
binance,okx,SAHARAUSDT,0.02853000,0.02848,-0.1753,1774054736913
binance,okx,SAHARAUSDT,0.02853000,0.02848,-0.1753,1774054737220
binance,okx,SAHARAUSDT,0.02854000,0.02849,-0.1752,1774054737528
binance,okx,SAHARAUSDT,0.02854000,0.02849,-0.1752,1774054737838
binance,okx,SAHARAUSDT,0.02854000,0.02849,-0.1752,1774054738149
binance,okx,SAHARAUSDT,0.02853000,0.02849,-0.1402,1774054738449
binance,okx,SAHARAUSDT,0.02853000,0.02849,-0.1402,1774054738749
binance,okx,SAHARAUSDT,0.02853000,0.02849,-0.1402,1774054739050
binance,okx,SAHARAUSDT,0.02854000,0.02851,-0.1051,1774054739350
binance,okx,SAHARAUSDT,0.02853000,0.0285,-0.1052,1774054739650
binance,okx,SAHARAUSDT,0.02853000,0.0285,-0.1052,1774054739950
binance,okx,SAHARAUSDT,0.02853000,0.0285,-0.1052,1774054740262
binance,okx,SAHARAUSDT,0.02853000,0.0285,-0.1052,1774054740578
binance,okx,SAHARAUSDT,0.02851000,0.0285,-0.0351,1774054740884
binance,okx,SAHARAUSDT,0.02851000,0.02848,-0.1052,1774054741188
binance,okx,SAHARAUSDT,0.02851000,0.02848,-0.1052,1774054741496
binance,okx,SAHARAUSDT,0.02851000,0.02848,-0.1052,1774054741799
binance,okx,SAHARAUSDT,0.02851000,0.02848,-0.1052,1774054742108
binance,okx,SAHARAUSDT,0.02849000,0.02847,-0.0702,1774054742411
binance,okx,SAHARAUSDT,0.02849000,0.02847,-0.0702,1774054742713
binance,okx,SAHARAUSDT,0.02849000,0.02847,-0.0702,1774054743017
binance,okx,SAHARAUSDT,0.02850000,0.02847,-0.1053,1774054743321
binance,okx,SAHARAUSDT,0.02850000,0.02847,-0.1053,1774054743624
binance,okx,SAHARAUSDT,0.02850000,0.02847,-0.1053,1774054743930
binance,okx,SAHARAUSDT,0.02849000,0.02845,-0.1404,1774054744235
binance,okx,SAHARAUSDT,0.02846000,0.02844,-0.0703,1774054744535
binance,okx,SAHARAUSDT,0.02846000,0.02844,-0.0703,1774054744836
binance,okx,SAHARAUSDT,0.02847000,0.02844,-0.1054,1774054745139
binance,okx,SAHARAUSDT,0.02847000,0.02844,-0.1054,1774054745439
binance,okx,SAHARAUSDT,0.02847000,0.02844,-0.1054,1774054745740
binance,okx,SAHARAUSDT,0.02847000,0.02844,-0.1054,1774054746040
binance,okx,SAHARAUSDT,0.02847000,0.02844,-0.1054,1774054746343
binance,okx,SAHARAUSDT,0.02847000,0.02844,-0.1054,1774054746644
binance,okx,SAHARAUSDT,0.02847000,0.02844,-0.1054,1774054746944
binance,okx,SAHARAUSDT,0.02847000,0.02844,-0.1054,1774054747244
binance,okx,SAHARAUSDT,0.02847000,0.02844,-0.1054,1774054747544
binance,okx,SAHARAUSDT,0.02847000,0.02844,-0.1054,1774054747844
binance,okx,SAHARAUSDT,0.02847000,0.02844,-0.1054,1774054748144
binance,okx,SAHARAUSDT,0.02847000,0.02844,-0.1054,1774054748444
binance,okx,SAHARAUSDT,0.02847000,0.02844,-0.1054,1774054748744
binance,okx,SAHARAUSDT,0.02847000,0.02844,-0.1054,1774054749045
binance,okx,SAHARAUSDT,0.02847000,0.02844,-0.1054,1774054749345
binance,okx,SAHARAUSDT,0.02847000,0.02844,-0.1054,1774054749645
binance,okx,SAHARAUSDT,0.02847000,0.02844,-0.1054,1774054749945
binance,okx,SAHARAUSDT,0.02847000,0.02844,-0.1054,1774054750245
binance,okx,SAHARAUSDT,0.02847000,0.02844,-0.1054,1774054750546
binance,okx,SAHARAUSDT,0.02847000,0.02844,-0.1054,1774054750846
binance,okx,SAHARAUSDT,0.02847000,0.02844,-0.1054,1774054751146
binance,okx,SAHARAUSDT,0.02847000,0.02844,-0.1054,1774054751446
binance,okx,SAHARAUSDT,0.02847000,0.02844,-0.1054,1774054751746
binance,okx,SAHARAUSDT,0.02847000,0.02844,-0.1054,1774054752048
binance,okx,SAHARAUSDT,0.02847000,0.02846,-0.0351,1774054752357
binance,okx,SAHARAUSDT,0.02852000,0.02848,-0.1403,1774054752657
binance,okx,SAHARAUSDT,0.02852000,0.02849,-0.1052,1774054752957
binance,okx,SAHARAUSDT,0.02852000,0.02849,-0.1052,1774054753258
binance,okx,SAHARAUSDT,0.02852000,0.02849,-0.1052,1774054753558
binance,okx,SAHARAUSDT,0.02852000,0.02849,-0.1052,1774054753858
binance,okx,SAHARAUSDT,0.02852000,0.02849,-0.1052,1774054754158
binance,okx,SAHARAUSDT,0.02852000,0.02849,-0.1052,1774054754458
binance,okx,SAHARAUSDT,0.02852000,0.02849,-0.1052,1774054754770
binance,okx,SAHARAUSDT,0.02852000,0.02849,-0.1052,1774054755082
binance,okx,SAHARAUSDT,0.02851000,0.02849,-0.0702,1774054755396
binance,okx,SAHARAUSDT,0.02852000,0.02849,-0.1052,1774054755701
binance,okx,SAHARAUSDT,0.02852000,0.02848,-0.1403,1774054756009
binance,okx,SAHARAUSDT,0.02852000,0.02848,-0.1403,1774054756322
binance,okx,SAHARAUSDT,0.02852000,0.02848,-0.1403,1774054756645
binance,okx,SAHARAUSDT,0.02852000,0.02848,-0.1403,1774054756946
binance,okx,SAHARAUSDT,0.02852000,0.02848,-0.1403,1774054757248
binance,okx,SAHARAUSDT,0.02852000,0.02848,-0.1403,1774054757548
binance,okx,SAHARAUSDT,0.02852000,0.02848,-0.1403,1774054757848
binance,okx,SAHARAUSDT,0.02852000,0.02848,-0.1403,1774054758149
binance,okx,SAHARAUSDT,0.02852000,0.02848,-0.1403,1774054758449
binance,okx,SAHARAUSDT,0.02852000,0.02848,-0.1403,1774054758749
binance,okx,SAHARAUSDT,0.02852000,0.02848,-0.1403,1774054759049
binance,okx,SAHARAUSDT,0.02852000,0.02848,-0.1403,1774054759349
binance,okx,SAHARAUSDT,0.02852000,0.02848,-0.1403,1774054759650
binance,okx,SAHARAUSDT,0.02852000,0.02848,-0.1403,1774054759950
binance,okx,SAHARAUSDT,0.02852000,0.02848,-0.1403,1774054760251
binance,okx,SAHARAUSDT,0.02852000,0.02848,-0.1403,1774054760552
binance,okx,SAHARAUSDT,0.02851000,0.02848,-0.1052,1774054760852
binance,okx,SAHARAUSDT,0.02851000,0.02848,-0.1052,1774054761153
binance,okx,SAHARAUSDT,0.02851000,0.02848,-0.1052,1774054761453
binance,okx,SAHARAUSDT,0.02851000,0.02848,-0.1052,1774054761753
binance,okx,SAHARAUSDT,0.02851000,0.02848,-0.1052,1774054762054
binance,okx,SAHARAUSDT,0.02851000,0.02848,-0.1052,1774054762354
binance,okx,SAHARAUSDT,0.02851000,0.02848,-0.1052,1774054762655
binance,okx,SAHARAUSDT,0.02851000,0.02848,-0.1052,1774054762955
binance,okx,SAHARAUSDT,0.02851000,0.02848,-0.1052,1774054763255
binance,okx,SAHARAUSDT,0.02851000,0.02848,-0.1052,1774054763555
binance,okx,SAHARAUSDT,0.02851000,0.02848,-0.1052,1774054763855
binance,okx,SAHARAUSDT,0.02851000,0.02848,-0.1052,1774054764156
binance,okx,SAHARAUSDT,0.02851000,0.02848,-0.1052,1774054764457
binance,okx,SAHARAUSDT,0.02851000,0.02848,-0.1052,1774054764758
binance,okx,SAHARAUSDT,0.02851000,0.02848,-0.1052,1774054765058
binance,okx,SAHARAUSDT,0.02851000,0.02848,-0.1052,1774054765358
binance,okx,SAHARAUSDT,0.02851000,0.02848,-0.1052,1774054765658
binance,okx,SAHARAUSDT,0.02851000,0.02848,-0.1052,1774054765958
binance,okx,SAHARAUSDT,0.02851000,0.02848,-0.1052,1774054766258
binance,okx,SAHARAUSDT,0.02852000,0.02848,-0.1403,1774054766558
binance,okx,SAHARAUSDT,0.02852000,0.02848,-0.1403,1774054766859
binance,okx,SAHARAUSDT,0.02852000,0.02848,-0.1403,1774054767159
binance,okx,SAHARAUSDT,0.02852000,0.02848,-0.1403,1774054767459
binance,okx,SAHARAUSDT,0.02852000,0.02848,-0.1403,1774054767759
binance,okx,SAHARAUSDT,0.02852000,0.02848,-0.1403,1774054768060
binance,okx,SAHARAUSDT,0.02852000,0.02848,-0.1403,1774054768360
binance,okx,SAHARAUSDT,0.02852000,0.02848,-0.1403,1774054768661
binance,okx,SAHARAUSDT,0.02852000,0.02848,-0.1403,1774054768961
binance,okx,SAHARAUSDT,0.02852000,0.02848,-0.1403,1774054769261
binance,okx,SAHARAUSDT,0.02852000,0.02848,-0.1403,1774054769562
binance,okx,SAHARAUSDT,0.02852000,0.02848,-0.1403,1774054769875
binance,okx,SAHARAUSDT,0.02852000,0.02848,-0.1403,1774054770176
binance,okx,SAHARAUSDT,0.02849000,0.02848,-0.0351,1774054770476
binance,okx,SAHARAUSDT,0.02849000,0.02846,-0.1053,1774054770785
binance,okx,SAHARAUSDT,0.02844000,0.02843,-0.0352,1774054771085
binance,okx,SAHARAUSDT,0.02841000,0.02841,0.0,1774054771386
binance,okx,SAHARAUSDT,0.02839000,0.02839,0.0,1774054771686
binance,okx,SAHARAUSDT,0.02841000,0.02839,-0.0704,1774054771986
binance,okx,SAHARAUSDT,0.02841000,0.02839,-0.0704,1774054772286
binance,okx,SAHARAUSDT,0.02841000,0.02839,-0.0704,1774054772586
binance,okx,SAHARAUSDT,0.02841000,0.02839,-0.0704,1774054772886
binance,okx,SAHARAUSDT,0.02841000,0.02839,-0.0704,1774054773187
