spot_exch,fut_exch,symbol,ask_spot,bid_futures,spread_pct,ts
binance,gate,FUNUSDT,0.00139100,0.03087,2119.2667,1774050046000
binance,gate,FUNUSDT,0.00139200,0.03087,2117.6724,1774050136000
binance,gate,FUNUSDT,0.00139200,0.03087,2117.6724,1774050185000
binance,gate,FUNUSDT,0.00139200,0.0309,2119.8276,1774050197000
binance,gate,FUNUSDT,0.00139200,0.03091,2120.546,1774050203000
binance,gate,FUNUSDT,0.00139300,0.03094,2121.1055,1774050262000
binance,gate,FUNUSDT,0.00139300,0.03094,2121.1055,1774050322000
binance,gate,FUNUSDT,0.00139300,0.03094,2121.1055,1774050334000
binance,gate,FUNUSDT,0.00139300,0.03094,2121.1055,1774050335000
binance,gate,FUNUSDT,0.00139300,0.03094,2121.1055,1774050347000
binance,gate,FUNUSDT,0.00139300,0.03091,2118.9519,1774050462000
binance,gate,FUNUSDT,0.00139300,0.03094,2121.1055,1774050467000
binance,gate,FUNUSDT,0.00139300,0.03094,2121.1055,1774050468000
binance,gate,FUNUSDT,0.00139300,0.03096,2122.5413,1774050473000
binance,gate,FUNUSDT,0.00139300,0.03096,2122.5413,1774050479000
binance,gate,FUNUSDT,0.00139300,0.03097,2123.2592,1774050484000
binance,gate,FUNUSDT,0.00139300,0.03097,2123.2592,1774050491000
binance,gate,FUNUSDT,0.00139300,0.03099,2124.6949,1774050510000
binance,gate,FUNUSDT,0.00139300,0.03099,2124.6949,1774050533000
binance,gate,FUNUSDT,0.00139300,0.03102,2126.8485,1774050551000
binance,gate,FUNUSDT,0.00139300,0.03102,2126.8485,1774050552000
binance,gate,FUNUSDT,0.00139400,0.03105,2127.4032,1774050607000
binance,gate,FUNUSDT,0.00139400,0.03105,2127.4032,1774050614000
binance,gate,FUNUSDT,0.00139500,0.03105,2125.8065,1774050624000
binance,gate,FUNUSDT,0.00139500,0.03105,2125.8065,1774050629000
binance,gate,FUNUSDT,0.00139600,0.03105,2124.212,1774050634000
binance,gate,FUNUSDT,0.00139600,0.03105,2124.212,1774050666000
binance,gate,FUNUSDT,0.00139600,0.03105,2124.212,1774050694000
binance,gate,FUNUSDT,0.00139100,0.03105,2132.207,1774050695000
binance,gate,FUNUSDT,0.00139100,0.03111,2136.5205,1774050719000
binance,gate,FUNUSDT,0.00139100,0.03115,2139.3961,1774050759000
binance,gate,FUNUSDT,0.00139100,0.03106,2132.926,1774050849000
binance,gate,FUNUSDT,0.00139100,0.03106,2132.926,1774050876000
binance,gate,FUNUSDT,0.00139300,0.03119,2139.0524,1774053608566
binance,gate,FUNUSDT,0.00139300,0.03119,2139.0524,1774053608866
binance,gate,FUNUSDT,0.00139300,0.03119,2139.0524,1774053609171
binance,gate,FUNUSDT,0.00139300,0.03119,2139.0524,1774053609472
binance,gate,FUNUSDT,0.00139300,0.03119,2139.0524,1774053609772
binance,gate,FUNUSDT,0.00139300,0.03119,2139.0524,1774053610072
binance,gate,FUNUSDT,0.00139300,0.03119,2139.0524,1774053610373
binance,gate,FUNUSDT,0.00139300,0.03119,2139.0524,1774053610673
binance,gate,FUNUSDT,0.00139300,0.03119,2139.0524,1774053610974
binance,gate,FUNUSDT,0.00139300,0.03119,2139.0524,1774053611275
binance,gate,FUNUSDT,0.00139300,0.03119,2139.0524,1774053611575
binance,gate,FUNUSDT,0.00139300,0.03119,2139.0524,1774053611883
binance,gate,FUNUSDT,0.00139300,0.03119,2139.0524,1774053612186
binance,gate,FUNUSDT,0.00139300,0.03119,2139.0524,1774053612487
binance,gate,FUNUSDT,0.00139300,0.03119,2139.0524,1774053612787
binance,gate,FUNUSDT,0.00139300,0.03119,2139.0524,1774053613087
binance,gate,FUNUSDT,0.00139300,0.03119,2139.0524,1774053613387
binance,gate,FUNUSDT,0.00139300,0.03119,2139.0524,1774053613688
binance,gate,FUNUSDT,0.00139300,0.03119,2139.0524,1774053613988
binance,gate,FUNUSDT,0.00139300,0.03119,2139.0524,1774053614288
binance,gate,FUNUSDT,0.00139300,0.03119,2139.0524,1774053614588
binance,gate,FUNUSDT,0.00139300,0.03119,2139.0524,1774053614888
binance,gate,FUNUSDT,0.00139300,0.03119,2139.0524,1774053615188
binance,gate,FUNUSDT,0.00139300,0.03119,2139.0524,1774053615488
binance,gate,FUNUSDT,0.00139300,0.03119,2139.0524,1774053615788
binance,gate,FUNUSDT,0.00139300,0.03119,2139.0524,1774053616089
binance,gate,FUNUSDT,0.00139300,0.03119,2139.0524,1774053616389
binance,gate,FUNUSDT,0.00139300,0.03119,2139.0524,1774053616689
binance,gate,FUNUSDT,0.00139300,0.03119,2139.0524,1774053616989
binance,gate,FUNUSDT,0.00139300,0.03119,2139.0524,1774053617290
binance,gate,FUNUSDT,0.00139300,0.03119,2139.0524,1774053617590
binance,gate,FUNUSDT,0.00139300,0.03119,2139.0524,1774053617890
binance,gate,FUNUSDT,0.00139300,0.03119,2139.0524,1774053618190
binance,gate,FUNUSDT,0.00139300,0.03119,2139.0524,1774053618490
binance,gate,FUNUSDT,0.00139300,0.03119,2139.0524,1774053618791
binance,gate,FUNUSDT,0.00139300,0.03119,2139.0524,1774053619091
binance,gate,FUNUSDT,0.00139300,0.03119,2139.0524,1774053619391
binance,gate,FUNUSDT,0.00139300,0.03119,2139.0524,1774053619691
binance,gate,FUNUSDT,0.00139300,0.03119,2139.0524,1774053619992
binance,gate,FUNUSDT,0.00139300,0.03119,2139.0524,1774053620292
binance,gate,FUNUSDT,0.00139300,0.03119,2139.0524,1774053620593
binance,gate,FUNUSDT,0.00139300,0.03119,2139.0524,1774053620893
binance,gate,FUNUSDT,0.00139300,0.03119,2139.0524,1774053621193
binance,gate,FUNUSDT,0.00139300,0.03119,2139.0524,1774053621493
binance,gate,FUNUSDT,0.00139300,0.03119,2139.0524,1774053621794
binance,gate,FUNUSDT,0.00139300,0.03119,2139.0524,1774053622094
binance,gate,FUNUSDT,0.00139300,0.03119,2139.0524,1774053622394
binance,gate,FUNUSDT,0.00139300,0.03119,2139.0524,1774053622694
binance,gate,FUNUSDT,0.00139300,0.03119,2139.0524,1774053622995
binance,gate,FUNUSDT,0.00139300,0.03119,2139.0524,1774053623295
binance,gate,FUNUSDT,0.00139300,0.03119,2139.0524,1774053623596
binance,gate,FUNUSDT,0.00139300,0.03119,2139.0524,1774053623897
binance,gate,FUNUSDT,0.00139300,0.03119,2139.0524,1774053624201
binance,gate,FUNUSDT,0.00139300,0.03119,2139.0524,1774053624508
binance,gate,FUNUSDT,0.00139300,0.03119,2139.0524,1774053624809
binance,gate,FUNUSDT,0.00139300,0.03119,2139.0524,1774053625123
binance,gate,FUNUSDT,0.00139300,0.03119,2139.0524,1774053625432
binance,gate,FUNUSDT,0.00139300,0.03119,2139.0524,1774053625739
binance,gate,FUNUSDT,0.00139300,0.03119,2139.0524,1774053626055
binance,gate,FUNUSDT,0.00139300,0.03119,2139.0524,1774053626355
binance,gate,FUNUSDT,0.00139300,0.03119,2139.0524,1774053626656
binance,gate,FUNUSDT,0.00139300,0.03119,2139.0524,1774053626956
binance,gate,FUNUSDT,0.00139300,0.03119,2139.0524,1774053627257
binance,gate,FUNUSDT,0.00139300,0.03119,2139.0524,1774053627557
binance,gate,FUNUSDT,0.00139300,0.03119,2139.0524,1774053627870
binance,gate,FUNUSDT,0.00139300,0.03119,2139.0524,1774053628181
binance,gate,FUNUSDT,0.00139300,0.03119,2139.0524,1774053628485
binance,gate,FUNUSDT,0.00139300,0.03119,2139.0524,1774053628785
binance,gate,FUNUSDT,0.00139300,0.03119,2139.0524,1774053629085
binance,gate,FUNUSDT,0.00139300,0.03119,2139.0524,1774053629385
binance,gate,FUNUSDT,0.00139300,0.03119,2139.0524,1774053629685
binance,gate,FUNUSDT,0.00139300,0.03119,2139.0524,1774053629985
binance,gate,FUNUSDT,0.00139300,0.03119,2139.0524,1774053630285
binance,gate,FUNUSDT,0.00139300,0.03119,2139.0524,1774053630585
binance,gate,FUNUSDT,0.00139300,0.03119,2139.0524,1774053630885
binance,gate,FUNUSDT,0.00139300,0.03119,2139.0524,1774053631186
binance,gate,FUNUSDT,0.00139300,0.03119,2139.0524,1774053631487
binance,gate,FUNUSDT,0.00139300,0.03119,2139.0524,1774053631787
binance,gate,FUNUSDT,0.00139300,0.03119,2139.0524,1774053632087
binance,gate,FUNUSDT,0.00139300,0.03119,2139.0524,1774053632388
binance,gate,FUNUSDT,0.00139300,0.03119,2139.0524,1774053632688
binance,gate,FUNUSDT,0.00139300,0.03119,2139.0524,1774053632988
binance,gate,FUNUSDT,0.00139300,0.03119,2139.0524,1774053633288
binance,gate,FUNUSDT,0.00139300,0.03119,2139.0524,1774053633588
binance,gate,FUNUSDT,0.00139300,0.03119,2139.0524,1774053633888
binance,gate,FUNUSDT,0.00139300,0.03119,2139.0524,1774053634188
binance,gate,FUNUSDT,0.00139300,0.03119,2139.0524,1774053634488
binance,gate,FUNUSDT,0.00139300,0.03119,2139.0524,1774053634789
binance,gate,FUNUSDT,0.00139300,0.03119,2139.0524,1774053635089
binance,gate,FUNUSDT,0.00139300,0.03119,2139.0524,1774053635389
binance,gate,FUNUSDT,0.00139300,0.03119,2139.0524,1774053635689
binance,gate,FUNUSDT,0.00139300,0.03119,2139.0524,1774053635989
binance,gate,FUNUSDT,0.00139300,0.03119,2139.0524,1774053636291
binance,gate,FUNUSDT,0.00139300,0.03119,2139.0524,1774053636591
binance,gate,FUNUSDT,0.00139300,0.03119,2139.0524,1774053636891
binance,gate,FUNUSDT,0.00139300,0.03119,2139.0524,1774053637192
binance,gate,FUNUSDT,0.00139300,0.03119,2139.0524,1774053637492
binance,gate,FUNUSDT,0.00139300,0.03119,2139.0524,1774053637792
binance,gate,FUNUSDT,0.00139300,0.03119,2139.0524,1774053638094
binance,gate,FUNUSDT,0.00139300,0.03119,2139.0524,1774053638394
binance,gate,FUNUSDT,0.00139300,0.03119,2139.0524,1774053638695
binance,gate,FUNUSDT,0.00139300,0.03119,2139.0524,1774053638995
binance,gate,FUNUSDT,0.00139300,0.03119,2139.0524,1774053639296
binance,gate,FUNUSDT,0.00139300,0.03119,2139.0524,1774053639598
binance,gate,FUNUSDT,0.00139300,0.03119,2139.0524,1774053639900
binance,gate,FUNUSDT,0.00139300,0.03119,2139.0524,1774053640205
binance,gate,FUNUSDT,0.00139300,0.03119,2139.0524,1774053640509
binance,gate,FUNUSDT,0.00139300,0.03119,2139.0524,1774053640809
binance,gate,FUNUSDT,0.00139300,0.03119,2139.0524,1774053641110
binance,gate,FUNUSDT,0.00139300,0.03119,2139.0524,1774053641410
binance,gate,FUNUSDT,0.00139300,0.03119,2139.0524,1774053641711
binance,gate,FUNUSDT,0.00139300,0.03119,2139.0524,1774053642014
binance,gate,FUNUSDT,0.00139300,0.03119,2139.0524,1774053642321
binance,gate,FUNUSDT,0.00139300,0.03119,2139.0524,1774053642623
binance,gate,FUNUSDT,0.00139300,0.03119,2139.0524,1774053642930
binance,gate,FUNUSDT,0.00139300,0.03119,2139.0524,1774053643232
binance,gate,FUNUSDT,0.00139300,0.03119,2139.0524,1774053643535
binance,gate,FUNUSDT,0.00139300,0.03119,2139.0524,1774053643839
binance,gate,FUNUSDT,0.00139300,0.03119,2139.0524,1774053644141
binance,gate,FUNUSDT,0.00139300,0.03119,2139.0524,1774053644442
binance,gate,FUNUSDT,0.00139300,0.03119,2139.0524,1774053644742
binance,gate,FUNUSDT,0.00139300,0.03119,2139.0524,1774053645042
binance,gate,FUNUSDT,0.00139300,0.03119,2139.0524,1774053645344
binance,gate,FUNUSDT,0.00139300,0.03119,2139.0524,1774053645655
binance,gate,FUNUSDT,0.00139300,0.03119,2139.0524,1774053645970
binance,gate,FUNUSDT,0.00139300,0.03119,2139.0524,1774053646277
binance,gate,FUNUSDT,0.00139300,0.03119,2139.0524,1774053646584
binance,gate,FUNUSDT,0.00139300,0.03119,2139.0524,1774053646888
binance,gate,FUNUSDT,0.00139300,0.03119,2139.0524,1774053647188
binance,gate,FUNUSDT,0.00139300,0.03119,2139.0524,1774053647489
binance,gate,FUNUSDT,0.00139300,0.03119,2139.0524,1774053647789
binance,gate,FUNUSDT,0.00139300,0.03119,2139.0524,1774053648089
binance,gate,FUNUSDT,0.00139300,0.03119,2139.0524,1774053648389
binance,gate,FUNUSDT,0.00139300,0.03119,2139.0524,1774053648690
binance,gate,FUNUSDT,0.00139300,0.03119,2139.0524,1774053648991
binance,gate,FUNUSDT,0.00139300,0.03119,2139.0524,1774053649291
binance,gate,FUNUSDT,0.00139300,0.03119,2139.0524,1774053649591
binance,gate,FUNUSDT,0.00139300,0.03119,2139.0524,1774053649891
binance,gate,FUNUSDT,0.00139300,0.03119,2139.0524,1774053650192
binance,gate,FUNUSDT,0.00139300,0.03119,2139.0524,1774053650493
binance,gate,FUNUSDT,0.00139300,0.03119,2139.0524,1774053650793
binance,gate,FUNUSDT,0.00139300,0.03119,2139.0524,1774053651093
binance,gate,FUNUSDT,0.00139300,0.03119,2139.0524,1774053651393
binance,gate,FUNUSDT,0.00139300,0.03119,2139.0524,1774053651693
binance,gate,FUNUSDT,0.00139300,0.03119,2139.0524,1774053651993
binance,gate,FUNUSDT,0.00139300,0.03119,2139.0524,1774053652293
binance,gate,FUNUSDT,0.00139300,0.03119,2139.0524,1774053652594
binance,gate,FUNUSDT,0.00139300,0.03119,2139.0524,1774053652894
binance,gate,FUNUSDT,0.00139300,0.03119,2139.0524,1774053653194
binance,gate,FUNUSDT,0.00139300,0.03119,2139.0524,1774053653494
binance,gate,FUNUSDT,0.00139300,0.03119,2139.0524,1774053653794
binance,gate,FUNUSDT,0.00139300,0.03119,2139.0524,1774053654094
binance,gate,FUNUSDT,0.00139300,0.03119,2139.0524,1774053654395
binance,gate,FUNUSDT,0.00139300,0.03119,2139.0524,1774053654695
binance,gate,FUNUSDT,0.00139300,0.03119,2139.0524,1774053654996
binance,gate,FUNUSDT,0.00139300,0.03119,2139.0524,1774053655300
binance,gate,FUNUSDT,0.00139300,0.03119,2139.0524,1774053655605
binance,gate,FUNUSDT,0.00139300,0.03119,2139.0524,1774053655906
binance,gate,FUNUSDT,0.00139300,0.03119,2139.0524,1774053656206
binance,gate,FUNUSDT,0.00139300,0.03119,2139.0524,1774053656508
binance,gate,FUNUSDT,0.00139300,0.03119,2139.0524,1774053656810
binance,gate,FUNUSDT,0.00139300,0.03119,2139.0524,1774053657112
binance,gate,FUNUSDT,0.00139300,0.03119,2139.0524,1774053657413
binance,gate,FUNUSDT,0.00139300,0.03119,2139.0524,1774053657715
binance,gate,FUNUSDT,0.00139300,0.03119,2139.0524,1774053658018
binance,gate,FUNUSDT,0.00139300,0.03119,2139.0524,1774053658319
binance,gate,FUNUSDT,0.00139300,0.03119,2139.0524,1774053658621
binance,gate,FUNUSDT,0.00139300,0.03119,2139.0524,1774053658922
binance,gate,FUNUSDT,0.00139300,0.03119,2139.0524,1774053659226
binance,gate,FUNUSDT,0.00139300,0.03119,2139.0524,1774053659527
binance,gate,FUNUSDT,0.00139300,0.03119,2139.0524,1774053659830
binance,gate,FUNUSDT,0.00139300,0.03119,2139.0524,1774053660138
binance,gate,FUNUSDT,0.00139300,0.03119,2139.0524,1774053660450
binance,gate,FUNUSDT,0.00139300,0.03119,2139.0524,1774053660761
binance,gate,FUNUSDT,0.00139300,0.03119,2139.0524,1774053661071
binance,gate,FUNUSDT,0.00139300,0.03119,2139.0524,1774053661378
binance,gate,FUNUSDT,0.00139300,0.03119,2139.0524,1774053661685
binance,gate,FUNUSDT,0.00139300,0.03119,2139.0524,1774053661985
binance,gate,FUNUSDT,0.00139300,0.03119,2139.0524,1774053662286
binance,gate,FUNUSDT,0.00139300,0.03119,2139.0524,1774053662586
binance,gate,FUNUSDT,0.00139300,0.03119,2139.0524,1774053662886
binance,gate,FUNUSDT,0.00139300,0.03119,2139.0524,1774053663186
binance,gate,FUNUSDT,0.00139300,0.03119,2139.0524,1774053663486
binance,gate,FUNUSDT,0.00139300,0.03119,2139.0524,1774053663786
binance,gate,FUNUSDT,0.00139300,0.03119,2139.0524,1774053664087
binance,gate,FUNUSDT,0.00139300,0.03119,2139.0524,1774053664387
binance,gate,FUNUSDT,0.00139300,0.03119,2139.0524,1774053664689
binance,gate,FUNUSDT,0.00139300,0.03119,2139.0524,1774053664989
binance,gate,FUNUSDT,0.00139300,0.03119,2139.0524,1774053665290
binance,gate,FUNUSDT,0.00139300,0.03119,2139.0524,1774053665591
binance,gate,FUNUSDT,0.00139300,0.03119,2139.0524,1774053665891
binance,gate,FUNUSDT,0.00139300,0.03119,2139.0524,1774053666193
binance,gate,FUNUSDT,0.00139300,0.03119,2139.0524,1774053666504
binance,gate,FUNUSDT,0.00139300,0.03119,2139.0524,1774053666812
binance,gate,FUNUSDT,0.00139300,0.03119,2139.0524,1774053667127
binance,gate,FUNUSDT,0.00139300,0.03119,2139.0524,1774053667438
binance,gate,FUNUSDT,0.00139300,0.03119,2139.0524,1774053667750
binance,gate,FUNUSDT,0.00139300,0.03119,2139.0524,1774053668057
binance,gate,FUNUSDT,0.00139300,0.03119,2139.0524,1774053668372
binance,gate,FUNUSDT,0.00139300,0.03119,2139.0524,1774053668685
binance,gate,FUNUSDT,0.00139300,0.03119,2139.0524,1774053668999
binance,gate,FUNUSDT,0.00139300,0.03119,2139.0524,1774053669309
binance,gate,FUNUSDT,0.00139300,0.03119,2139.0524,1774053669614
binance,gate,FUNUSDT,0.00139300,0.03119,2139.0524,1774053669924
binance,gate,FUNUSDT,0.00139300,0.03119,2139.0524,1774053670241
binance,gate,FUNUSDT,0.00139300,0.03119,2139.0524,1774053670548
binance,gate,FUNUSDT,0.00139300,0.03119,2139.0524,1774053670856
binance,gate,FUNUSDT,0.00139300,0.03119,2139.0524,1774053671190
binance,gate,FUNUSDT,0.00139300,0.03119,2139.0524,1774053671494
binance,gate,FUNUSDT,0.00139300,0.03119,2139.0524,1774053671804
binance,gate,FUNUSDT,0.00139300,0.03119,2139.0524,1774053672116
binance,gate,FUNUSDT,0.00139300,0.03119,2139.0524,1774053672418
binance,gate,FUNUSDT,0.00139300,0.03119,2139.0524,1774053672722
binance,gate,FUNUSDT,0.00139300,0.03119,2139.0524,1774053673026
binance,gate,FUNUSDT,0.00139300,0.03119,2139.0524,1774053673333
binance,gate,FUNUSDT,0.00139300,0.03119,2139.0524,1774053673633
binance,gate,FUNUSDT,0.00139300,0.03119,2139.0524,1774053673936
binance,gate,FUNUSDT,0.00139300,0.03119,2139.0524,1774053674238
binance,gate,FUNUSDT,0.00139300,0.03119,2139.0524,1774053674541
binance,gate,FUNUSDT,0.00139300,0.03119,2139.0524,1774053674841
binance,gate,FUNUSDT,0.00139300,0.03119,2139.0524,1774053675141
binance,gate,FUNUSDT,0.00139300,0.03119,2139.0524,1774053675442
binance,gate,FUNUSDT,0.00139300,0.03119,2139.0524,1774053675743
binance,gate,FUNUSDT,0.00139300,0.03119,2139.0524,1774053676043
binance,gate,FUNUSDT,0.00139300,0.03119,2139.0524,1774053676343
binance,gate,FUNUSDT,0.00139300,0.03119,2139.0524,1774053676644
binance,gate,FUNUSDT,0.00139300,0.03119,2139.0524,1774053676947
binance,gate,FUNUSDT,0.00139300,0.03119,2139.0524,1774053677248
binance,gate,FUNUSDT,0.00139300,0.03119,2139.0524,1774053677548
binance,gate,FUNUSDT,0.00139300,0.03119,2139.0524,1774053677848
binance,gate,FUNUSDT,0.00139300,0.03119,2139.0524,1774053678148
binance,gate,FUNUSDT,0.00139300,0.03119,2139.0524,1774053678448
binance,gate,FUNUSDT,0.00139300,0.03119,2139.0524,1774053678749
binance,gate,FUNUSDT,0.00139300,0.03119,2139.0524,1774053679049
binance,gate,FUNUSDT,0.00139300,0.03119,2139.0524,1774053679349
binance,gate,FUNUSDT,0.00139300,0.03119,2139.0524,1774053679649
binance,gate,FUNUSDT,0.00139300,0.03119,2139.0524,1774053679951
binance,gate,FUNUSDT,0.00139300,0.03119,2139.0524,1774053680251
binance,gate,FUNUSDT,0.00139300,0.03119,2139.0524,1774053680551
binance,gate,FUNUSDT,0.00139300,0.03119,2139.0524,1774053680851
binance,gate,FUNUSDT,0.00139300,0.03119,2139.0524,1774053681151
binance,gate,FUNUSDT,0.00139300,0.03115,2136.1809,1774053681452
binance,gate,FUNUSDT,0.00139300,0.03115,2136.1809,1774053681752
binance,gate,FUNUSDT,0.00139300,0.03115,2136.1809,1774053682053
binance,gate,FUNUSDT,0.00139300,0.03115,2136.1809,1774053682353
binance,gate,FUNUSDT,0.00139300,0.03115,2136.1809,1774053682654
binance,gate,FUNUSDT,0.00139300,0.03112,2134.0273,1774053682954
binance,gate,FUNUSDT,0.00139300,0.03112,2134.0273,1774053683254
binance,gate,FUNUSDT,0.00139300,0.03112,2134.0273,1774053683568
binance,gate,FUNUSDT,0.00139300,0.03112,2134.0273,1774053683875
binance,gate,FUNUSDT,0.00139300,0.03112,2134.0273,1774053684175
binance,gate,FUNUSDT,0.00139300,0.03112,2134.0273,1774053684476
binance,gate,FUNUSDT,0.00139300,0.03112,2134.0273,1774053684777
binance,gate,FUNUSDT,0.00139300,0.03112,2134.0273,1774053685077
binance,gate,FUNUSDT,0.00139300,0.03112,2134.0273,1774053685377
binance,gate,FUNUSDT,0.00139300,0.03112,2134.0273,1774053685678
binance,gate,FUNUSDT,0.00139300,0.03112,2134.0273,1774053685978
binance,gate,FUNUSDT,0.00139300,0.03112,2134.0273,1774053686278
binance,gate,FUNUSDT,0.00139300,0.03112,2134.0273,1774053686578
binance,gate,FUNUSDT,0.00139300,0.03112,2134.0273,1774053686878
binance,gate,FUNUSDT,0.00139300,0.03112,2134.0273,1774053687179
binance,gate,FUNUSDT,0.00139300,0.03112,2134.0273,1774053687479
binance,gate,FUNUSDT,0.00139300,0.03112,2134.0273,1774053687779
binance,gate,FUNUSDT,0.00139300,0.03112,2134.0273,1774053688079
binance,gate,FUNUSDT,0.00139300,0.03112,2134.0273,1774053688380
binance,gate,FUNUSDT,0.00139300,0.03112,2134.0273,1774053688680
binance,gate,FUNUSDT,0.00139300,0.03112,2134.0273,1774053688981
binance,gate,FUNUSDT,0.00139300,0.03112,2134.0273,1774053689282
binance,gate,FUNUSDT,0.00139300,0.03112,2134.0273,1774053689582
binance,gate,FUNUSDT,0.00139300,0.03112,2134.0273,1774053689882
binance,gate,FUNUSDT,0.00139300,0.03112,2134.0273,1774053690182
binance,gate,FUNUSDT,0.00139300,0.03112,2134.0273,1774053690482
binance,gate,FUNUSDT,0.00139300,0.03112,2134.0273,1774053690782
binance,gate,FUNUSDT,0.00139300,0.03112,2134.0273,1774053691083
binance,gate,FUNUSDT,0.00139300,0.03112,2134.0273,1774053691384
binance,gate,FUNUSDT,0.00139300,0.03112,2134.0273,1774053691684
binance,gate,FUNUSDT,0.00139300,0.03112,2134.0273,1774053691984
binance,gate,FUNUSDT,0.00139300,0.03112,2134.0273,1774053692284
binance,gate,FUNUSDT,0.00139300,0.03112,2134.0273,1774053692585
binance,gate,FUNUSDT,0.00139300,0.03112,2134.0273,1774053692887
binance,gate,FUNUSDT,0.00139300,0.03112,2134.0273,1774053693187
binance,gate,FUNUSDT,0.00139300,0.03112,2134.0273,1774053693493
binance,gate,FUNUSDT,0.00139300,0.03112,2134.0273,1774053693794
binance,gate,FUNUSDT,0.00139300,0.03112,2134.0273,1774053694094
binance,gate,FUNUSDT,0.00139300,0.03112,2134.0273,1774053694394
binance,gate,FUNUSDT,0.00139300,0.03112,2134.0273,1774053694694
binance,gate,FUNUSDT,0.00139300,0.03112,2134.0273,1774053695017
binance,gate,FUNUSDT,0.00139300,0.03112,2134.0273,1774053695325
binance,gate,FUNUSDT,0.00139300,0.03112,2134.0273,1774053695640
binance,gate,FUNUSDT,0.00139300,0.03112,2134.0273,1774053695950
binance,gate,FUNUSDT,0.00139300,0.03112,2134.0273,1774053696259
binance,gate,FUNUSDT,0.00139300,0.03112,2134.0273,1774053696567
binance,gate,FUNUSDT,0.00139300,0.03112,2134.0273,1774053696876
binance,gate,FUNUSDT,0.00139300,0.03112,2134.0273,1774053697186
binance,gate,FUNUSDT,0.00139300,0.03112,2134.0273,1774053697497
binance,gate,FUNUSDT,0.00139300,0.03112,2134.0273,1774053697806
binance,gate,FUNUSDT,0.00139300,0.03112,2134.0273,1774053698120
binance,gate,FUNUSDT,0.00139300,0.03112,2134.0273,1774053698431
binance,gate,FUNUSDT,0.00139300,0.03112,2134.0273,1774053698742
binance,gate,FUNUSDT,0.00139300,0.03112,2134.0273,1774053699056
binance,gate,FUNUSDT,0.00139300,0.03112,2134.0273,1774053699383
binance,gate,FUNUSDT,0.00139300,0.03112,2134.0273,1774053699698
binance,gate,FUNUSDT,0.00139300,0.03112,2134.0273,1774053700008
binance,gate,FUNUSDT,0.00139300,0.03112,2134.0273,1774053700315
binance,gate,FUNUSDT,0.00139300,0.03112,2134.0273,1774053700625
binance,gate,FUNUSDT,0.00139300,0.03112,2134.0273,1774053700941
binance,gate,FUNUSDT,0.00139300,0.03112,2134.0273,1774053701259
binance,gate,FUNUSDT,0.00139300,0.03112,2134.0273,1774053701577
binance,gate,FUNUSDT,0.00139300,0.03112,2134.0273,1774053701917
binance,gate,FUNUSDT,0.00139300,0.03112,2134.0273,1774053702232
binance,gate,FUNUSDT,0.00139300,0.03112,2134.0273,1774053702542
binance,gate,FUNUSDT,0.00139300,0.03112,2134.0273,1774053702853
binance,gate,FUNUSDT,0.00139300,0.03112,2134.0273,1774053703162
binance,gate,FUNUSDT,0.00139300,0.03112,2134.0273,1774053703473
binance,gate,FUNUSDT,0.00139300,0.03112,2134.0273,1774053703789
binance,gate,FUNUSDT,0.00139300,0.03112,2134.0273,1774053704101
binance,gate,FUNUSDT,0.00139300,0.03112,2134.0273,1774053704412
binance,gate,FUNUSDT,0.00139300,0.03112,2134.0273,1774053704724
binance,gate,FUNUSDT,0.00139300,0.03112,2134.0273,1774053705034
binance,gate,FUNUSDT,0.00139300,0.03112,2134.0273,1774053705351
binance,gate,FUNUSDT,0.00139300,0.03112,2134.0273,1774053705664
binance,gate,FUNUSDT,0.00139300,0.03112,2134.0273,1774053705976
binance,gate,FUNUSDT,0.00139300,0.03112,2134.0273,1774053706289
binance,gate,FUNUSDT,0.00139300,0.03112,2134.0273,1774053706604
binance,gate,FUNUSDT,0.00139300,0.03112,2134.0273,1774053706916
binance,gate,FUNUSDT,0.00139300,0.03112,2134.0273,1774053707232
binance,gate,FUNUSDT,0.00139300,0.03112,2134.0273,1774053707545
binance,gate,FUNUSDT,0.00139300,0.03112,2134.0273,1774053707856
binance,gate,FUNUSDT,0.00139300,0.03112,2134.0273,1774053708180
binance,gate,FUNUSDT,0.00139300,0.03112,2134.0273,1774053708485
binance,gate,FUNUSDT,0.00139300,0.03112,2134.0273,1774053708792
binance,gate,FUNUSDT,0.00139300,0.03112,2134.0273,1774053709097
binance,gate,FUNUSDT,0.00139300,0.03112,2134.0273,1774053709402
binance,gate,FUNUSDT,0.00139300,0.03112,2134.0273,1774053709729
binance,gate,FUNUSDT,0.00139300,0.03112,2134.0273,1774053710041
binance,gate,FUNUSDT,0.00139300,0.03112,2134.0273,1774053710349
binance,gate,FUNUSDT,0.00139300,0.03112,2134.0273,1774053710656
binance,gate,FUNUSDT,0.00139300,0.03112,2134.0273,1774053710962
binance,gate,FUNUSDT,0.00139300,0.03112,2134.0273,1774053711295
binance,gate,FUNUSDT,0.00139300,0.03112,2134.0273,1774053711601
binance,gate,FUNUSDT,0.00139300,0.03112,2134.0273,1774053711907
binance,gate,FUNUSDT,0.00139300,0.03112,2134.0273,1774053712217
binance,gate,FUNUSDT,0.00139300,0.03112,2134.0273,1774053712526
binance,gate,FUNUSDT,0.00139300,0.03112,2134.0273,1774053712837
binance,gate,FUNUSDT,0.00139300,0.03112,2134.0273,1774053713149
binance,gate,FUNUSDT,0.00139300,0.03112,2134.0273,1774053713457
binance,gate,FUNUSDT,0.00139300,0.03112,2134.0273,1774053713765
binance,gate,FUNUSDT,0.00139300,0.03112,2134.0273,1774053714072
binance,gate,FUNUSDT,0.00139300,0.03112,2134.0273,1774053714385
binance,gate,FUNUSDT,0.00139300,0.03112,2134.0273,1774053714692
binance,gate,FUNUSDT,0.00139300,0.03112,2134.0273,1774053714998
binance,gate,FUNUSDT,0.00139300,0.03112,2134.0273,1774053715308
binance,gate,FUNUSDT,0.00139300,0.03112,2134.0273,1774053715616
binance,gate,FUNUSDT,0.00139300,0.03112,2134.0273,1774053715927
binance,gate,FUNUSDT,0.00139300,0.03112,2134.0273,1774053716236
binance,gate,FUNUSDT,0.00139300,0.03112,2134.0273,1774053716542
binance,gate,FUNUSDT,0.00139300,0.03112,2134.0273,1774053716850
binance,gate,FUNUSDT,0.00139300,0.03112,2134.0273,1774053717158
binance,gate,FUNUSDT,0.00139300,0.03112,2134.0273,1774053717484
binance,gate,FUNUSDT,0.00139300,0.03112,2134.0273,1774053717791
binance,gate,FUNUSDT,0.00139300,0.03112,2134.0273,1774053718099
binance,gate,FUNUSDT,0.00139300,0.03112,2134.0273,1774053718407
binance,gate,FUNUSDT,0.00139300,0.03112,2134.0273,1774053718717
binance,gate,FUNUSDT,0.00139300,0.03112,2134.0273,1774053719032
binance,gate,FUNUSDT,0.00139300,0.03112,2134.0273,1774053719339
binance,gate,FUNUSDT,0.00139300,0.03112,2134.0273,1774053719642
binance,gate,FUNUSDT,0.00139300,0.03112,2134.0273,1774053719945
binance,gate,FUNUSDT,0.00139300,0.03112,2134.0273,1774053720263
binance,gate,FUNUSDT,0.00139300,0.03112,2134.0273,1774053720570
binance,gate,FUNUSDT,0.00139300,0.03112,2134.0273,1774053720881
binance,gate,FUNUSDT,0.00139300,0.03112,2134.0273,1774053721189
binance,gate,FUNUSDT,0.00139300,0.03112,2134.0273,1774053721499
binance,gate,FUNUSDT,0.00139300,0.03112,2134.0273,1774053721809
binance,gate,FUNUSDT,0.00139300,0.03112,2134.0273,1774053722119
binance,gate,FUNUSDT,0.00139300,0.03112,2134.0273,1774053722429
binance,gate,FUNUSDT,0.00139300,0.03112,2134.0273,1774053722739
binance,gate,FUNUSDT,0.00139300,0.03112,2134.0273,1774053723049
binance,gate,FUNUSDT,0.00139300,0.03112,2134.0273,1774053723360
binance,gate,FUNUSDT,0.00139300,0.03112,2134.0273,1774053723671
binance,gate,FUNUSDT,0.00139300,0.03112,2134.0273,1774053723984
binance,gate,FUNUSDT,0.00139300,0.03112,2134.0273,1774053724300
binance,gate,FUNUSDT,0.00139300,0.03112,2134.0273,1774053724631
binance,gate,FUNUSDT,0.00139300,0.03112,2134.0273,1774053724943
binance,gate,FUNUSDT,0.00139300,0.03112,2134.0273,1774053725250
binance,gate,FUNUSDT,0.00139300,0.03112,2134.0273,1774053725558
binance,gate,FUNUSDT,0.00139300,0.03112,2134.0273,1774053725863
binance,gate,FUNUSDT,0.00139300,0.03112,2134.0273,1774053726164
binance,gate,FUNUSDT,0.00139300,0.03112,2134.0273,1774053726464
binance,gate,FUNUSDT,0.00139300,0.03112,2134.0273,1774053726764
binance,gate,FUNUSDT,0.00139300,0.03112,2134.0273,1774053727064
binance,gate,FUNUSDT,0.00139300,0.03112,2134.0273,1774053727366
binance,gate,FUNUSDT,0.00139300,0.03112,2134.0273,1774053727668
binance,gate,FUNUSDT,0.00139300,0.03112,2134.0273,1774053727968
binance,gate,FUNUSDT,0.00139300,0.03112,2134.0273,1774053728274
binance,gate,FUNUSDT,0.00139300,0.03112,2134.0273,1774053728574
binance,gate,FUNUSDT,0.00139300,0.03112,2134.0273,1774053728874
binance,gate,FUNUSDT,0.00139300,0.03112,2134.0273,1774053729179
binance,gate,FUNUSDT,0.00139300,0.03112,2134.0273,1774053729480
binance,gate,FUNUSDT,0.00139300,0.03112,2134.0273,1774053729780
binance,gate,FUNUSDT,0.00139300,0.03112,2134.0273,1774053730080
binance,gate,FUNUSDT,0.00139300,0.03112,2134.0273,1774053730381
binance,gate,FUNUSDT,0.00139300,0.03112,2134.0273,1774053730681
binance,gate,FUNUSDT,0.00139300,0.03112,2134.0273,1774053730981
binance,gate,FUNUSDT,0.00139300,0.03112,2134.0273,1774053731282
binance,gate,FUNUSDT,0.00139300,0.03112,2134.0273,1774053731583
binance,gate,FUNUSDT,0.00139300,0.03112,2134.0273,1774053731883
binance,gate,FUNUSDT,0.00139300,0.03112,2134.0273,1774053732184
binance,gate,FUNUSDT,0.00139300,0.03112,2134.0273,1774053732484
binance,gate,FUNUSDT,0.00139300,0.03112,2134.0273,1774053732784
binance,gate,FUNUSDT,0.00139300,0.03112,2134.0273,1774053733084
binance,gate,FUNUSDT,0.00139300,0.03112,2134.0273,1774053733384
binance,gate,FUNUSDT,0.00139300,0.03112,2134.0273,1774053733684
binance,gate,FUNUSDT,0.00139300,0.03112,2134.0273,1774053733984
binance,gate,FUNUSDT,0.00139300,0.03112,2134.0273,1774053734285
binance,gate,FUNUSDT,0.00139300,0.03112,2134.0273,1774053734585
binance,gate,FUNUSDT,0.00139300,0.03112,2134.0273,1774053734885
binance,gate,FUNUSDT,0.00139300,0.03112,2134.0273,1774053735186
binance,gate,FUNUSDT,0.00139300,0.03112,2134.0273,1774053735487
binance,gate,FUNUSDT,0.00139300,0.03112,2134.0273,1774053735787
binance,gate,FUNUSDT,0.00139300,0.03112,2134.0273,1774053736088
binance,gate,FUNUSDT,0.00139300,0.03112,2134.0273,1774053736388
binance,gate,FUNUSDT,0.00139300,0.03112,2134.0273,1774053736688
binance,gate,FUNUSDT,0.00139300,0.03112,2134.0273,1774053736989
binance,gate,FUNUSDT,0.00139300,0.03112,2134.0273,1774053737289
binance,gate,FUNUSDT,0.00139300,0.03112,2134.0273,1774053737589
binance,gate,FUNUSDT,0.00139300,0.03112,2134.0273,1774053737889
binance,gate,FUNUSDT,0.00139300,0.03112,2134.0273,1774053738189
binance,gate,FUNUSDT,0.00139300,0.03112,2134.0273,1774053738489
binance,gate,FUNUSDT,0.00139300,0.03112,2134.0273,1774053738790
binance,gate,FUNUSDT,0.00139300,0.03112,2134.0273,1774053739090
binance,gate,FUNUSDT,0.00139300,0.03112,2134.0273,1774053739390
binance,gate,FUNUSDT,0.00139300,0.03112,2134.0273,1774053739702
binance,gate,FUNUSDT,0.00139300,0.03112,2134.0273,1774053740008
binance,gate,FUNUSDT,0.00139300,0.03112,2134.0273,1774053740321
binance,gate,FUNUSDT,0.00139300,0.03112,2134.0273,1774053740635
binance,gate,FUNUSDT,0.00139300,0.03112,2134.0273,1774053740948
binance,gate,FUNUSDT,0.00139300,0.03112,2134.0273,1774053741258
binance,gate,FUNUSDT,0.00139300,0.03112,2134.0273,1774053741565
binance,gate,FUNUSDT,0.00139300,0.03112,2134.0273,1774053741865
binance,gate,FUNUSDT,0.00139300,0.03112,2134.0273,1774053742171
binance,gate,FUNUSDT,0.00139300,0.03112,2134.0273,1774053742471
binance,gate,FUNUSDT,0.00139300,0.03112,2134.0273,1774053742772
binance,gate,FUNUSDT,0.00139300,0.03112,2134.0273,1774053743073
binance,gate,FUNUSDT,0.00139300,0.03112,2134.0273,1774053743374
binance,gate,FUNUSDT,0.00139300,0.03112,2134.0273,1774053743674
binance,gate,FUNUSDT,0.00139300,0.03112,2134.0273,1774053743974
binance,gate,FUNUSDT,0.00139300,0.03112,2134.0273,1774053744275
binance,gate,FUNUSDT,0.00139300,0.03112,2134.0273,1774053744575
binance,gate,FUNUSDT,0.00139300,0.03112,2134.0273,1774053744876
binance,gate,FUNUSDT,0.00139300,0.03112,2134.0273,1774053745176
binance,gate,FUNUSDT,0.00139300,0.03112,2134.0273,1774053745476
binance,gate,FUNUSDT,0.00139300,0.03112,2134.0273,1774053745779
binance,gate,FUNUSDT,0.00139300,0.03112,2134.0273,1774053746080
binance,gate,FUNUSDT,0.00139300,0.03112,2134.0273,1774053746380
binance,gate,FUNUSDT,0.00139300,0.03112,2134.0273,1774053746680
binance,gate,FUNUSDT,0.00139300,0.03112,2134.0273,1774053746980
binance,gate,FUNUSDT,0.00139300,0.03112,2134.0273,1774053747280
binance,gate,FUNUSDT,0.00139300,0.03112,2134.0273,1774053747580
binance,gate,FUNUSDT,0.00139300,0.03112,2134.0273,1774053747881
binance,gate,FUNUSDT,0.00139300,0.03112,2134.0273,1774053748181
binance,gate,FUNUSDT,0.00139300,0.03112,2134.0273,1774053748482
binance,gate,FUNUSDT,0.00139300,0.03112,2134.0273,1774053748782
binance,gate,FUNUSDT,0.00139300,0.03112,2134.0273,1774053749082
binance,gate,FUNUSDT,0.00139300,0.03112,2134.0273,1774053749382
binance,gate,FUNUSDT,0.00139300,0.03112,2134.0273,1774053749683
binance,gate,FUNUSDT,0.00139300,0.03112,2134.0273,1774053749983
binance,gate,FUNUSDT,0.00139300,0.03112,2134.0273,1774053750283
binance,gate,FUNUSDT,0.00139300,0.03112,2134.0273,1774053750583
binance,gate,FUNUSDT,0.00139300,0.03112,2134.0273,1774053750893
binance,gate,FUNUSDT,0.00139300,0.03112,2134.0273,1774053751194
binance,gate,FUNUSDT,0.00139300,0.03112,2134.0273,1774053751494
binance,gate,FUNUSDT,0.00139300,0.03112,2134.0273,1774053751794
binance,gate,FUNUSDT,0.00139300,0.03112,2134.0273,1774053752094
binance,gate,FUNUSDT,0.00139300,0.03112,2134.0273,1774053752394
binance,gate,FUNUSDT,0.00139300,0.03112,2134.0273,1774053752705
binance,gate,FUNUSDT,0.00139300,0.03112,2134.0273,1774053753014
binance,gate,FUNUSDT,0.00139300,0.03112,2134.0273,1774053753324
binance,gate,FUNUSDT,0.00139300,0.03112,2134.0273,1774053753631
binance,gate,FUNUSDT,0.00139300,0.03112,2134.0273,1774053753947
binance,gate,FUNUSDT,0.00139300,0.03112,2134.0273,1774053754250
binance,gate,FUNUSDT,0.00139300,0.03112,2134.0273,1774053754550
binance,gate,FUNUSDT,0.00139300,0.03112,2134.0273,1774053754850
binance,gate,FUNUSDT,0.00139300,0.03112,2134.0273,1774053755158
binance,gate,FUNUSDT,0.00139300,0.03112,2134.0273,1774053755458
binance,gate,FUNUSDT,0.00139300,0.03112,2134.0273,1774053755758
binance,gate,FUNUSDT,0.00139300,0.03112,2134.0273,1774053756058
binance,gate,FUNUSDT,0.00139300,0.03112,2134.0273,1774053756359
binance,gate,FUNUSDT,0.00139300,0.03112,2134.0273,1774053756659
binance,gate,FUNUSDT,0.00139300,0.03112,2134.0273,1774053756959
binance,gate,FUNUSDT,0.00139300,0.03112,2134.0273,1774053757259
binance,gate,FUNUSDT,0.00139300,0.03112,2134.0273,1774053757561
binance,gate,FUNUSDT,0.00139300,0.03112,2134.0273,1774053757861
binance,gate,FUNUSDT,0.00139300,0.03112,2134.0273,1774053758161
binance,gate,FUNUSDT,0.00139300,0.03112,2134.0273,1774053758462
binance,gate,FUNUSDT,0.00139300,0.03112,2134.0273,1774053758762
binance,gate,FUNUSDT,0.00139300,0.03112,2134.0273,1774053759065
binance,gate,FUNUSDT,0.00139300,0.03112,2134.0273,1774053759367
binance,gate,FUNUSDT,0.00139300,0.03112,2134.0273,1774053759667
binance,gate,FUNUSDT,0.00139300,0.03112,2134.0273,1774053759967
binance,gate,FUNUSDT,0.00139300,0.03112,2134.0273,1774053760267
binance,gate,FUNUSDT,0.00139300,0.03112,2134.0273,1774053760567
binance,gate,FUNUSDT,0.00139300,0.03112,2134.0273,1774053760870
binance,gate,FUNUSDT,0.00139300,0.03112,2134.0273,1774053761182
binance,gate,FUNUSDT,0.00139300,0.03112,2134.0273,1774053761484
binance,gate,FUNUSDT,0.00139300,0.03112,2134.0273,1774053761784
binance,gate,FUNUSDT,0.00139300,0.03112,2134.0273,1774053762084
binance,gate,FUNUSDT,0.00139300,0.03112,2134.0273,1774053762384
binance,gate,FUNUSDT,0.00139300,0.03112,2134.0273,1774053762684
binance,gate,FUNUSDT,0.00139300,0.03112,2134.0273,1774053762985
binance,gate,FUNUSDT,0.00139300,0.03112,2134.0273,1774053763285
binance,gate,FUNUSDT,0.00139300,0.03112,2134.0273,1774053763598
binance,gate,FUNUSDT,0.00139300,0.03112,2134.0273,1774053763905
binance,gate,FUNUSDT,0.00139300,0.03112,2134.0273,1774053764211
binance,gate,FUNUSDT,0.00139300,0.03112,2134.0273,1774053764515
binance,gate,FUNUSDT,0.00139300,0.03112,2134.0273,1774053764822
binance,gate,FUNUSDT,0.00139300,0.03112,2134.0273,1774053765133
binance,gate,FUNUSDT,0.00139300,0.03112,2134.0273,1774053765437
binance,gate,FUNUSDT,0.00139300,0.03112,2134.0273,1774053765740
binance,gate,FUNUSDT,0.00139300,0.03112,2134.0273,1774053766041
binance,gate,FUNUSDT,0.00139300,0.03112,2134.0273,1774053766342
binance,gate,FUNUSDT,0.00139300,0.03112,2134.0273,1774053766642
binance,gate,FUNUSDT,0.00139300,0.03112,2134.0273,1774053766942
binance,gate,FUNUSDT,0.00139300,0.03112,2134.0273,1774053767260
binance,gate,FUNUSDT,0.00139300,0.03113,2134.7452,1774053767572
binance,gate,FUNUSDT,0.00139300,0.03113,2134.7452,1774053767884
binance,gate,FUNUSDT,0.00139300,0.03113,2134.7452,1774053768196
binance,gate,FUNUSDT,0.00139300,0.03113,2134.7452,1774053768505
binance,gate,FUNUSDT,0.00139300,0.03113,2134.7452,1774053768821
binance,gate,FUNUSDT,0.00139300,0.03113,2134.7452,1774053769157
binance,gate,FUNUSDT,0.00139300,0.03113,2134.7452,1774053769463
binance,gate,FUNUSDT,0.00139300,0.03113,2134.7452,1774053769780
binance,gate,FUNUSDT,0.00139300,0.03113,2134.7452,1774053770093
binance,gate,FUNUSDT,0.00139300,0.03113,2134.7452,1774053770399
binance,gate,FUNUSDT,0.00139300,0.03113,2134.7452,1774053770711
binance,gate,FUNUSDT,0.00139300,0.03113,2134.7452,1774053771024
binance,gate,FUNUSDT,0.00139300,0.03113,2134.7452,1774053771341
binance,gate,FUNUSDT,0.00139300,0.03113,2134.7452,1774053771658
binance,gate,FUNUSDT,0.00139300,0.03113,2134.7452,1774053771965
binance,gate,FUNUSDT,0.00139300,0.03113,2134.7452,1774053772276
binance,gate,FUNUSDT,0.00139300,0.03113,2134.7452,1774053772586
binance,gate,FUNUSDT,0.00139300,0.03113,2134.7452,1774053772890
binance,gate,FUNUSDT,0.00139300,0.03113,2134.7452,1774053773195
binance,gate,FUNUSDT,0.00139300,0.03113,2134.7452,1774053773503
binance,gate,FUNUSDT,0.00139300,0.03113,2134.7452,1774053773815
binance,gate,FUNUSDT,0.00139300,0.03113,2134.7452,1774053774125
binance,gate,FUNUSDT,0.00139300,0.03113,2134.7452,1774053774438
binance,gate,FUNUSDT,0.00139300,0.03112,2134.0273,1774053774746
binance,gate,FUNUSDT,0.00139300,0.03112,2134.0273,1774053775069
binance,gate,FUNUSDT,0.00139300,0.03112,2134.0273,1774053775390
binance,gate,FUNUSDT,0.00139300,0.03112,2134.0273,1774053775697
binance,gate,FUNUSDT,0.00139300,0.03112,2134.0273,1774053776005
binance,gate,FUNUSDT,0.00139300,0.03112,2134.0273,1774053776318
binance,gate,FUNUSDT,0.00139300,0.03112,2134.0273,1774053776630
binance,gate,FUNUSDT,0.00139300,0.03112,2134.0273,1774053776948
binance,gate,FUNUSDT,0.00139300,0.03112,2134.0273,1774053777256
binance,gate,FUNUSDT,0.00139300,0.03112,2134.0273,1774053777571
binance,gate,FUNUSDT,0.00139300,0.03112,2134.0273,1774053777876
binance,gate,FUNUSDT,0.00139300,0.03112,2134.0273,1774053778194
binance,gate,FUNUSDT,0.00139300,0.03112,2134.0273,1774053778494
binance,gate,FUNUSDT,0.00139300,0.03112,2134.0273,1774053778795
binance,gate,FUNUSDT,0.00139300,0.03112,2134.0273,1774053779096
binance,gate,FUNUSDT,0.00139300,0.03112,2134.0273,1774053779403
binance,gate,FUNUSDT,0.00139300,0.03112,2134.0273,1774053779716
binance,gate,FUNUSDT,0.00139300,0.03112,2134.0273,1774053780029
binance,gate,FUNUSDT,0.00139300,0.03112,2134.0273,1774053780342
binance,gate,FUNUSDT,0.00139300,0.03112,2134.0273,1774053780656
binance,gate,FUNUSDT,0.00139300,0.03112,2134.0273,1774053780967
binance,gate,FUNUSDT,0.00139300,0.03112,2134.0273,1774053781279
binance,gate,FUNUSDT,0.00139300,0.03112,2134.0273,1774053781594
binance,gate,FUNUSDT,0.00139300,0.03112,2134.0273,1774053781899
binance,gate,FUNUSDT,0.00139300,0.03112,2134.0273,1774053782210
binance,gate,FUNUSDT,0.00139300,0.03112,2134.0273,1774053782523
binance,gate,FUNUSDT,0.00139300,0.03112,2134.0273,1774053782830
binance,gate,FUNUSDT,0.00139300,0.03112,2134.0273,1774053783144
binance,gate,FUNUSDT,0.00139300,0.03112,2134.0273,1774053783444
binance,gate,FUNUSDT,0.00139300,0.03112,2134.0273,1774053783744
binance,gate,FUNUSDT,0.00139300,0.03112,2134.0273,1774053784047
binance,gate,FUNUSDT,0.00139300,0.03112,2134.0273,1774053784347
binance,gate,FUNUSDT,0.00139300,0.03112,2134.0273,1774053784648
binance,gate,FUNUSDT,0.00139300,0.03112,2134.0273,1774053784948
binance,gate,FUNUSDT,0.00139300,0.03112,2134.0273,1774053785252
binance,gate,FUNUSDT,0.00139300,0.03112,2134.0273,1774053785553
binance,gate,FUNUSDT,0.00139300,0.03112,2134.0273,1774053785853
binance,gate,FUNUSDT,0.00139300,0.03112,2134.0273,1774053786153
binance,gate,FUNUSDT,0.00139300,0.03112,2134.0273,1774053786453
binance,gate,FUNUSDT,0.00139300,0.03112,2134.0273,1774053786753
binance,gate,FUNUSDT,0.00139300,0.03112,2134.0273,1774053787054
binance,gate,FUNUSDT,0.00139300,0.03112,2134.0273,1774053787354
binance,gate,FUNUSDT,0.00139300,0.03112,2134.0273,1774053787655
binance,gate,FUNUSDT,0.00139300,0.03112,2134.0273,1774053787955
binance,gate,FUNUSDT,0.00139300,0.03112,2134.0273,1774053788255
binance,gate,FUNUSDT,0.00139300,0.03112,2134.0273,1774053788558
binance,gate,FUNUSDT,0.00139300,0.03112,2134.0273,1774053788858
binance,gate,FUNUSDT,0.00139300,0.03112,2134.0273,1774053789158
binance,gate,FUNUSDT,0.00139300,0.03112,2134.0273,1774053789459
binance,gate,FUNUSDT,0.00139300,0.03112,2134.0273,1774053789766
binance,gate,FUNUSDT,0.00139300,0.03112,2134.0273,1774053790078
binance,gate,FUNUSDT,0.00139300,0.03112,2134.0273,1774053790390
binance,gate,FUNUSDT,0.00139300,0.03112,2134.0273,1774053790701
binance,gate,FUNUSDT,0.00139300,0.03112,2134.0273,1774053791006
binance,gate,FUNUSDT,0.00139300,0.03112,2134.0273,1774053791314
binance,gate,FUNUSDT,0.00139300,0.03112,2134.0273,1774053791617
binance,gate,FUNUSDT,0.00139300,0.03112,2134.0273,1774053791919
binance,gate,FUNUSDT,0.00139300,0.03112,2134.0273,1774053792232
binance,gate,FUNUSDT,0.00139300,0.03112,2134.0273,1774053792541
binance,gate,FUNUSDT,0.00139300,0.03112,2134.0273,1774053792850
binance,gate,FUNUSDT,0.00139300,0.03112,2134.0273,1774053793159
binance,gate,FUNUSDT,0.00139300,0.03112,2134.0273,1774053793461
binance,gate,FUNUSDT,0.00139300,0.03112,2134.0273,1774053793762
binance,gate,FUNUSDT,0.00139300,0.03112,2134.0273,1774053794062
binance,gate,FUNUSDT,0.00139300,0.03112,2134.0273,1774053794363
binance,gate,FUNUSDT,0.00139300,0.03112,2134.0273,1774053794663
binance,gate,FUNUSDT,0.00139300,0.03112,2134.0273,1774053794964
binance,gate,FUNUSDT,0.00139300,0.03112,2134.0273,1774053795266
binance,gate,FUNUSDT,0.00139300,0.03112,2134.0273,1774053795566
binance,gate,FUNUSDT,0.00139300,0.03112,2134.0273,1774053795866
binance,gate,FUNUSDT,0.00139300,0.03112,2134.0273,1774053796166
binance,gate,FUNUSDT,0.00139300,0.03112,2134.0273,1774053796466
binance,gate,FUNUSDT,0.00139300,0.03112,2134.0273,1774053796767
binance,gate,FUNUSDT,0.00139300,0.03112,2134.0273,1774053797067
binance,gate,FUNUSDT,0.00139300,0.03112,2134.0273,1774053797367
binance,gate,FUNUSDT,0.00139300,0.03112,2134.0273,1774053797667
binance,gate,FUNUSDT,0.00139300,0.03112,2134.0273,1774053797967
binance,gate,FUNUSDT,0.00139300,0.03112,2134.0273,1774053798267
binance,gate,FUNUSDT,0.00139300,0.03112,2134.0273,1774053798567
binance,gate,FUNUSDT,0.00139300,0.03112,2134.0273,1774053798868
binance,gate,FUNUSDT,0.00139300,0.03112,2134.0273,1774053799168
binance,gate,FUNUSDT,0.00139300,0.03112,2134.0273,1774053799468
binance,gate,FUNUSDT,0.00139300,0.03112,2134.0273,1774053799768
binance,gate,FUNUSDT,0.00139300,0.03112,2134.0273,1774053800068
binance,gate,FUNUSDT,0.00139300,0.03112,2134.0273,1774053800368
binance,gate,FUNUSDT,0.00139300,0.03112,2134.0273,1774053800669
binance,gate,FUNUSDT,0.00139300,0.03112,2134.0273,1774053800980
binance,gate,FUNUSDT,0.00139300,0.03112,2134.0273,1774053801296
binance,gate,FUNUSDT,0.00139300,0.03112,2134.0273,1774053801604
binance,gate,FUNUSDT,0.00139300,0.03112,2134.0273,1774053801908
binance,gate,FUNUSDT,0.00139300,0.03112,2134.0273,1774053802209
binance,gate,FUNUSDT,0.00139300,0.03112,2134.0273,1774053802511
binance,gate,FUNUSDT,0.00139300,0.03112,2134.0273,1774053802815
binance,gate,FUNUSDT,0.00139300,0.03112,2134.0273,1774053803116
binance,gate,FUNUSDT,0.00139300,0.03112,2134.0273,1774053803419
binance,gate,FUNUSDT,0.00139300,0.03112,2134.0273,1774053803723
binance,gate,FUNUSDT,0.00139300,0.03112,2134.0273,1774053804026
binance,gate,FUNUSDT,0.00139300,0.03112,2134.0273,1774053804331
binance,gate,FUNUSDT,0.00139300,0.03112,2134.0273,1774053804633
binance,gate,FUNUSDT,0.00139300,0.03112,2134.0273,1774053804934
binance,gate,FUNUSDT,0.00139300,0.03112,2134.0273,1774053805235
binance,gate,FUNUSDT,0.00139300,0.03112,2134.0273,1774053805535
binance,gate,FUNUSDT,0.00139300,0.03112,2134.0273,1774053805835
binance,gate,FUNUSDT,0.00139300,0.03112,2134.0273,1774053806146
binance,gate,FUNUSDT,0.00139300,0.03112,2134.0273,1774053806449
binance,gate,FUNUSDT,0.00139300,0.03112,2134.0273,1774053806749
binance,gate,FUNUSDT,0.00139300,0.03112,2134.0273,1774053807049
binance,gate,FUNUSDT,0.00139300,0.03112,2134.0273,1774053807350
binance,gate,FUNUSDT,0.00139300,0.03112,2134.0273,1774053807650
binance,gate,FUNUSDT,0.00139300,0.03112,2134.0273,1774053807950
binance,gate,FUNUSDT,0.00139300,0.03112,2134.0273,1774053808250
binance,gate,FUNUSDT,0.00139300,0.03112,2134.0273,1774053808550
binance,gate,FUNUSDT,0.00139300,0.03112,2134.0273,1774053808864
binance,gate,FUNUSDT,0.00139300,0.03112,2134.0273,1774053809177
binance,gate,FUNUSDT,0.00139300,0.03112,2134.0273,1774053809491
binance,gate,FUNUSDT,0.00139300,0.03112,2134.0273,1774053809796
binance,gate,FUNUSDT,0.00139300,0.03112,2134.0273,1774053810098
binance,gate,FUNUSDT,0.00139300,0.03112,2134.0273,1774053810402
binance,gate,FUNUSDT,0.00139300,0.03112,2134.0273,1774053810708
binance,gate,FUNUSDT,0.00139300,0.03112,2134.0273,1774053811008
binance,gate,FUNUSDT,0.00139300,0.03112,2134.0273,1774053811309
binance,gate,FUNUSDT,0.00139300,0.03112,2134.0273,1774053811609
binance,gate,FUNUSDT,0.00139300,0.03112,2134.0273,1774053811909
binance,gate,FUNUSDT,0.00139300,0.03112,2134.0273,1774053812209
binance,gate,FUNUSDT,0.00139300,0.03112,2134.0273,1774053812511
binance,gate,FUNUSDT,0.00139300,0.03112,2134.0273,1774053812812
binance,gate,FUNUSDT,0.00139300,0.03112,2134.0273,1774053813119
binance,gate,FUNUSDT,0.00139300,0.03112,2134.0273,1774053813423
binance,gate,FUNUSDT,0.00139300,0.03112,2134.0273,1774053813728
binance,gate,FUNUSDT,0.00139300,0.03112,2134.0273,1774053814033
binance,gate,FUNUSDT,0.00139300,0.03112,2134.0273,1774053814344
binance,gate,FUNUSDT,0.00139300,0.03112,2134.0273,1774053814644
binance,gate,FUNUSDT,0.00139300,0.03112,2134.0273,1774053814945
binance,gate,FUNUSDT,0.00139300,0.03112,2134.0273,1774053815254
binance,gate,FUNUSDT,0.00139300,0.03112,2134.0273,1774053815555
binance,gate,FUNUSDT,0.00139300,0.03112,2134.0273,1774053815855
binance,gate,FUNUSDT,0.00139300,0.03112,2134.0273,1774053816155
binance,gate,FUNUSDT,0.00139300,0.03112,2134.0273,1774053816456
binance,gate,FUNUSDT,0.00139300,0.03112,2134.0273,1774053816757
binance,gate,FUNUSDT,0.00139300,0.03112,2134.0273,1774053817057
binance,gate,FUNUSDT,0.00139300,0.03112,2134.0273,1774053817358
binance,gate,FUNUSDT,0.00139300,0.03112,2134.0273,1774053817658
binance,gate,FUNUSDT,0.00139300,0.03112,2134.0273,1774053817958
binance,gate,FUNUSDT,0.00139300,0.03112,2134.0273,1774053818259
binance,gate,FUNUSDT,0.00139300,0.03112,2134.0273,1774053818559
binance,gate,FUNUSDT,0.00139300,0.03112,2134.0273,1774053818859
binance,gate,FUNUSDT,0.00139300,0.03112,2134.0273,1774053819159
binance,gate,FUNUSDT,0.00139300,0.03112,2134.0273,1774053819459
binance,gate,FUNUSDT,0.00139300,0.03112,2134.0273,1774053819761
binance,gate,FUNUSDT,0.00139300,0.03112,2134.0273,1774053820061
binance,gate,FUNUSDT,0.00139300,0.03112,2134.0273,1774053820361
binance,gate,FUNUSDT,0.00139300,0.03112,2134.0273,1774053820662
binance,gate,FUNUSDT,0.00139300,0.03112,2134.0273,1774053820967
binance,gate,FUNUSDT,0.00139300,0.03112,2134.0273,1774053821282
binance,gate,FUNUSDT,0.00139300,0.03112,2134.0273,1774053821592
binance,gate,FUNUSDT,0.00139300,0.03112,2134.0273,1774053821894
binance,gate,FUNUSDT,0.00139300,0.03112,2134.0273,1774053822194
binance,gate,FUNUSDT,0.00139300,0.03112,2134.0273,1774053822494
binance,gate,FUNUSDT,0.00139300,0.03112,2134.0273,1774053822794
binance,gate,FUNUSDT,0.00139300,0.03112,2134.0273,1774053823095
binance,gate,FUNUSDT,0.00139300,0.03112,2134.0273,1774053823395
binance,gate,FUNUSDT,0.00139300,0.03112,2134.0273,1774053823695
binance,gate,FUNUSDT,0.00139300,0.03112,2134.0273,1774053824002
binance,gate,FUNUSDT,0.00139300,0.03112,2134.0273,1774053824308
binance,gate,FUNUSDT,0.00139300,0.03112,2134.0273,1774053824609
binance,gate,FUNUSDT,0.00139300,0.03112,2134.0273,1774053824909
binance,gate,FUNUSDT,0.00139300,0.03112,2134.0273,1774053825211
binance,gate,FUNUSDT,0.00139300,0.03112,2134.0273,1774053825513
binance,gate,FUNUSDT,0.00139300,0.03112,2134.0273,1774053825814
binance,gate,FUNUSDT,0.00139300,0.03112,2134.0273,1774053826117
binance,gate,FUNUSDT,0.00139300,0.03112,2134.0273,1774053826419
binance,gate,FUNUSDT,0.00139300,0.03112,2134.0273,1774053826719
binance,gate,FUNUSDT,0.00139300,0.03112,2134.0273,1774053827021
binance,gate,FUNUSDT,0.00139300,0.03112,2134.0273,1774053827324
binance,gate,FUNUSDT,0.00139300,0.03112,2134.0273,1774053827628
binance,gate,FUNUSDT,0.00139300,0.03112,2134.0273,1774053827928
binance,gate,FUNUSDT,0.00139300,0.03112,2134.0273,1774053828233
binance,gate,FUNUSDT,0.00139300,0.03112,2134.0273,1774053828533
binance,gate,FUNUSDT,0.00139300,0.03112,2134.0273,1774053828833
binance,gate,FUNUSDT,0.00139300,0.03112,2134.0273,1774053829135
binance,gate,FUNUSDT,0.00139300,0.03112,2134.0273,1774053829436
binance,gate,FUNUSDT,0.00139300,0.03112,2134.0273,1774053829736
binance,gate,FUNUSDT,0.00139300,0.03112,2134.0273,1774053830036
binance,gate,FUNUSDT,0.00139300,0.03112,2134.0273,1774053830336
binance,gate,FUNUSDT,0.00139300,0.03112,2134.0273,1774053830636
binance,gate,FUNUSDT,0.00139300,0.03112,2134.0273,1774053830936
binance,gate,FUNUSDT,0.00139300,0.03112,2134.0273,1774053831237
binance,gate,FUNUSDT,0.00139300,0.03112,2134.0273,1774053831538
binance,gate,FUNUSDT,0.00139300,0.03112,2134.0273,1774053831838
binance,gate,FUNUSDT,0.00139300,0.03112,2134.0273,1774053832140
binance,gate,FUNUSDT,0.00139300,0.03112,2134.0273,1774053832444
binance,gate,FUNUSDT,0.00139300,0.03112,2134.0273,1774053832760
binance,gate,FUNUSDT,0.00139300,0.03112,2134.0273,1774053833060
binance,gate,FUNUSDT,0.00139300,0.03112,2134.0273,1774053833361
binance,gate,FUNUSDT,0.00139300,0.03112,2134.0273,1774053833661
binance,gate,FUNUSDT,0.00139300,0.03112,2134.0273,1774053833961
binance,gate,FUNUSDT,0.00139300,0.03112,2134.0273,1774053834262
binance,gate,FUNUSDT,0.00139300,0.03112,2134.0273,1774053834563
binance,gate,FUNUSDT,0.00139300,0.03112,2134.0273,1774053834863
binance,gate,FUNUSDT,0.00139300,0.03112,2134.0273,1774053835163
binance,gate,FUNUSDT,0.00139300,0.03112,2134.0273,1774053835463
binance,gate,FUNUSDT,0.00139300,0.03112,2134.0273,1774053835764
binance,gate,FUNUSDT,0.00139300,0.03112,2134.0273,1774053836065
binance,gate,FUNUSDT,0.00139300,0.03112,2134.0273,1774053836366
binance,gate,FUNUSDT,0.00139300,0.03112,2134.0273,1774053836666
binance,gate,FUNUSDT,0.00139300,0.03112,2134.0273,1774053836966
binance,gate,FUNUSDT,0.00139300,0.03112,2134.0273,1774053837268
binance,gate,FUNUSDT,0.00139300,0.03112,2134.0273,1774053837568
binance,gate,FUNUSDT,0.00139300,0.03112,2134.0273,1774053837868
binance,gate,FUNUSDT,0.00139300,0.03112,2134.0273,1774053838168
binance,gate,FUNUSDT,0.00139300,0.03112,2134.0273,1774053838468
binance,gate,FUNUSDT,0.00139300,0.03112,2134.0273,1774053838768
binance,gate,FUNUSDT,0.00139300,0.03112,2134.0273,1774053839069
binance,gate,FUNUSDT,0.00139300,0.03112,2134.0273,1774053839369
binance,gate,FUNUSDT,0.00139300,0.03112,2134.0273,1774053839669
binance,gate,FUNUSDT,0.00139300,0.03112,2134.0273,1774053839969
binance,gate,FUNUSDT,0.00139300,0.03112,2134.0273,1774053840280
binance,gate,FUNUSDT,0.00139300,0.03112,2134.0273,1774053840595
binance,gate,FUNUSDT,0.00139300,0.03112,2134.0273,1774053840907
binance,gate,FUNUSDT,0.00139300,0.03112,2134.0273,1774053841221
binance,gate,FUNUSDT,0.00139300,0.03112,2134.0273,1774053841533
binance,gate,FUNUSDT,0.00139300,0.03112,2134.0273,1774053841842
binance,gate,FUNUSDT,0.00139300,0.03112,2134.0273,1774053842152
binance,gate,FUNUSDT,0.00139300,0.03112,2134.0273,1774053842456
binance,gate,FUNUSDT,0.00139300,0.03112,2134.0273,1774053842756
binance,gate,FUNUSDT,0.00139300,0.03112,2134.0273,1774053843056
binance,gate,FUNUSDT,0.00139300,0.03112,2134.0273,1774053843357
binance,gate,FUNUSDT,0.00139300,0.03112,2134.0273,1774053843658
binance,gate,FUNUSDT,0.00139300,0.03112,2134.0273,1774053843958
binance,gate,FUNUSDT,0.00139300,0.03112,2134.0273,1774053844259
binance,gate,FUNUSDT,0.00139300,0.03112,2134.0273,1774053844559
binance,gate,FUNUSDT,0.00139300,0.03112,2134.0273,1774053844859
binance,gate,FUNUSDT,0.00139300,0.03112,2134.0273,1774053845166
binance,gate,FUNUSDT,0.00139300,0.03112,2134.0273,1774053845467
binance,gate,FUNUSDT,0.00139300,0.03112,2134.0273,1774053845768
binance,gate,FUNUSDT,0.00139300,0.03112,2134.0273,1774053846068
binance,gate,FUNUSDT,0.00139300,0.03112,2134.0273,1774053846371
binance,gate,FUNUSDT,0.00139300,0.03112,2134.0273,1774053846672
binance,gate,FUNUSDT,0.00139300,0.03112,2134.0273,1774053846972
binance,gate,FUNUSDT,0.00139300,0.03112,2134.0273,1774053847273
binance,gate,FUNUSDT,0.00139300,0.03112,2134.0273,1774053847573
binance,gate,FUNUSDT,0.00139300,0.03112,2134.0273,1774053847873
binance,gate,FUNUSDT,0.00139300,0.03112,2134.0273,1774053848173
binance,gate,FUNUSDT,0.00139300,0.03112,2134.0273,1774053848473
binance,gate,FUNUSDT,0.00139300,0.03112,2134.0273,1774053848773
binance,gate,FUNUSDT,0.00139300,0.03112,2134.0273,1774053849075
binance,gate,FUNUSDT,0.00139300,0.03112,2134.0273,1774053849376
binance,gate,FUNUSDT,0.00139300,0.03112,2134.0273,1774053849676
binance,gate,FUNUSDT,0.00139300,0.03112,2134.0273,1774053849976
binance,gate,FUNUSDT,0.00139300,0.03112,2134.0273,1774053850276
binance,gate,FUNUSDT,0.00139300,0.03112,2134.0273,1774053850576
binance,gate,FUNUSDT,0.00139300,0.03112,2134.0273,1774053850877
binance,gate,FUNUSDT,0.00139300,0.03112,2134.0273,1774053851177
binance,gate,FUNUSDT,0.00139300,0.03112,2134.0273,1774053851478
binance,gate,FUNUSDT,0.00139300,0.03112,2134.0273,1774053851779
binance,gate,FUNUSDT,0.00139300,0.03112,2134.0273,1774053852079
binance,gate,FUNUSDT,0.00139300,0.03112,2134.0273,1774053852379
binance,gate,FUNUSDT,0.00139300,0.03112,2134.0273,1774053852679
binance,gate,FUNUSDT,0.00139300,0.03112,2134.0273,1774053852979
binance,gate,FUNUSDT,0.00139300,0.03112,2134.0273,1774053853279
binance,gate,FUNUSDT,0.00139300,0.03112,2134.0273,1774053853593
binance,gate,FUNUSDT,0.00139300,0.03112,2134.0273,1774053853893
binance,gate,FUNUSDT,0.00139300,0.03112,2134.0273,1774053854193
binance,gate,FUNUSDT,0.00139300,0.03112,2134.0273,1774053854493
binance,gate,FUNUSDT,0.00139300,0.03112,2134.0273,1774053854793
binance,gate,FUNUSDT,0.00139300,0.03112,2134.0273,1774053855094
binance,gate,FUNUSDT,0.00139300,0.03112,2134.0273,1774053855395
binance,gate,FUNUSDT,0.00139300,0.03112,2134.0273,1774053855695
binance,gate,FUNUSDT,0.00139300,0.03112,2134.0273,1774053855996
binance,gate,FUNUSDT,0.00139300,0.03112,2134.0273,1774053856299
binance,gate,FUNUSDT,0.00139300,0.03112,2134.0273,1774053856602
binance,gate,FUNUSDT,0.00139300,0.03112,2134.0273,1774053856902
binance,gate,FUNUSDT,0.00139300,0.03112,2134.0273,1774053857206
binance,gate,FUNUSDT,0.00139300,0.03112,2134.0273,1774053857507
binance,gate,FUNUSDT,0.00139300,0.03112,2134.0273,1774053857807
binance,gate,FUNUSDT,0.00139300,0.03112,2134.0273,1774053858110
binance,gate,FUNUSDT,0.00139300,0.03112,2134.0273,1774053858410
binance,gate,FUNUSDT,0.00139300,0.03112,2134.0273,1774053858711
binance,gate,FUNUSDT,0.00139300,0.03112,2134.0273,1774053859013
binance,gate,FUNUSDT,0.00139300,0.03112,2134.0273,1774053859315
binance,gate,FUNUSDT,0.00139300,0.03112,2134.0273,1774053859616
binance,gate,FUNUSDT,0.00139300,0.03112,2134.0273,1774053859918
binance,gate,FUNUSDT,0.00139300,0.03112,2134.0273,1774053860220
binance,gate,FUNUSDT,0.00139300,0.03112,2134.0273,1774053860521
binance,gate,FUNUSDT,0.00139300,0.03112,2134.0273,1774053860822
binance,gate,FUNUSDT,0.00139300,0.03112,2134.0273,1774053861124
binance,gate,FUNUSDT,0.00139300,0.03112,2134.0273,1774053861428
binance,gate,FUNUSDT,0.00139300,0.03112,2134.0273,1774053861728
binance,gate,FUNUSDT,0.00139300,0.03112,2134.0273,1774053862028
binance,gate,FUNUSDT,0.00139300,0.03112,2134.0273,1774053862331
binance,gate,FUNUSDT,0.00139300,0.03112,2134.0273,1774053862632
binance,gate,FUNUSDT,0.00139300,0.03112,2134.0273,1774053862932
binance,gate,FUNUSDT,0.00139300,0.03112,2134.0273,1774053863232
binance,gate,FUNUSDT,0.00139300,0.03112,2134.0273,1774053863532
binance,gate,FUNUSDT,0.00139300,0.03112,2134.0273,1774053863832
binance,gate,FUNUSDT,0.00139300,0.03112,2134.0273,1774053864132
binance,gate,FUNUSDT,0.00139300,0.03112,2134.0273,1774053864432
binance,gate,FUNUSDT,0.00139300,0.03112,2134.0273,1774053864733
binance,gate,FUNUSDT,0.00139300,0.03112,2134.0273,1774053865035
binance,gate,FUNUSDT,0.00139300,0.03112,2134.0273,1774053865347
binance,gate,FUNUSDT,0.00139300,0.03112,2134.0273,1774053865647
binance,gate,FUNUSDT,0.00139300,0.03112,2134.0273,1774053865947
binance,gate,FUNUSDT,0.00139300,0.03112,2134.0273,1774053866248
binance,gate,FUNUSDT,0.00139300,0.03112,2134.0273,1774053866548
binance,gate,FUNUSDT,0.00139300,0.03112,2134.0273,1774053866848
binance,gate,FUNUSDT,0.00139300,0.03112,2134.0273,1774053867148
binance,gate,FUNUSDT,0.00139300,0.03112,2134.0273,1774053867448
binance,gate,FUNUSDT,0.00139300,0.03112,2134.0273,1774053867748
binance,gate,FUNUSDT,0.00139300,0.03112,2134.0273,1774053868048
binance,gate,FUNUSDT,0.00139300,0.03112,2134.0273,1774053868348
binance,gate,FUNUSDT,0.00139300,0.03112,2134.0273,1774053868649
binance,gate,FUNUSDT,0.00139300,0.03112,2134.0273,1774053868949
binance,gate,FUNUSDT,0.00139300,0.03112,2134.0273,1774053869249
binance,gate,FUNUSDT,0.00139300,0.03112,2134.0273,1774053869550
binance,gate,FUNUSDT,0.00139300,0.03112,2134.0273,1774053869850
binance,gate,FUNUSDT,0.00139300,0.03112,2134.0273,1774053870150
binance,gate,FUNUSDT,0.00139300,0.03112,2134.0273,1774053870450
binance,gate,FUNUSDT,0.00139300,0.03112,2134.0273,1774053870750
binance,gate,FUNUSDT,0.00139300,0.03112,2134.0273,1774053871051
binance,gate,FUNUSDT,0.00139300,0.03112,2134.0273,1774053871351
binance,gate,FUNUSDT,0.00139300,0.03112,2134.0273,1774053871652
binance,gate,FUNUSDT,0.00139300,0.03112,2134.0273,1774053871952
binance,gate,FUNUSDT,0.00139300,0.03112,2134.0273,1774053872252
binance,gate,FUNUSDT,0.00139300,0.03112,2134.0273,1774053872552
binance,gate,FUNUSDT,0.00139300,0.03112,2134.0273,1774053872853
binance,gate,FUNUSDT,0.00139300,0.03112,2134.0273,1774053873153
binance,gate,FUNUSDT,0.00139300,0.03112,2134.0273,1774053873453
binance,gate,FUNUSDT,0.00139300,0.03112,2134.0273,1774053873754
binance,gate,FUNUSDT,0.00139300,0.03112,2134.0273,1774053874058
binance,gate,FUNUSDT,0.00139300,0.03112,2134.0273,1774053874358
binance,gate,FUNUSDT,0.00139300,0.03112,2134.0273,1774053874658
binance,gate,FUNUSDT,0.00139300,0.03112,2134.0273,1774053874959
binance,gate,FUNUSDT,0.00139300,0.03112,2134.0273,1774053875259
binance,gate,FUNUSDT,0.00139300,0.03112,2134.0273,1774053875559
binance,gate,FUNUSDT,0.00139300,0.03112,2134.0273,1774053875859
binance,gate,FUNUSDT,0.00139300,0.03112,2134.0273,1774053876159
binance,gate,FUNUSDT,0.00139300,0.03112,2134.0273,1774053876459
binance,gate,FUNUSDT,0.00139300,0.03112,2134.0273,1774053876760
binance,gate,FUNUSDT,0.00139300,0.03112,2134.0273,1774053877060
binance,gate,FUNUSDT,0.00139300,0.03112,2134.0273,1774053877360
binance,gate,FUNUSDT,0.00139300,0.03112,2134.0273,1774053877661
binance,gate,FUNUSDT,0.00139300,0.03112,2134.0273,1774053877961
binance,gate,FUNUSDT,0.00139300,0.03112,2134.0273,1774053878261
binance,gate,FUNUSDT,0.00139300,0.03112,2134.0273,1774053878562
binance,gate,FUNUSDT,0.00139300,0.03112,2134.0273,1774053878862
binance,gate,FUNUSDT,0.00139300,0.03112,2134.0273,1774053879162
binance,gate,FUNUSDT,0.00139300,0.03112,2134.0273,1774053879462
binance,gate,FUNUSDT,0.00139300,0.03112,2134.0273,1774053879762
binance,gate,FUNUSDT,0.00139300,0.03112,2134.0273,1774053880063
binance,gate,FUNUSDT,0.00139300,0.03112,2134.0273,1774053880363
binance,gate,FUNUSDT,0.00139300,0.03112,2134.0273,1774053880663
binance,gate,FUNUSDT,0.00139300,0.03112,2134.0273,1774053880963
binance,gate,FUNUSDT,0.00139300,0.03112,2134.0273,1774053881264
binance,gate,FUNUSDT,0.00139300,0.03112,2134.0273,1774053881564
binance,gate,FUNUSDT,0.00139300,0.03112,2134.0273,1774053881864
binance,gate,FUNUSDT,0.00139300,0.03112,2134.0273,1774053882165
binance,gate,FUNUSDT,0.00139300,0.03112,2134.0273,1774053882465
binance,gate,FUNUSDT,0.00139300,0.03112,2134.0273,1774053882765
binance,gate,FUNUSDT,0.00139300,0.03112,2134.0273,1774053883065
binance,gate,FUNUSDT,0.00139300,0.03112,2134.0273,1774053883366
binance,gate,FUNUSDT,0.00139300,0.03112,2134.0273,1774053883674
binance,gate,FUNUSDT,0.00139300,0.03112,2134.0273,1774053883974
binance,gate,FUNUSDT,0.00139300,0.03112,2134.0273,1774053884274
binance,gate,FUNUSDT,0.00139300,0.03112,2134.0273,1774053884574
binance,gate,FUNUSDT,0.00139300,0.03112,2134.0273,1774053884874
binance,gate,FUNUSDT,0.00139300,0.03112,2134.0273,1774053885175
binance,gate,FUNUSDT,0.00139300,0.03112,2134.0273,1774053885475
binance,gate,FUNUSDT,0.00139300,0.03112,2134.0273,1774053885776
binance,gate,FUNUSDT,0.00139300,0.03112,2134.0273,1774053886076
binance,gate,FUNUSDT,0.00139300,0.03112,2134.0273,1774053886379
binance,gate,FUNUSDT,0.00139300,0.03112,2134.0273,1774053886690
binance,gate,FUNUSDT,0.00139300,0.03112,2134.0273,1774053887003
binance,gate,FUNUSDT,0.00139300,0.03112,2134.0273,1774053887316
binance,gate,FUNUSDT,0.00139300,0.03112,2134.0273,1774053887626
binance,gate,FUNUSDT,0.00139300,0.03112,2134.0273,1774053887942
binance,gate,FUNUSDT,0.00139300,0.03112,2134.0273,1774053888254
binance,gate,FUNUSDT,0.00139300,0.03109,2131.8737,1774053888563
binance,gate,FUNUSDT,0.00139300,0.03109,2131.8737,1774053888868
binance,gate,FUNUSDT,0.00139300,0.03109,2131.8737,1774053889174
binance,gate,FUNUSDT,0.00139300,0.03109,2131.8737,1774053889482
binance,gate,FUNUSDT,0.00139300,0.03109,2131.8737,1774053889783
binance,gate,FUNUSDT,0.00139300,0.03109,2131.8737,1774053890083
binance,gate,FUNUSDT,0.00139300,0.03109,2131.8737,1774053890383
binance,gate,FUNUSDT,0.00139300,0.03109,2131.8737,1774053890683
binance,gate,FUNUSDT,0.00139300,0.03109,2131.8737,1774053890983
binance,gate,FUNUSDT,0.00139300,0.03109,2131.8737,1774053891284
binance,gate,FUNUSDT,0.00139300,0.0311,2132.5915,1774053891584
binance,gate,FUNUSDT,0.00139300,0.03111,2133.3094,1774053891884
binance,gate,FUNUSDT,0.00139300,0.03111,2133.3094,1774053892184
binance,gate,FUNUSDT,0.00139300,0.03111,2133.3094,1774053892484
binance,gate,FUNUSDT,0.00139300,0.03111,2133.3094,1774053892784
binance,gate,FUNUSDT,0.00139300,0.03111,2133.3094,1774053893089
binance,gate,FUNUSDT,0.00139300,0.03111,2133.3094,1774053893389
binance,gate,FUNUSDT,0.00139300,0.03111,2133.3094,1774053893690
binance,gate,FUNUSDT,0.00139300,0.03111,2133.3094,1774053893990
binance,gate,FUNUSDT,0.00139300,0.03112,2134.0273,1774053894290
binance,gate,FUNUSDT,0.00139300,0.03112,2134.0273,1774053894591
binance,gate,FUNUSDT,0.00139300,0.03112,2134.0273,1774053894891
binance,gate,FUNUSDT,0.00139300,0.03112,2134.0273,1774053895191
binance,gate,FUNUSDT,0.00139300,0.03112,2134.0273,1774053895491
binance,gate,FUNUSDT,0.00139300,0.03112,2134.0273,1774053895791
binance,gate,FUNUSDT,0.00139300,0.03112,2134.0273,1774053896092
binance,gate,FUNUSDT,0.00139300,0.03112,2134.0273,1774053896392
binance,gate,FUNUSDT,0.00139300,0.03112,2134.0273,1774053896693
binance,gate,FUNUSDT,0.00139300,0.03112,2134.0273,1774053896993
binance,gate,FUNUSDT,0.00139300,0.03112,2134.0273,1774053897293
binance,gate,FUNUSDT,0.00139300,0.03112,2134.0273,1774053897593
binance,gate,FUNUSDT,0.00139300,0.03112,2134.0273,1774053897894
binance,gate,FUNUSDT,0.00139300,0.03112,2134.0273,1774053898194
binance,gate,FUNUSDT,0.00139300,0.03112,2134.0273,1774053898494
binance,gate,FUNUSDT,0.00139300,0.03112,2134.0273,1774053898810
binance,gate,FUNUSDT,0.00139300,0.03112,2134.0273,1774053899121
binance,gate,FUNUSDT,0.00139300,0.03112,2134.0273,1774053899424
binance,gate,FUNUSDT,0.00139300,0.03112,2134.0273,1774053899732
binance,gate,FUNUSDT,0.00139300,0.03112,2134.0273,1774053900040
binance,gate,FUNUSDT,0.00139300,0.03112,2134.0273,1774053900354
binance,gate,FUNUSDT,0.00139300,0.03112,2134.0273,1774053900663
binance,gate,FUNUSDT,0.00139300,0.03112,2134.0273,1774053900981
binance,gate,FUNUSDT,0.00139300,0.03112,2134.0273,1774053901294
binance,gate,FUNUSDT,0.00139300,0.03112,2134.0273,1774053901598
binance,gate,FUNUSDT,0.00139300,0.03112,2134.0273,1774053901902
binance,gate,FUNUSDT,0.00139300,0.03112,2134.0273,1774053902206
binance,gate,FUNUSDT,0.00139300,0.03112,2134.0273,1774053902509
binance,gate,FUNUSDT,0.00139300,0.03112,2134.0273,1774053902812
binance,gate,FUNUSDT,0.00139300,0.03112,2134.0273,1774053903117
binance,gate,FUNUSDT,0.00139300,0.03112,2134.0273,1774053903425
binance,gate,FUNUSDT,0.00139300,0.03112,2134.0273,1774053903729
binance,gate,FUNUSDT,0.00139300,0.03112,2134.0273,1774053904039
binance,gate,FUNUSDT,0.00139300,0.03112,2134.0273,1774053904340
binance,gate,FUNUSDT,0.00139300,0.03112,2134.0273,1774053904642
binance,gate,FUNUSDT,0.00139300,0.03111,2133.3094,1774053904942
binance,gate,FUNUSDT,0.00139300,0.03111,2133.3094,1774053905247
binance,gate,FUNUSDT,0.00139300,0.03111,2133.3094,1774053905549
binance,gate,FUNUSDT,0.00139300,0.03111,2133.3094,1774053905849
binance,gate,FUNUSDT,0.00139300,0.03111,2133.3094,1774053906166
binance,gate,FUNUSDT,0.00139300,0.03111,2133.3094,1774053906466
binance,gate,FUNUSDT,0.00139300,0.03111,2133.3094,1774053906776
binance,gate,FUNUSDT,0.00139300,0.03111,2133.3094,1774053907077
binance,gate,FUNUSDT,0.00139300,0.03111,2133.3094,1774053907378
binance,gate,FUNUSDT,0.00139300,0.03111,2133.3094,1774053907678
binance,gate,FUNUSDT,0.00139300,0.03111,2133.3094,1774053907978
binance,gate,FUNUSDT,0.00139300,0.03111,2133.3094,1774053908278
binance,gate,FUNUSDT,0.00139300,0.03111,2133.3094,1774053908580
binance,gate,FUNUSDT,0.00139300,0.03111,2133.3094,1774053908880
binance,gate,FUNUSDT,0.00139300,0.03111,2133.3094,1774053909180
binance,gate,FUNUSDT,0.00139300,0.03111,2133.3094,1774053909481
binance,gate,FUNUSDT,0.00139300,0.03111,2133.3094,1774053909781
binance,gate,FUNUSDT,0.00139300,0.03111,2133.3094,1774053910081
binance,gate,FUNUSDT,0.00139300,0.03111,2133.3094,1774053910381
binance,gate,FUNUSDT,0.00139300,0.03111,2133.3094,1774053910682
binance,gate,FUNUSDT,0.00139300,0.03111,2133.3094,1774053910982
binance,gate,FUNUSDT,0.00139300,0.03111,2133.3094,1774053911283
binance,gate,FUNUSDT,0.00139300,0.03111,2133.3094,1774053911583
binance,gate,FUNUSDT,0.00139300,0.03111,2133.3094,1774053911896
binance,gate,FUNUSDT,0.00139300,0.03111,2133.3094,1774053912207
binance,gate,FUNUSDT,0.00139300,0.03111,2133.3094,1774053912518
binance,gate,FUNUSDT,0.00139300,0.03111,2133.3094,1774053912833
binance,gate,FUNUSDT,0.00139300,0.03111,2133.3094,1774053913149
binance,gate,FUNUSDT,0.00139300,0.03111,2133.3094,1774053913465
binance,gate,FUNUSDT,0.00139300,0.03111,2133.3094,1774053913780
binance,gate,FUNUSDT,0.00139300,0.03111,2133.3094,1774053914098
binance,gate,FUNUSDT,0.00139300,0.03111,2133.3094,1774053914412
binance,gate,FUNUSDT,0.00139300,0.03111,2133.3094,1774053914722
binance,gate,FUNUSDT,0.00139400,0.03111,2131.7073,1774053915031
binance,gate,FUNUSDT,0.00139400,0.03111,2131.7073,1774053915342
binance,gate,FUNUSDT,0.00139400,0.03111,2131.7073,1774053915649
binance,gate,FUNUSDT,0.00139400,0.03111,2131.7073,1774053915962
binance,gate,FUNUSDT,0.00139400,0.03111,2131.7073,1774053916283
binance,gate,FUNUSDT,0.00139400,0.03111,2131.7073,1774053916595
binance,gate,FUNUSDT,0.00139400,0.03111,2131.7073,1774053916897
binance,gate,FUNUSDT,0.00139400,0.03111,2131.7073,1774053917222
binance,gate,FUNUSDT,0.00139400,0.03111,2131.7073,1774053917533
binance,gate,FUNUSDT,0.00139400,0.03111,2131.7073,1774053917846
binance,gate,FUNUSDT,0.00139400,0.03111,2131.7073,1774053918154
binance,gate,FUNUSDT,0.00139400,0.03111,2131.7073,1774053918462
binance,gate,FUNUSDT,0.00139400,0.03111,2131.7073,1774053918797
binance,gate,FUNUSDT,0.00139400,0.03111,2131.7073,1774053919104
binance,gate,FUNUSDT,0.00139400,0.03111,2131.7073,1774053919417
binance,gate,FUNUSDT,0.00139400,0.03111,2131.7073,1774053919726
binance,gate,FUNUSDT,0.00139400,0.03111,2131.7073,1774053920029
binance,gate,FUNUSDT,0.00139400,0.03111,2131.7073,1774053920337
binance,gate,FUNUSDT,0.00139400,0.03111,2131.7073,1774053920640
binance,gate,FUNUSDT,0.00139400,0.03111,2131.7073,1774053920940
binance,gate,FUNUSDT,0.00139400,0.03111,2131.7073,1774053921241
binance,gate,FUNUSDT,0.00139400,0.03111,2131.7073,1774053921541
binance,gate,FUNUSDT,0.00139400,0.03111,2131.7073,1774053921842
binance,gate,FUNUSDT,0.00139400,0.03111,2131.7073,1774053922143
binance,gate,FUNUSDT,0.00139400,0.03111,2131.7073,1774053922443
binance,gate,FUNUSDT,0.00139400,0.03111,2131.7073,1774053922743
binance,gate,FUNUSDT,0.00139400,0.03111,2131.7073,1774053923045
binance,gate,FUNUSDT,0.00139400,0.03111,2131.7073,1774053923345
binance,gate,FUNUSDT,0.00139400,0.03111,2131.7073,1774053923645
binance,gate,FUNUSDT,0.00139400,0.03111,2131.7073,1774053923945
binance,gate,FUNUSDT,0.00139400,0.03111,2131.7073,1774053924247
binance,gate,FUNUSDT,0.00139400,0.03111,2131.7073,1774053924547
binance,gate,FUNUSDT,0.00139400,0.03111,2131.7073,1774053924848
binance,gate,FUNUSDT,0.00139400,0.03111,2131.7073,1774053925149
binance,gate,FUNUSDT,0.00139400,0.03111,2131.7073,1774053925449
binance,gate,FUNUSDT,0.00139400,0.03111,2131.7073,1774053925749
binance,gate,FUNUSDT,0.00139400,0.03111,2131.7073,1774053926049
binance,gate,FUNUSDT,0.00139400,0.03111,2131.7073,1774053926349
binance,gate,FUNUSDT,0.00139400,0.03111,2131.7073,1774053926649
binance,gate,FUNUSDT,0.00139400,0.03111,2131.7073,1774053926950
binance,gate,FUNUSDT,0.00139400,0.03111,2131.7073,1774053927250
binance,gate,FUNUSDT,0.00139400,0.03111,2131.7073,1774053927550
binance,gate,FUNUSDT,0.00139400,0.03111,2131.7073,1774053927850
binance,gate,FUNUSDT,0.00139400,0.03111,2131.7073,1774053928151
binance,gate,FUNUSDT,0.00139400,0.03111,2131.7073,1774053928452
binance,gate,FUNUSDT,0.00139400,0.03111,2131.7073,1774053928752
binance,gate,FUNUSDT,0.00139400,0.03111,2131.7073,1774053929052
binance,gate,FUNUSDT,0.00139400,0.03111,2131.7073,1774053929353
binance,gate,FUNUSDT,0.00139400,0.03111,2131.7073,1774053929653
binance,gate,FUNUSDT,0.00139400,0.03111,2131.7073,1774053929962
binance,gate,FUNUSDT,0.00139400,0.03111,2131.7073,1774053930272
binance,gate,FUNUSDT,0.00139400,0.03111,2131.7073,1774053930583
binance,gate,FUNUSDT,0.00139400,0.03111,2131.7073,1774053930890
binance,gate,FUNUSDT,0.00139400,0.03111,2131.7073,1774053931196
binance,gate,FUNUSDT,0.00139400,0.03111,2131.7073,1774053931501
binance,gate,FUNUSDT,0.00139400,0.03111,2131.7073,1774053931814
binance,gate,FUNUSDT,0.00139400,0.03111,2131.7073,1774053932127
binance,gate,FUNUSDT,0.00139400,0.03111,2131.7073,1774053932436
binance,gate,FUNUSDT,0.00139400,0.03111,2131.7073,1774053932737
binance,gate,FUNUSDT,0.00139400,0.03111,2131.7073,1774053933040
binance,gate,FUNUSDT,0.00139400,0.03111,2131.7073,1774053933359
binance,gate,FUNUSDT,0.00139400,0.03111,2131.7073,1774053933668
binance,gate,FUNUSDT,0.00139400,0.03111,2131.7073,1774053933975
binance,gate,FUNUSDT,0.00139400,0.03111,2131.7073,1774053934275
binance,gate,FUNUSDT,0.00139400,0.03111,2131.7073,1774053934576
binance,gate,FUNUSDT,0.00139400,0.03111,2131.7073,1774053934877
binance,gate,FUNUSDT,0.00139400,0.03111,2131.7073,1774053935177
binance,gate,FUNUSDT,0.00139400,0.03111,2131.7073,1774053935477
binance,gate,FUNUSDT,0.00139400,0.03111,2131.7073,1774053935777
binance,gate,FUNUSDT,0.00139400,0.03111,2131.7073,1774053936078
binance,gate,FUNUSDT,0.00139400,0.03111,2131.7073,1774053936378
binance,gate,FUNUSDT,0.00139400,0.03111,2131.7073,1774053936678
binance,gate,FUNUSDT,0.00139400,0.03111,2131.7073,1774053936978
binance,gate,FUNUSDT,0.00139400,0.03111,2131.7073,1774053937279
binance,gate,FUNUSDT,0.00139400,0.03111,2131.7073,1774053937579
binance,gate,FUNUSDT,0.00139400,0.03111,2131.7073,1774053937879
binance,gate,FUNUSDT,0.00139400,0.03111,2131.7073,1774053938180
binance,gate,FUNUSDT,0.00139400,0.03111,2131.7073,1774053938480
binance,gate,FUNUSDT,0.00139400,0.03111,2131.7073,1774053938780
binance,gate,FUNUSDT,0.00139400,0.03111,2131.7073,1774053939080
binance,gate,FUNUSDT,0.00139400,0.03111,2131.7073,1774053939380
binance,gate,FUNUSDT,0.00139400,0.03111,2131.7073,1774053939680
binance,gate,FUNUSDT,0.00139400,0.03111,2131.7073,1774053939981
binance,gate,FUNUSDT,0.00139400,0.03111,2131.7073,1774053940281
binance,gate,FUNUSDT,0.00139400,0.03111,2131.7073,1774053940581
binance,gate,FUNUSDT,0.00139400,0.03111,2131.7073,1774053940881
binance,gate,FUNUSDT,0.00139400,0.03111,2131.7073,1774053941181
binance,gate,FUNUSDT,0.00139400,0.03111,2131.7073,1774053941482
binance,gate,FUNUSDT,0.00139400,0.03111,2131.7073,1774053941782
binance,gate,FUNUSDT,0.00139400,0.03111,2131.7073,1774053942082
binance,gate,FUNUSDT,0.00139400,0.03111,2131.7073,1774053942382
binance,gate,FUNUSDT,0.00139400,0.03111,2131.7073,1774053942683
binance,gate,FUNUSDT,0.00139400,0.03111,2131.7073,1774053942983
binance,gate,FUNUSDT,0.00139400,0.03111,2131.7073,1774053943283
binance,gate,FUNUSDT,0.00139400,0.03113,2133.142,1774053943583
binance,gate,FUNUSDT,0.00139400,0.03113,2133.142,1774053943884
binance,gate,FUNUSDT,0.00139400,0.03113,2133.142,1774053944184
binance,gate,FUNUSDT,0.00139400,0.03113,2133.142,1774053944484
binance,gate,FUNUSDT,0.00139400,0.03113,2133.142,1774053944785
binance,gate,FUNUSDT,0.00139400,0.03113,2133.142,1774053945085
binance,gate,FUNUSDT,0.00139400,0.03113,2133.142,1774053945385
binance,gate,FUNUSDT,0.00139400,0.03113,2133.142,1774053945685
binance,gate,FUNUSDT,0.00139400,0.03113,2133.142,1774053945985
binance,gate,FUNUSDT,0.00139400,0.03113,2133.142,1774053946286
binance,gate,FUNUSDT,0.00139400,0.03113,2133.142,1774053946586
binance,gate,FUNUSDT,0.00139400,0.03113,2133.142,1774053946886
binance,gate,FUNUSDT,0.00139400,0.03113,2133.142,1774053947187
binance,gate,FUNUSDT,0.00139400,0.03113,2133.142,1774053947487
binance,gate,FUNUSDT,0.00139400,0.03113,2133.142,1774053947787
binance,gate,FUNUSDT,0.00139400,0.03113,2133.142,1774053948087
binance,gate,FUNUSDT,0.00139400,0.03113,2133.142,1774053948388
binance,gate,FUNUSDT,0.00139400,0.03113,2133.142,1774053948688
binance,gate,FUNUSDT,0.00139400,0.03113,2133.142,1774053948988
binance,gate,FUNUSDT,0.00139400,0.03113,2133.142,1774053949288
binance,gate,FUNUSDT,0.00139400,0.03113,2133.142,1774053949589
binance,gate,FUNUSDT,0.00139400,0.03113,2133.142,1774053949889
binance,gate,FUNUSDT,0.00139400,0.03113,2133.142,1774053950189
binance,gate,FUNUSDT,0.00139400,0.03113,2133.142,1774053950489
binance,gate,FUNUSDT,0.00139400,0.03113,2133.142,1774053950789
binance,gate,FUNUSDT,0.00139400,0.03113,2133.142,1774053951089
binance,gate,FUNUSDT,0.00139400,0.03113,2133.142,1774053951389
binance,gate,FUNUSDT,0.00139400,0.03113,2133.142,1774053951690
binance,gate,FUNUSDT,0.00139400,0.03113,2133.142,1774053952003
binance,gate,FUNUSDT,0.00139400,0.03113,2133.142,1774053952313
binance,gate,FUNUSDT,0.00139400,0.03113,2133.142,1774053952621
binance,gate,FUNUSDT,0.00139400,0.03113,2133.142,1774053952925
binance,gate,FUNUSDT,0.00139400,0.03113,2133.142,1774053953232
binance,gate,FUNUSDT,0.00139400,0.03113,2133.142,1774053953536
binance,gate,FUNUSDT,0.00139400,0.03113,2133.142,1774053953839
binance,gate,FUNUSDT,0.00139400,0.03113,2133.142,1774053954139
binance,gate,FUNUSDT,0.00139400,0.03113,2133.142,1774053954439
binance,gate,FUNUSDT,0.00139400,0.03113,2133.142,1774053954739
binance,gate,FUNUSDT,0.00139400,0.03113,2133.142,1774053955040
binance,gate,FUNUSDT,0.00139400,0.03113,2133.142,1774053955340
binance,gate,FUNUSDT,0.00139400,0.03113,2133.142,1774053955640
binance,gate,FUNUSDT,0.00139400,0.03113,2133.142,1774053955940
binance,gate,FUNUSDT,0.00139400,0.03113,2133.142,1774053956240
binance,gate,FUNUSDT,0.00139400,0.03113,2133.142,1774053956541
binance,gate,FUNUSDT,0.00139400,0.03113,2133.142,1774053956841
binance,gate,FUNUSDT,0.00139400,0.03113,2133.142,1774053957143
binance,gate,FUNUSDT,0.00139400,0.03113,2133.142,1774053957443
binance,gate,FUNUSDT,0.00139400,0.03113,2133.142,1774053957743
binance,gate,FUNUSDT,0.00139400,0.03113,2133.142,1774053958043
binance,gate,FUNUSDT,0.00139400,0.03113,2133.142,1774053958343
binance,gate,FUNUSDT,0.00139400,0.03113,2133.142,1774053958644
binance,gate,FUNUSDT,0.00139400,0.03113,2133.142,1774053958944
binance,gate,FUNUSDT,0.00139400,0.03113,2133.142,1774053959244
binance,gate,FUNUSDT,0.00139400,0.03113,2133.142,1774053959544
binance,gate,FUNUSDT,0.00139400,0.03113,2133.142,1774053959844
binance,gate,FUNUSDT,0.00139400,0.03113,2133.142,1774053960147
binance,gate,FUNUSDT,0.00139400,0.03113,2133.142,1774053960456
binance,gate,FUNUSDT,0.00139400,0.03113,2133.142,1774053960762
binance,gate,FUNUSDT,0.00139400,0.03113,2133.142,1774053961069
binance,gate,FUNUSDT,0.00139400,0.03113,2133.142,1774053961380
binance,gate,FUNUSDT,0.00139400,0.03113,2133.142,1774053961700
binance,gate,FUNUSDT,0.00139400,0.03113,2133.142,1774053962011
binance,gate,FUNUSDT,0.00139400,0.03113,2133.142,1774053962322
binance,gate,FUNUSDT,0.00139400,0.03113,2133.142,1774053962632
binance,gate,FUNUSDT,0.00139400,0.03113,2133.142,1774053962946
binance,gate,FUNUSDT,0.00139400,0.03113,2133.142,1774053963258
binance,gate,FUNUSDT,0.00139400,0.03113,2133.142,1774053963567
binance,gate,FUNUSDT,0.00139400,0.03113,2133.142,1774053963867
binance,gate,FUNUSDT,0.00139400,0.03113,2133.142,1774053964167
binance,gate,FUNUSDT,0.00139400,0.03113,2133.142,1774053964467
binance,gate,FUNUSDT,0.00139400,0.03113,2133.142,1774053964768
binance,gate,FUNUSDT,0.00139400,0.03113,2133.142,1774053965068
binance,gate,FUNUSDT,0.00139400,0.03113,2133.142,1774053965368
binance,gate,FUNUSDT,0.00139400,0.03113,2133.142,1774053965668
binance,gate,FUNUSDT,0.00139400,0.03113,2133.142,1774053965968
binance,gate,FUNUSDT,0.00139400,0.03113,2133.142,1774053966269
binance,gate,FUNUSDT,0.00139400,0.03113,2133.142,1774053966569
binance,gate,FUNUSDT,0.00139400,0.03113,2133.142,1774053966869
binance,gate,FUNUSDT,0.00139400,0.03113,2133.142,1774053967169
binance,gate,FUNUSDT,0.00139400,0.03113,2133.142,1774053967469
binance,gate,FUNUSDT,0.00139400,0.03113,2133.142,1774053967769
binance,gate,FUNUSDT,0.00139400,0.03113,2133.142,1774053968070
binance,gate,FUNUSDT,0.00139400,0.03113,2133.142,1774053968370
binance,gate,FUNUSDT,0.00139400,0.03113,2133.142,1774053968678
binance,gate,FUNUSDT,0.00139400,0.03113,2133.142,1774053968978
binance,gate,FUNUSDT,0.00139400,0.03113,2133.142,1774053969278
binance,gate,FUNUSDT,0.00139400,0.03113,2133.142,1774053969579
binance,gate,FUNUSDT,0.00139400,0.03113,2133.142,1774053969879
binance,gate,FUNUSDT,0.00139400,0.03113,2133.142,1774053970179
binance,gate,FUNUSDT,0.00139400,0.03113,2133.142,1774053970479
binance,gate,FUNUSDT,0.00139400,0.03113,2133.142,1774053970779
binance,gate,FUNUSDT,0.00139500,0.03113,2131.5412,1774053971079
binance,gate,FUNUSDT,0.00139500,0.03113,2131.5412,1774053971380
binance,gate,FUNUSDT,0.00139500,0.03113,2131.5412,1774053971681
binance,gate,FUNUSDT,0.00139500,0.03113,2131.5412,1774053971982
binance,gate,FUNUSDT,0.00139500,0.03113,2131.5412,1774053972291
binance,gate,FUNUSDT,0.00139500,0.03113,2131.5412,1774053972591
binance,gate,FUNUSDT,0.00139500,0.03113,2131.5412,1774053972891
binance,gate,FUNUSDT,0.00139500,0.03113,2131.5412,1774053973197
binance,gate,FUNUSDT,0.00139500,0.03113,2131.5412,1774053973511
binance,gate,FUNUSDT,0.00139500,0.03113,2131.5412,1774053973826
binance,gate,FUNUSDT,0.00139500,0.03113,2131.5412,1774053974133
binance,gate,FUNUSDT,0.00139500,0.03113,2131.5412,1774053974438
binance,gate,FUNUSDT,0.00139500,0.03113,2131.5412,1774053974738
binance,gate,FUNUSDT,0.00139500,0.03113,2131.5412,1774053975039
binance,gate,FUNUSDT,0.00139500,0.03113,2131.5412,1774053975339
binance,gate,FUNUSDT,0.00139500,0.03115,2132.9749,1774053975640
binance,gate,FUNUSDT,0.00139500,0.03115,2132.9749,1774053975940
binance,gate,FUNUSDT,0.00139500,0.03115,2132.9749,1774053976240
binance,gate,FUNUSDT,0.00139500,0.03115,2132.9749,1774053976540
binance,gate,FUNUSDT,0.00139500,0.03115,2132.9749,1774053976841
binance,gate,FUNUSDT,0.00139500,0.03115,2132.9749,1774053977141
binance,gate,FUNUSDT,0.00139500,0.03115,2132.9749,1774053977441
binance,gate,FUNUSDT,0.00139500,0.03115,2132.9749,1774053977741
binance,gate,FUNUSDT,0.00139500,0.03115,2132.9749,1774053978042
binance,gate,FUNUSDT,0.00139500,0.03115,2132.9749,1774053978342
binance,gate,FUNUSDT,0.00139500,0.03115,2132.9749,1774053978647
binance,gate,FUNUSDT,0.00139500,0.03115,2132.9749,1774053978947
binance,gate,FUNUSDT,0.00139500,0.03115,2132.9749,1774053979247
binance,gate,FUNUSDT,0.00139500,0.03115,2132.9749,1774053979548
binance,gate,FUNUSDT,0.00139500,0.03116,2133.6918,1774053979848
binance,gate,FUNUSDT,0.00139500,0.03116,2133.6918,1774053980148
binance,gate,FUNUSDT,0.00139500,0.03116,2133.6918,1774053980448
binance,gate,FUNUSDT,0.00139500,0.03117,2134.4086,1774053980748
binance,gate,FUNUSDT,0.00139500,0.03117,2134.4086,1774053981048
binance,gate,FUNUSDT,0.00139500,0.03117,2134.4086,1774053981349
binance,gate,FUNUSDT,0.00139500,0.03118,2135.1254,1774053981649
binance,gate,FUNUSDT,0.00139500,0.03118,2135.1254,1774053981949
binance,gate,FUNUSDT,0.00139500,0.03118,2135.1254,1774053982249
binance,gate,FUNUSDT,0.00139500,0.03119,2135.8423,1774053982549
binance,gate,FUNUSDT,0.00139500,0.03119,2135.8423,1774053982851
binance,gate,FUNUSDT,0.00139500,0.03119,2135.8423,1774053983167
binance,gate,FUNUSDT,0.00139500,0.03119,2135.8423,1774053983468
binance,gate,FUNUSDT,0.00139500,0.03119,2135.8423,1774053983768
binance,gate,FUNUSDT,0.00139500,0.03119,2135.8423,1774053984068
binance,gate,FUNUSDT,0.00139500,0.03119,2135.8423,1774053984368
binance,gate,FUNUSDT,0.00139500,0.03119,2135.8423,1774053984669
binance,gate,FUNUSDT,0.00139500,0.03119,2135.8423,1774053984969
binance,gate,FUNUSDT,0.00139500,0.03119,2135.8423,1774053985270
binance,gate,FUNUSDT,0.00139500,0.03119,2135.8423,1774053985570
binance,gate,FUNUSDT,0.00139500,0.03119,2135.8423,1774053985870
binance,gate,FUNUSDT,0.00139500,0.03119,2135.8423,1774053986170
binance,gate,FUNUSDT,0.00139500,0.03119,2135.8423,1774053986471
binance,gate,FUNUSDT,0.00139500,0.03119,2135.8423,1774053986771
binance,gate,FUNUSDT,0.00139500,0.03119,2135.8423,1774053987071
binance,gate,FUNUSDT,0.00139500,0.03119,2135.8423,1774053987372
binance,gate,FUNUSDT,0.00139500,0.03119,2135.8423,1774053987672
binance,gate,FUNUSDT,0.00139500,0.03119,2135.8423,1774053987972
binance,gate,FUNUSDT,0.00139500,0.03119,2135.8423,1774053988272
binance,gate,FUNUSDT,0.00139500,0.03119,2135.8423,1774053988573
binance,gate,FUNUSDT,0.00139500,0.03119,2135.8423,1774053988873
binance,gate,FUNUSDT,0.00139500,0.03119,2135.8423,1774053989193
binance,gate,FUNUSDT,0.00139500,0.03119,2135.8423,1774053989505
binance,gate,FUNUSDT,0.00139500,0.03119,2135.8423,1774053989822
binance,gate,FUNUSDT,0.00139500,0.03119,2135.8423,1774053990134
binance,gate,FUNUSDT,0.00139500,0.03119,2135.8423,1774053990450
binance,gate,FUNUSDT,0.00139500,0.03119,2135.8423,1774053990756
binance,gate,FUNUSDT,0.00139500,0.03119,2135.8423,1774053991056
binance,gate,FUNUSDT,0.00139500,0.03119,2135.8423,1774053991357
binance,gate,FUNUSDT,0.00139500,0.03119,2135.8423,1774053991657
binance,gate,FUNUSDT,0.00139500,0.03119,2135.8423,1774053991957
binance,gate,FUNUSDT,0.00139500,0.03119,2135.8423,1774053992258
binance,gate,FUNUSDT,0.00139500,0.03119,2135.8423,1774053992558
binance,gate,FUNUSDT,0.00139500,0.03119,2135.8423,1774053992858
binance,gate,FUNUSDT,0.00139500,0.03119,2135.8423,1774053993159
binance,gate,FUNUSDT,0.00139500,0.03119,2135.8423,1774053993459
binance,gate,FUNUSDT,0.00139500,0.03119,2135.8423,1774053993760
binance,gate,FUNUSDT,0.00139500,0.03119,2135.8423,1774053994060
binance,gate,FUNUSDT,0.00139500,0.03119,2135.8423,1774053994361
binance,gate,FUNUSDT,0.00139500,0.03119,2135.8423,1774053994661
binance,gate,FUNUSDT,0.00139500,0.03119,2135.8423,1774053994961
binance,gate,FUNUSDT,0.00139500,0.03119,2135.8423,1774053995261
binance,gate,FUNUSDT,0.00139500,0.03119,2135.8423,1774053995561
binance,gate,FUNUSDT,0.00139500,0.03119,2135.8423,1774053995862
binance,gate,FUNUSDT,0.00139500,0.03119,2135.8423,1774053996162
binance,gate,FUNUSDT,0.00139500,0.03119,2135.8423,1774053996462
binance,gate,FUNUSDT,0.00139500,0.03119,2135.8423,1774053996762
binance,gate,FUNUSDT,0.00139500,0.03119,2135.8423,1774053997066
binance,gate,FUNUSDT,0.00139500,0.03119,2135.8423,1774053997366
binance,gate,FUNUSDT,0.00139500,0.03119,2135.8423,1774053997667
binance,gate,FUNUSDT,0.00139500,0.03119,2135.8423,1774053997967
binance,gate,FUNUSDT,0.00139500,0.03119,2135.8423,1774053998267
binance,gate,FUNUSDT,0.00139500,0.03119,2135.8423,1774053998567
binance,gate,FUNUSDT,0.00139500,0.03119,2135.8423,1774053998868
binance,gate,FUNUSDT,0.00139500,0.03119,2135.8423,1774053999169
binance,gate,FUNUSDT,0.00139500,0.03119,2135.8423,1774053999469
binance,gate,FUNUSDT,0.00139500,0.03119,2135.8423,1774053999769
binance,gate,FUNUSDT,0.00139500,0.03119,2135.8423,1774054000070
binance,gate,FUNUSDT,0.00139500,0.03119,2135.8423,1774054000370
binance,gate,FUNUSDT,0.00139500,0.03119,2135.8423,1774054000670
binance,gate,FUNUSDT,0.00139500,0.03119,2135.8423,1774054000979
binance,gate,FUNUSDT,0.00139500,0.03119,2135.8423,1774054001290
binance,gate,FUNUSDT,0.00139500,0.03119,2135.8423,1774054001592
binance,gate,FUNUSDT,0.00139500,0.03119,2135.8423,1774054001892
binance,gate,FUNUSDT,0.00139500,0.03119,2135.8423,1774054002192
binance,gate,FUNUSDT,0.00139500,0.03119,2135.8423,1774054002492
binance,gate,FUNUSDT,0.00139500,0.03119,2135.8423,1774054002792
binance,gate,FUNUSDT,0.00139500,0.03119,2135.8423,1774054003093
binance,gate,FUNUSDT,0.00139500,0.03119,2135.8423,1774054003393
binance,gate,FUNUSDT,0.00139500,0.03119,2135.8423,1774054003693
binance,gate,FUNUSDT,0.00139500,0.03119,2135.8423,1774054003994
binance,gate,FUNUSDT,0.00139500,0.03119,2135.8423,1774054004295
binance,gate,FUNUSDT,0.00139500,0.03119,2135.8423,1774054004595
binance,gate,FUNUSDT,0.00139500,0.03119,2135.8423,1774054004895
binance,gate,FUNUSDT,0.00139500,0.03119,2135.8423,1774054005195
binance,gate,FUNUSDT,0.00139500,0.03119,2135.8423,1774054005495
binance,gate,FUNUSDT,0.00139500,0.03119,2135.8423,1774054005799
binance,gate,FUNUSDT,0.00139500,0.03119,2135.8423,1774054006102
binance,gate,FUNUSDT,0.00139500,0.03119,2135.8423,1774054006406
binance,gate,FUNUSDT,0.00139500,0.03119,2135.8423,1774054006709
binance,gate,FUNUSDT,0.00139500,0.03119,2135.8423,1774054007010
binance,gate,FUNUSDT,0.00139500,0.03119,2135.8423,1774054007312
binance,gate,FUNUSDT,0.00139500,0.03119,2135.8423,1774054007614
binance,gate,FUNUSDT,0.00139500,0.03119,2135.8423,1774054007917
binance,gate,FUNUSDT,0.00139500,0.03119,2135.8423,1774054008222
binance,gate,FUNUSDT,0.00139500,0.03119,2135.8423,1774054008523
binance,gate,FUNUSDT,0.00139500,0.03119,2135.8423,1774054008825
binance,gate,FUNUSDT,0.00139500,0.03119,2135.8423,1774054009130
binance,gate,FUNUSDT,0.00139500,0.03119,2135.8423,1774054009430
binance,gate,FUNUSDT,0.00139500,0.03119,2135.8423,1774054009731
binance,gate,FUNUSDT,0.00139500,0.03119,2135.8423,1774054010032
binance,gate,FUNUSDT,0.00139500,0.03119,2135.8423,1774054010336
binance,gate,FUNUSDT,0.00139500,0.03119,2135.8423,1774054010636
binance,gate,FUNUSDT,0.00139500,0.03119,2135.8423,1774054010937
binance,gate,FUNUSDT,0.00139500,0.03119,2135.8423,1774054011238
binance,gate,FUNUSDT,0.00139500,0.03119,2135.8423,1774054011539
binance,gate,FUNUSDT,0.00139500,0.03119,2135.8423,1774054011839
binance,gate,FUNUSDT,0.00139500,0.03119,2135.8423,1774054012139
binance,gate,FUNUSDT,0.00139500,0.03119,2135.8423,1774054012439
binance,gate,FUNUSDT,0.00139500,0.03119,2135.8423,1774054012740
binance,gate,FUNUSDT,0.00139500,0.03119,2135.8423,1774054013040
binance,gate,FUNUSDT,0.00139500,0.03119,2135.8423,1774054013341
binance,gate,FUNUSDT,0.00139500,0.03119,2135.8423,1774054013641
binance,gate,FUNUSDT,0.00139500,0.03119,2135.8423,1774054013942
binance,gate,FUNUSDT,0.00139500,0.03119,2135.8423,1774054014243
binance,gate,FUNUSDT,0.00139500,0.03119,2135.8423,1774054014543
binance,gate,FUNUSDT,0.00139500,0.03119,2135.8423,1774054014843
binance,gate,FUNUSDT,0.00139500,0.03119,2135.8423,1774054015143
binance,gate,FUNUSDT,0.00139500,0.03119,2135.8423,1774054015444
binance,gate,FUNUSDT,0.00139500,0.03119,2135.8423,1774054015744
binance,gate,FUNUSDT,0.00139500,0.03119,2135.8423,1774054016044
binance,gate,FUNUSDT,0.00139500,0.03119,2135.8423,1774054016345
binance,gate,FUNUSDT,0.00139500,0.03119,2135.8423,1774054016645
binance,gate,FUNUSDT,0.00139500,0.03119,2135.8423,1774054016945
binance,gate,FUNUSDT,0.00139500,0.03119,2135.8423,1774054017245
binance,gate,FUNUSDT,0.00139500,0.03119,2135.8423,1774054017545
binance,gate,FUNUSDT,0.00139500,0.03119,2135.8423,1774054017846
binance,gate,FUNUSDT,0.00139500,0.03119,2135.8423,1774054018147
binance,gate,FUNUSDT,0.00139500,0.03119,2135.8423,1774054018447
binance,gate,FUNUSDT,0.00139500,0.03119,2135.8423,1774054018747
binance,gate,FUNUSDT,0.00139500,0.03119,2135.8423,1774054019047
binance,gate,FUNUSDT,0.00139500,0.03119,2135.8423,1774054019347
binance,gate,FUNUSDT,0.00139500,0.03119,2135.8423,1774054019648
binance,gate,FUNUSDT,0.00139500,0.03119,2135.8423,1774054019949
binance,gate,FUNUSDT,0.00139500,0.03119,2135.8423,1774054020253
binance,gate,FUNUSDT,0.00139500,0.03119,2135.8423,1774054020560
binance,gate,FUNUSDT,0.00139500,0.03119,2135.8423,1774054020868
binance,gate,FUNUSDT,0.00139500,0.03119,2135.8423,1774054021168
binance,gate,FUNUSDT,0.00139500,0.03119,2135.8423,1774054021469
binance,gate,FUNUSDT,0.00139500,0.03119,2135.8423,1774054021777
binance,gate,FUNUSDT,0.00139500,0.03119,2135.8423,1774054022089
binance,gate,FUNUSDT,0.00139500,0.03117,2134.4086,1774054022401
binance,gate,FUNUSDT,0.00139500,0.03117,2134.4086,1774054022717
binance,gate,FUNUSDT,0.00139400,0.03118,2136.7288,1774054023030
binance,gate,FUNUSDT,0.00139400,0.03118,2136.7288,1774054023342
binance,gate,FUNUSDT,0.00139400,0.03118,2136.7288,1774054023653
binance,gate,FUNUSDT,0.00139400,0.03118,2136.7288,1774054023969
binance,gate,FUNUSDT,0.00139400,0.03118,2136.7288,1774054024280
binance,gate,FUNUSDT,0.00139400,0.03118,2136.7288,1774054024599
binance,gate,FUNUSDT,0.00139400,0.03118,2136.7288,1774054024905
binance,gate,FUNUSDT,0.00139400,0.03118,2136.7288,1774054025220
binance,gate,FUNUSDT,0.00139400,0.03118,2136.7288,1774054025535
binance,gate,FUNUSDT,0.00139400,0.03118,2136.7288,1774054025850
binance,gate,FUNUSDT,0.00139400,0.03118,2136.7288,1774054026157
binance,gate,FUNUSDT,0.00139400,0.03118,2136.7288,1774054026466
binance,gate,FUNUSDT,0.00139400,0.03118,2136.7288,1774054026795
binance,gate,FUNUSDT,0.00139400,0.03118,2136.7288,1774054027100
binance,gate,FUNUSDT,0.00139400,0.03118,2136.7288,1774054027409
binance,gate,FUNUSDT,0.00139400,0.03118,2136.7288,1774054027720
binance,gate,FUNUSDT,0.00139400,0.03118,2136.7288,1774054028028
binance,gate,FUNUSDT,0.00139400,0.03118,2136.7288,1774054028340
binance,gate,FUNUSDT,0.00139400,0.03118,2136.7288,1774054028642
binance,gate,FUNUSDT,0.00139400,0.03118,2136.7288,1774054028942
binance,gate,FUNUSDT,0.00139400,0.03118,2136.7288,1774054029242
binance,gate,FUNUSDT,0.00139400,0.03118,2136.7288,1774054029542
binance,gate,FUNUSDT,0.00139400,0.03118,2136.7288,1774054029843
binance,gate,FUNUSDT,0.00139400,0.03118,2136.7288,1774054030148
binance,gate,FUNUSDT,0.00139400,0.03118,2136.7288,1774054030448
binance,gate,FUNUSDT,0.00139400,0.03118,2136.7288,1774054030748
binance,gate,FUNUSDT,0.00139400,0.03118,2136.7288,1774054031048
binance,gate,FUNUSDT,0.00139400,0.03118,2136.7288,1774054031349
binance,gate,FUNUSDT,0.00139400,0.03118,2136.7288,1774054031651
binance,gate,FUNUSDT,0.00139400,0.03118,2136.7288,1774054031951
binance,gate,FUNUSDT,0.00139400,0.03118,2136.7288,1774054032251
binance,gate,FUNUSDT,0.00139400,0.03118,2136.7288,1774054032551
binance,gate,FUNUSDT,0.00139400,0.03118,2136.7288,1774054032851
binance,gate,FUNUSDT,0.00139400,0.03118,2136.7288,1774054033152
binance,gate,FUNUSDT,0.00139400,0.03118,2136.7288,1774054033453
binance,gate,FUNUSDT,0.00139400,0.03118,2136.7288,1774054033753
binance,gate,FUNUSDT,0.00139400,0.03118,2136.7288,1774054034053
binance,gate,FUNUSDT,0.00139400,0.03118,2136.7288,1774054034353
binance,gate,FUNUSDT,0.00139400,0.03108,2129.5552,1774054034653
binance,gate,FUNUSDT,0.00139400,0.03104,2126.6858,1774054034953
binance,gate,FUNUSDT,0.00139400,0.03104,2126.6858,1774054035255
binance,gate,FUNUSDT,0.00139400,0.03104,2126.6858,1774054035555
binance,gate,FUNUSDT,0.00139400,0.03104,2126.6858,1774054035855
binance,gate,FUNUSDT,0.00139400,0.03107,2128.8379,1774054036155
binance,gate,FUNUSDT,0.00139400,0.03107,2128.8379,1774054036456
binance,gate,FUNUSDT,0.00139400,0.03107,2128.8379,1774054036757
binance,gate,FUNUSDT,0.00139400,0.03108,2129.5552,1774054037057
binance,gate,FUNUSDT,0.00139400,0.03108,2129.5552,1774054037357
binance,gate,FUNUSDT,0.00139400,0.03108,2129.5552,1774054037657
binance,gate,FUNUSDT,0.00139400,0.03108,2129.5552,1774054037957
binance,gate,FUNUSDT,0.00139400,0.03108,2129.5552,1774054038258
binance,gate,FUNUSDT,0.00139400,0.03106,2128.1205,1774054038559
binance,gate,FUNUSDT,0.00139400,0.03106,2128.1205,1774054038859
binance,gate,FUNUSDT,0.00139400,0.03106,2128.1205,1774054039160
binance,gate,FUNUSDT,0.00139400,0.03106,2128.1205,1774054039460
binance,gate,FUNUSDT,0.00139400,0.03106,2128.1205,1774054039760
binance,gate,FUNUSDT,0.00139400,0.03106,2128.1205,1774054040060
binance,gate,FUNUSDT,0.00139400,0.03106,2128.1205,1774054040361
binance,gate,FUNUSDT,0.00139400,0.03106,2128.1205,1774054040661
binance,gate,FUNUSDT,0.00139400,0.03106,2128.1205,1774054040961
binance,gate,FUNUSDT,0.00139400,0.03106,2128.1205,1774054041261
binance,gate,FUNUSDT,0.00139400,0.03105,2127.4032,1774054041562
binance,gate,FUNUSDT,0.00139400,0.03105,2127.4032,1774054041862
binance,gate,FUNUSDT,0.00139400,0.03106,2128.1205,1774054042162
binance,gate,FUNUSDT,0.00139400,0.03106,2128.1205,1774054042462
binance,gate,FUNUSDT,0.00139400,0.03106,2128.1205,1774054042762
binance,gate,FUNUSDT,0.00139400,0.03106,2128.1205,1774054043062
binance,gate,FUNUSDT,0.00139400,0.03106,2128.1205,1774054043362
binance,gate,FUNUSDT,0.00139400,0.03106,2128.1205,1774054043662
binance,gate,FUNUSDT,0.00139400,0.03106,2128.1205,1774054043964
binance,gate,FUNUSDT,0.00139400,0.03106,2128.1205,1774054044264
binance,gate,FUNUSDT,0.00139400,0.03106,2128.1205,1774054044564
binance,gate,FUNUSDT,0.00139400,0.03106,2128.1205,1774054044872
binance,gate,FUNUSDT,0.00139400,0.03106,2128.1205,1774054045172
binance,gate,FUNUSDT,0.00139400,0.03106,2128.1205,1774054045472
binance,gate,FUNUSDT,0.00139400,0.03106,2128.1205,1774054045773
binance,gate,FUNUSDT,0.00139400,0.03106,2128.1205,1774054046073
binance,gate,FUNUSDT,0.00139400,0.03106,2128.1205,1774054046373
binance,gate,FUNUSDT,0.00139400,0.03106,2128.1205,1774054046674
binance,gate,FUNUSDT,0.00139400,0.03106,2128.1205,1774054046975
binance,gate,FUNUSDT,0.00139400,0.03106,2128.1205,1774054047275
binance,gate,FUNUSDT,0.00139400,0.03106,2128.1205,1774054047575
binance,gate,FUNUSDT,0.00139400,0.03106,2128.1205,1774054047876
binance,gate,FUNUSDT,0.00139400,0.03106,2128.1205,1774054048176
binance,gate,FUNUSDT,0.00139400,0.03106,2128.1205,1774054048478
binance,gate,FUNUSDT,0.00139400,0.03106,2128.1205,1774054048778
binance,gate,FUNUSDT,0.00139400,0.03106,2128.1205,1774054049079
binance,gate,FUNUSDT,0.00139400,0.03106,2128.1205,1774054049379
binance,gate,FUNUSDT,0.00139400,0.03106,2128.1205,1774054049679
binance,gate,FUNUSDT,0.00139400,0.03106,2128.1205,1774054049980
binance,gate,FUNUSDT,0.00139400,0.03106,2128.1205,1774054050281
binance,gate,FUNUSDT,0.00139400,0.03106,2128.1205,1774054050581
binance,gate,FUNUSDT,0.00139400,0.03106,2128.1205,1774054050882
binance,gate,FUNUSDT,0.00139400,0.03106,2128.1205,1774054051182
binance,gate,FUNUSDT,0.00139400,0.03106,2128.1205,1774054051483
binance,gate,FUNUSDT,0.00139400,0.03106,2128.1205,1774054051785
binance,gate,FUNUSDT,0.00139400,0.03106,2128.1205,1774054052085
binance,gate,FUNUSDT,0.00139400,0.03105,2127.4032,1774054052386
binance,gate,FUNUSDT,0.00139400,0.03106,2128.1205,1774054052693
binance,gate,FUNUSDT,0.00139400,0.03106,2128.1205,1774054053007
binance,gate,FUNUSDT,0.00139400,0.03106,2128.1205,1774054053320
binance,gate,FUNUSDT,0.00139400,0.03106,2128.1205,1774054053624
binance,gate,FUNUSDT,0.00139400,0.03106,2128.1205,1774054053929
binance,gate,FUNUSDT,0.00139400,0.03106,2128.1205,1774054054240
binance,gate,FUNUSDT,0.00139400,0.03106,2128.1205,1774054054549
binance,gate,FUNUSDT,0.00139400,0.03106,2128.1205,1774054054849
binance,gate,FUNUSDT,0.00139400,0.03106,2128.1205,1774054055151
binance,gate,FUNUSDT,0.00139400,0.03106,2128.1205,1774054055451
binance,gate,FUNUSDT,0.00139400,0.03106,2128.1205,1774054055751
binance,gate,FUNUSDT,0.00139400,0.03106,2128.1205,1774054056052
binance,gate,FUNUSDT,0.00139400,0.03106,2128.1205,1774054056352
binance,gate,FUNUSDT,0.00139400,0.03106,2128.1205,1774054056652
binance,gate,FUNUSDT,0.00139400,0.03106,2128.1205,1774054056952
binance,gate,FUNUSDT,0.00139400,0.03106,2128.1205,1774054057253
binance,gate,FUNUSDT,0.00139400,0.03106,2128.1205,1774054057553
binance,gate,FUNUSDT,0.00139400,0.03106,2128.1205,1774054057853
binance,gate,FUNUSDT,0.00139400,0.03105,2127.4032,1774054058153
binance,gate,FUNUSDT,0.00139400,0.03105,2127.4032,1774054058454
binance,gate,FUNUSDT,0.00139400,0.03105,2127.4032,1774054058754
binance,gate,FUNUSDT,0.00139400,0.03105,2127.4032,1774054059054
binance,gate,FUNUSDT,0.00139400,0.03105,2127.4032,1774054059365
binance,gate,FUNUSDT,0.00139400,0.03105,2127.4032,1774054059665
binance,gate,FUNUSDT,0.00139400,0.03105,2127.4032,1774054059965
binance,gate,FUNUSDT,0.00139400,0.03105,2127.4032,1774054060265
binance,gate,FUNUSDT,0.00139400,0.03105,2127.4032,1774054060566
binance,gate,FUNUSDT,0.00139400,0.03105,2127.4032,1774054060866
binance,gate,FUNUSDT,0.00139400,0.03105,2127.4032,1774054061166
binance,gate,FUNUSDT,0.00139400,0.03105,2127.4032,1774054061466
binance,gate,FUNUSDT,0.00139400,0.03105,2127.4032,1774054061767
binance,gate,FUNUSDT,0.00139400,0.03105,2127.4032,1774054062067
binance,gate,FUNUSDT,0.00139400,0.03105,2127.4032,1774054062368
binance,gate,FUNUSDT,0.00139400,0.03105,2127.4032,1774054062668
binance,gate,FUNUSDT,0.00139400,0.03105,2127.4032,1774054062968
binance,gate,FUNUSDT,0.00139400,0.03106,2128.1205,1774054063269
binance,gate,FUNUSDT,0.00139400,0.03106,2128.1205,1774054063570
binance,gate,FUNUSDT,0.00139400,0.03106,2128.1205,1774054063870
binance,gate,FUNUSDT,0.00139400,0.03106,2128.1205,1774054064170
binance,gate,FUNUSDT,0.00139400,0.03106,2128.1205,1774054064471
binance,gate,FUNUSDT,0.00139400,0.03106,2128.1205,1774054064771
binance,gate,FUNUSDT,0.00139400,0.03106,2128.1205,1774054065071
binance,gate,FUNUSDT,0.00139400,0.03106,2128.1205,1774054065372
binance,gate,FUNUSDT,0.00139400,0.03106,2128.1205,1774054065672
binance,gate,FUNUSDT,0.00139400,0.03106,2128.1205,1774054065972
binance,gate,FUNUSDT,0.00139400,0.03105,2127.4032,1774054066272
binance,gate,FUNUSDT,0.00139400,0.03105,2127.4032,1774054066572
binance,gate,FUNUSDT,0.00139400,0.03105,2127.4032,1774054066873
binance,gate,FUNUSDT,0.00139400,0.03105,2127.4032,1774054067173
binance,gate,FUNUSDT,0.00139400,0.03105,2127.4032,1774054067473
binance,gate,FUNUSDT,0.00139400,0.03105,2127.4032,1774054067773
binance,gate,FUNUSDT,0.00139400,0.03105,2127.4032,1774054068074
binance,gate,FUNUSDT,0.00139400,0.03105,2127.4032,1774054068374
binance,gate,FUNUSDT,0.00139400,0.03105,2127.4032,1774054068674
binance,gate,FUNUSDT,0.00139400,0.03105,2127.4032,1774054068975
binance,gate,FUNUSDT,0.00139400,0.03105,2127.4032,1774054069275
binance,gate,FUNUSDT,0.00139400,0.03105,2127.4032,1774054069575
binance,gate,FUNUSDT,0.00139400,0.03105,2127.4032,1774054069875
binance,gate,FUNUSDT,0.00139400,0.03105,2127.4032,1774054070175
binance,gate,FUNUSDT,0.00139400,0.03105,2127.4032,1774054070475
binance,gate,FUNUSDT,0.00139400,0.03105,2127.4032,1774054070776
binance,gate,FUNUSDT,0.00139400,0.03105,2127.4032,1774054071076
binance,gate,FUNUSDT,0.00139400,0.03105,2127.4032,1774054071390
binance,gate,FUNUSDT,0.00139400,0.03105,2127.4032,1774054071696
binance,gate,FUNUSDT,0.00139400,0.03105,2127.4032,1774054071997
binance,gate,FUNUSDT,0.00139400,0.03105,2127.4032,1774054072299
