spot_exch,fut_exch,symbol,ask_spot,bid_futures,spread_pct,ts
bybit,gate,ESUSDT,0.13966,0.13959,-0.0501,1774050383000
bybit,gate,ESUSDT,0.13966,0.13959,-0.0501,1774050386000
bybit,gate,ESUSDT,0.13966,0.13975,0.0644,1774050389000
bybit,gate,ESUSDT,0.13966,0.13975,0.0644,1774050392000
bybit,gate,ESUSDT,0.13966,0.13975,0.0644,1774050395000
bybit,gate,ESUSDT,0.13966,0.13975,0.0644,1774050407000
bybit,gate,ESUSDT,0.13966,0.13975,0.0644,1774050410000
bybit,gate,ESUSDT,0.13966,0.13975,0.0644,1774050413000
bybit,gate,ESUSDT,0.13966,0.13975,0.0644,1774050416000
bybit,gate,ESUSDT,0.13966,0.13975,0.0644,1774050419000
bybit,gate,ESUSDT,0.13966,0.13975,0.0644,1774050422000
bybit,gate,ESUSDT,0.13966,0.13975,0.0644,1774050425000
bybit,gate,ESUSDT,0.13966,0.13975,0.0644,1774050428000
bybit,gate,ESUSDT,0.13965,0.13882,-0.5943,1774050431000
bybit,gate,ESUSDT,0.13966,0.13955,-0.0788,1774050434000
bybit,gate,ESUSDT,0.13966,0.13956,-0.0716,1774050437000
bybit,gate,ESUSDT,0.13966,0.13947,-0.136,1774050443000
bybit,gate,ESUSDT,0.13966,0.13953,-0.0931,1774050446000
bybit,gate,ESUSDT,0.13966,0.13953,-0.0931,1774050449000
bybit,gate,ESUSDT,0.13966,0.13953,-0.0931,1774050452000
bybit,gate,ESUSDT,0.13966,0.13953,-0.0931,1774050461000
bybit,gate,ESUSDT,0.13966,0.13953,-0.0931,1774050462000
bybit,gate,ESUSDT,0.13966,0.13952,-0.1002,1774050467000
bybit,gate,ESUSDT,0.13966,0.13953,-0.0931,1774050470000
bybit,gate,ESUSDT,0.13966,0.13953,-0.0931,1774050473000
bybit,gate,ESUSDT,0.13966,0.13953,-0.0931,1774050476000
bybit,gate,ESUSDT,0.13966,0.13953,-0.0931,1774050479000
bybit,gate,ESUSDT,0.13966,0.13953,-0.0931,1774050482000
bybit,gate,ESUSDT,0.13966,0.13885,-0.58,1774050497000
bybit,gate,ESUSDT,0.13966,0.13908,-0.4153,1774050500000
bybit,gate,ESUSDT,0.13954,0.13983,0.2078,1774050508000
bybit,gate,ESUSDT,0.13954,0.13898,-0.4013,1774050512000
bybit,gate,ESUSDT,0.13954,0.13944,-0.0717,1774050515000
bybit,gate,ESUSDT,0.13954,0.13907,-0.3368,1774050521000
bybit,gate,ESUSDT,0.13954,0.13951,-0.0215,1774050533000
bybit,gate,ESUSDT,0.13954,0.13951,-0.0215,1774050536000
bybit,gate,ESUSDT,0.13954,0.13945,-0.0645,1774050548000
bybit,gate,ESUSDT,0.13954,0.13946,-0.0573,1774050551000
bybit,gate,ESUSDT,0.13954,0.13946,-0.0573,1774050554000
bybit,gate,ESUSDT,0.13954,0.13946,-0.0573,1774050560000
bybit,gate,ESUSDT,0.13954,0.13946,-0.0573,1774050563000
bybit,gate,ESUSDT,0.13954,0.13949,-0.0358,1774050566000
bybit,gate,ESUSDT,0.13954,0.13949,-0.0358,1774050568000
bybit,gate,ESUSDT,0.13954,0.1398,0.1863,1774050573000
bybit,gate,ESUSDT,0.13954,0.1398,0.1863,1774050575000
bybit,gate,ESUSDT,0.13954,0.1396,0.043,1774050578000
bybit,gate,ESUSDT,0.13954,0.1396,0.043,1774050584000
bybit,gate,ESUSDT,0.13954,0.1396,0.043,1774050587000
bybit,gate,ESUSDT,0.13954,0.1396,0.043,1774050590000
bybit,gate,ESUSDT,0.13954,0.1396,0.043,1774050593000
bybit,gate,ESUSDT,0.13954,0.1396,0.043,1774050596000
bybit,gate,ESUSDT,0.13954,0.1396,0.043,1774050598000
bybit,gate,ESUSDT,0.13954,0.13952,-0.0143,1774050605000
bybit,gate,ESUSDT,0.13954,0.13952,-0.0143,1774050608000
bybit,gate,ESUSDT,0.13954,0.13952,-0.0143,1774050611000
bybit,gate,ESUSDT,0.13954,0.13952,-0.0143,1774050614000
bybit,gate,ESUSDT,0.13954,0.13952,-0.0143,1774050617000
bybit,gate,ESUSDT,0.13954,0.13952,-0.0143,1774050620000
bybit,gate,ESUSDT,0.13954,0.13889,-0.4658,1774050623000
bybit,gate,ESUSDT,0.13954,0.13913,-0.2938,1774050626000
bybit,gate,ESUSDT,0.13954,0.13937,-0.1218,1774050629000
bybit,gate,ESUSDT,0.13954,0.13937,-0.1218,1774050632000
bybit,gate,ESUSDT,0.13954,0.13957,0.0215,1774050641000
bybit,gate,ESUSDT,0.13954,0.1398,0.1863,1774050648000
bybit,gate,ESUSDT,0.13952,0.13891,-0.4372,1774050679000
bybit,gate,ESUSDT,0.13951,0.13959,0.0573,1774050683000
bybit,gate,ESUSDT,0.13951,0.13951,0.0,1774050692000
bybit,gate,ESUSDT,0.13951,0.13951,0.0,1774050695000
bybit,gate,ESUSDT,0.13951,0.13951,0.0,1774050698000
bybit,gate,ESUSDT,0.13968,0.13893,-0.5369,1774050709000
bybit,gate,ESUSDT,0.13948,0.13934,-0.1004,1774050713000
bybit,gate,ESUSDT,0.13948,0.13935,-0.0932,1774050716000
bybit,gate,ESUSDT,0.13948,0.13935,-0.0932,1774050719000
bybit,gate,ESUSDT,0.13948,0.13935,-0.0932,1774050722000
bybit,gate,ESUSDT,0.13948,0.13935,-0.0932,1774050725000
bybit,gate,ESUSDT,0.13948,0.13937,-0.0789,1774050734000
bybit,gate,ESUSDT,0.13948,0.13947,-0.0072,1774050740000
bybit,gate,ESUSDT,0.13948,0.13938,-0.0717,1774050743000
bybit,gate,ESUSDT,0.13948,0.13953,0.0358,1774050746000
bybit,gate,ESUSDT,0.13948,0.1397,0.1577,1774050757000
bybit,gate,ESUSDT,0.13949,0.13891,-0.4158,1774050758000
bybit,gate,ESUSDT,0.13949,0.13967,0.129,1774050761000
bybit,gate,ESUSDT,0.13949,0.13953,0.0287,1774050779000
bybit,gate,ESUSDT,0.13949,0.13953,0.0287,1774050781000
bybit,gate,ESUSDT,0.13948,0.1395,0.0143,1774050785000
bybit,gate,ESUSDT,0.13948,0.1395,0.0143,1774050788000
bybit,gate,ESUSDT,0.13948,0.1395,0.0143,1774050803000
bybit,gate,ESUSDT,0.13948,0.1395,0.0143,1774050806000
bybit,gate,ESUSDT,0.13948,0.1395,0.0143,1774050809000
bybit,gate,ESUSDT,0.13948,0.13943,-0.0358,1774050818000
bybit,gate,ESUSDT,0.13948,0.13929,-0.1362,1774050821000
bybit,gate,ESUSDT,0.13948,0.13935,-0.0932,1774050824000
bybit,gate,ESUSDT,0.13948,0.13899,-0.3513,1774050830000
bybit,gate,ESUSDT,0.13948,0.1391,-0.2724,1774050833000
bybit,gate,ESUSDT,0.13948,0.13928,-0.1434,1774050836000
bybit,gate,ESUSDT,0.13948,0.13929,-0.1362,1774050839000
bybit,gate,ESUSDT,0.13948,0.13899,-0.3513,1774050842000
bybit,gate,ESUSDT,0.13948,0.13925,-0.1649,1774050845000
bybit,gate,ESUSDT,0.13948,0.13925,-0.1649,1774050846000
bybit,gate,ESUSDT,0.13961,0.13956,-0.0358,1774050847000
bybit,gate,ESUSDT,0.13967,0.13956,-0.0788,1774050849000
bybit,gate,ESUSDT,0.1397,0.13951,-0.136,1774050853000
bybit,gate,ESUSDT,0.1397,0.1397,0.0,1774050854000
bybit,gate,ESUSDT,0.1397,0.13947,-0.1646,1774050857000
bybit,gate,ESUSDT,0.1397,0.13947,-0.1646,1774050858000
bybit,gate,ESUSDT,0.1397,0.13964,-0.0429,1774050866000
bybit,gate,ESUSDT,0.1397,0.13967,-0.0215,1774050869000
bybit,gate,ESUSDT,0.13964,0.13966,0.0143,1774053605000
bybit,gate,ESUSDT,0.13964,0.13966,0.0143,1774053608000
bybit,gate,ESUSDT,0.13964,0.13966,0.0143,1774053611000
bybit,gate,ESUSDT,0.13964,0.13966,0.0143,1774053614000
bybit,gate,ESUSDT,0.13964,0.13966,0.0143,1774053617000
bybit,gate,ESUSDT,0.13964,0.13966,0.0143,1774053623000
bybit,gate,ESUSDT,0.13964,0.13967,0.0215,1774053629000
bybit,gate,ESUSDT,0.13964,0.13966,0.0143,1774053632000
bybit,gate,ESUSDT,0.13964,0.13966,0.0143,1774053635000
bybit,gate,ESUSDT,0.13964,0.13967,0.0215,1774053644000
bybit,gate,ESUSDT,0.13964,0.13971,0.0501,1774053647000
bybit,gate,ESUSDT,0.13964,0.13971,0.0501,1774053653000
bybit,gate,ESUSDT,0.13964,0.13952,-0.0859,1774053656000
bybit,gate,ESUSDT,0.13964,0.13958,-0.043,1774053662000
bybit,gate,ESUSDT,0.13964,0.13958,-0.043,1774053668000
bybit,gate,ESUSDT,0.13964,0.13958,-0.043,1774053671000
bybit,gate,ESUSDT,0.13964,0.13958,-0.043,1774053677000
bybit,gate,ESUSDT,0.13964,0.13958,-0.043,1774053680000
bybit,gate,ESUSDT,0.13964,0.13958,-0.043,1774053683000
bybit,gate,ESUSDT,0.13964,0.13958,-0.043,1774053686000
bybit,gate,ESUSDT,0.13964,0.13958,-0.043,1774053692000
bybit,gate,ESUSDT,0.13964,0.13958,-0.043,1774053695000
bybit,gate,ESUSDT,0.13964,0.13958,-0.043,1774053698000
bybit,gate,ESUSDT,0.13964,0.13958,-0.043,1774053701000
bybit,gate,ESUSDT,0.13964,0.13958,-0.043,1774053704000
bybit,gate,ESUSDT,0.13964,0.13958,-0.043,1774053707000
bybit,gate,ESUSDT,0.13964,0.13958,-0.043,1774053716000
bybit,gate,ESUSDT,0.13964,0.13958,-0.043,1774053719000
bybit,gate,ESUSDT,0.13964,0.13958,-0.043,1774053722000
bybit,gate,ESUSDT,0.13964,0.13958,-0.043,1774053725000
bybit,gate,ESUSDT,0.13964,0.13958,-0.043,1774053728000
bybit,gate,ESUSDT,0.13964,0.13964,0.0,1774053734000
bybit,gate,ESUSDT,0.13964,0.13964,0.0,1774053737000
bybit,gate,ESUSDT,0.13964,0.13933,-0.222,1774053740000
bybit,gate,ESUSDT,0.13964,0.13933,-0.222,1774053749000
bybit,gate,ESUSDT,0.13964,0.13936,-0.2005,1774053758000
bybit,gate,ESUSDT,0.13964,0.13936,-0.2005,1774053761000
bybit,gate,ESUSDT,0.13964,0.13936,-0.2005,1774053764000
bybit,gate,ESUSDT,0.13964,0.13936,-0.2005,1774053768000
bybit,gate,ESUSDT,0.13964,0.13961,-0.0215,1774053773000
bybit,gate,ESUSDT,0.13964,0.13961,-0.0215,1774053776000
bybit,gate,ESUSDT,0.13964,0.13961,-0.0215,1774053779000
bybit,gate,ESUSDT,0.13964,0.13961,-0.0215,1774053782000
bybit,gate,ESUSDT,0.13964,0.13961,-0.0215,1774053785000
bybit,gate,ESUSDT,0.13964,0.13961,-0.0215,1774053788000
bybit,gate,ESUSDT,0.13964,0.13961,-0.0215,1774053791000
bybit,gate,ESUSDT,0.13964,0.13962,-0.0143,1774053794000
bybit,gate,ESUSDT,0.13964,0.13961,-0.0215,1774053797000
bybit,gate,ESUSDT,0.13964,0.13962,-0.0143,1774053806000
bybit,gate,ESUSDT,0.13964,0.13953,-0.0788,1774053812000
bybit,gate,ESUSDT,0.13964,0.13963,-0.0072,1774053818000
bybit,gate,ESUSDT,0.13964,0.13963,-0.0072,1774053821000
bybit,gate,ESUSDT,0.13964,0.13957,-0.0501,1774053824000
bybit,gate,ESUSDT,0.13964,0.13957,-0.0501,1774053830000
bybit,gate,ESUSDT,0.13964,0.13957,-0.0501,1774053833000
bybit,gate,ESUSDT,0.13964,0.13921,-0.3079,1774053836000
bybit,gate,ESUSDT,0.13964,0.13923,-0.2936,1774053839000
bybit,gate,ESUSDT,0.13964,0.13946,-0.1289,1774053842000
bybit,gate,ESUSDT,0.13964,0.13962,-0.0143,1774053845000
bybit,gate,ESUSDT,0.13964,0.13957,-0.0501,1774053848000
bybit,gate,ESUSDT,0.13964,0.1397,0.043,1774053851000
bybit,gate,ESUSDT,0.13964,0.13971,0.0501,1774053854000
bybit,gate,ESUSDT,0.13964,0.13952,-0.0859,1774053857000
bybit,gate,ESUSDT,0.13964,0.13958,-0.043,1774053860000
bybit,gate,ESUSDT,0.13964,0.13958,-0.043,1774053863000
bybit,gate,ESUSDT,0.13964,0.13958,-0.043,1774053866000
bybit,gate,ESUSDT,0.13964,0.13958,-0.043,1774053869000
bybit,gate,ESUSDT,0.13964,0.13958,-0.043,1774053872000
bybit,gate,ESUSDT,0.13964,0.13958,-0.043,1774053875000
bybit,gate,ESUSDT,0.13964,0.13958,-0.043,1774053878000
bybit,gate,ESUSDT,0.13964,0.13958,-0.043,1774053881000
bybit,gate,ESUSDT,0.13964,0.13958,-0.043,1774053884000
bybit,gate,ESUSDT,0.13964,0.13958,-0.043,1774053887000
bybit,gate,ESUSDT,0.13964,0.13966,0.0143,1774053893000
bybit,gate,ESUSDT,0.13964,0.1392,-0.3151,1774053896000
bybit,gate,ESUSDT,0.13964,0.13958,-0.043,1774053900000
bybit,gate,ESUSDT,0.13964,0.13958,-0.043,1774053905000
bybit,gate,ESUSDT,0.13964,0.13989,0.179,1774053910000
bybit,gate,ESUSDT,0.13964,0.13965,0.0072,1774053914000
bybit,gate,ESUSDT,0.13964,0.13966,0.0143,1774053915000
bybit,gate,ESUSDT,0.13964,0.13966,0.0143,1774053916000
bybit,gate,ESUSDT,0.13967,0.13967,0.0,1774053917000
bybit,gate,ESUSDT,0.13967,0.13967,0.0,1774053920000
bybit,gate,ESUSDT,0.13967,0.13968,0.0072,1774053929000
bybit,gate,ESUSDT,0.13967,0.13986,0.136,1774053931000
bybit,gate,ESUSDT,0.13967,0.13986,0.136,1774053935000
bybit,gate,ESUSDT,0.13967,0.13986,0.136,1774053941000
bybit,gate,ESUSDT,0.13967,0.13935,-0.2291,1774053944000
bybit,gate,ESUSDT,0.13967,0.13959,-0.0573,1774053947000
bybit,gate,ESUSDT,0.13967,0.13984,0.1217,1774053950000
bybit,gate,ESUSDT,0.13967,0.13984,0.1217,1774053951000
bybit,gate,ESUSDT,0.13967,0.1396,-0.0501,1774053953000
bybit,gate,ESUSDT,0.13967,0.13999,0.2291,1774053955000
bybit,gate,ESUSDT,0.13967,0.1395,-0.1217,1774053959000
bybit,gate,ESUSDT,0.13967,0.13968,0.0072,1774053962000
bybit,gate,ESUSDT,0.13989,0.13892,-0.6934,1774053966000
bybit,gate,ESUSDT,0.13963,0.13956,-0.0501,1774053971000
bybit,gate,ESUSDT,0.13963,0.13956,-0.0501,1774053974000
bybit,gate,ESUSDT,0.13963,0.13961,-0.0143,1774053977000
bybit,gate,ESUSDT,0.13963,0.14121,1.1316,1774053980448
bybit,gate,ESUSDT,0.13963,0.13976,0.0931,1774053980748
bybit,gate,ESUSDT,0.13963,0.13956,-0.0501,1774053981048
bybit,gate,ESUSDT,0.13963,0.13956,-0.0501,1774053981349
bybit,gate,ESUSDT,0.13963,0.13956,-0.0501,1774053981649
bybit,gate,ESUSDT,0.13963,0.13956,-0.0501,1774053981949
bybit,gate,ESUSDT,0.13963,0.13956,-0.0501,1774053982249
bybit,gate,ESUSDT,0.13963,0.13957,-0.043,1774053982549
bybit,gate,ESUSDT,0.13963,0.13976,0.0931,1774053982851
bybit,gate,ESUSDT,0.13963,0.14085,0.8737,1774053983167
bybit,gate,ESUSDT,0.13963,0.14085,0.8737,1774053983468
bybit,gate,ESUSDT,0.13963,0.14085,0.8737,1774053983768
bybit,gate,ESUSDT,0.13963,0.14085,0.8737,1774053984068
bybit,gate,ESUSDT,0.13963,0.14085,0.8737,1774053984368
bybit,gate,ESUSDT,0.13963,0.14085,0.8737,1774053984669
bybit,gate,ESUSDT,0.13963,0.14085,0.8737,1774053984969
bybit,gate,ESUSDT,0.13963,0.14085,0.8737,1774053985270
bybit,gate,ESUSDT,0.13963,0.14085,0.8737,1774053985570
bybit,gate,ESUSDT,0.13963,0.14085,0.8737,1774053985870
bybit,gate,ESUSDT,0.13963,0.14085,0.8737,1774053986170
bybit,gate,ESUSDT,0.13963,0.14085,0.8737,1774053986471
bybit,gate,ESUSDT,0.13963,0.14085,0.8737,1774053986771
bybit,gate,ESUSDT,0.13963,0.14085,0.8737,1774053987071
bybit,gate,ESUSDT,0.13963,0.14085,0.8737,1774053987372
bybit,gate,ESUSDT,0.13963,0.14085,0.8737,1774053987672
bybit,gate,ESUSDT,0.13963,0.14085,0.8737,1774053987972
bybit,gate,ESUSDT,0.13963,0.14085,0.8737,1774053988272
bybit,gate,ESUSDT,0.13963,0.14085,0.8737,1774053988573
bybit,gate,ESUSDT,0.13963,0.14126,1.1674,1774053988873
bybit,gate,ESUSDT,0.13963,0.14126,1.1674,1774053989193
bybit,gate,ESUSDT,0.13963,0.14126,1.1674,1774053989505
bybit,gate,ESUSDT,0.13963,0.14085,0.8737,1774053989822
bybit,gate,ESUSDT,0.13963,0.14085,0.8737,1774053990134
bybit,gate,ESUSDT,0.13963,0.14085,0.8737,1774053990450
bybit,gate,ESUSDT,0.13963,0.14085,0.8737,1774053990756
bybit,gate,ESUSDT,0.13963,0.14127,1.1745,1774053991056
bybit,gate,ESUSDT,0.13963,0.14085,0.8737,1774053991357
bybit,gate,ESUSDT,0.13963,0.14085,0.8737,1774053991657
bybit,gate,ESUSDT,0.13963,0.14085,0.8737,1774053991957
bybit,gate,ESUSDT,0.13963,0.14085,0.8737,1774053992258
bybit,gate,ESUSDT,0.13963,0.14085,0.8737,1774053992558
bybit,gate,ESUSDT,0.13963,0.14085,0.8737,1774053992858
bybit,gate,ESUSDT,0.13963,0.14085,0.8737,1774053993159
bybit,gate,ESUSDT,0.13963,0.14085,0.8737,1774053993459
bybit,gate,ESUSDT,0.13963,0.14085,0.8737,1774053993760
bybit,gate,ESUSDT,0.13963,0.14085,0.8737,1774053994060
bybit,gate,ESUSDT,0.13963,0.14085,0.8737,1774053994361
bybit,gate,ESUSDT,0.13963,0.14085,0.8737,1774053994661
bybit,gate,ESUSDT,0.13963,0.14085,0.8737,1774053994961
bybit,gate,ESUSDT,0.13963,0.14085,0.8737,1774053995261
bybit,gate,ESUSDT,0.13963,0.14085,0.8737,1774053995561
bybit,gate,ESUSDT,0.13963,0.14085,0.8737,1774053995862
bybit,gate,ESUSDT,0.13963,0.14004,0.2936,1774053996162
bybit,gate,ESUSDT,0.13963,0.14004,0.2936,1774053996462
bybit,gate,ESUSDT,0.13963,0.14004,0.2936,1774053996762
bybit,gate,ESUSDT,0.13963,0.14005,0.3008,1774053997066
bybit,gate,ESUSDT,0.13963,0.14007,0.3151,1774053997366
bybit,gate,ESUSDT,0.13963,0.14007,0.3151,1774053997667
bybit,gate,ESUSDT,0.13963,0.14007,0.3151,1774053997967
bybit,gate,ESUSDT,0.13963,0.14007,0.3151,1774053998267
bybit,gate,ESUSDT,0.13963,0.14007,0.3151,1774053998567
bybit,gate,ESUSDT,0.13963,0.14007,0.3151,1774053998868
bybit,gate,ESUSDT,0.13963,0.14007,0.3151,1774053999169
bybit,gate,ESUSDT,0.13963,0.14007,0.3151,1774053999469
bybit,gate,ESUSDT,0.13963,0.14007,0.3151,1774053999769
bybit,gate,ESUSDT,0.13963,0.1402,0.4082,1774054000070
bybit,gate,ESUSDT,0.13963,0.14021,0.4154,1774054000370
bybit,gate,ESUSDT,0.13963,0.14021,0.4154,1774054000670
bybit,gate,ESUSDT,0.13963,0.14021,0.4154,1774054000979
bybit,gate,ESUSDT,0.13963,0.14021,0.4154,1774054001290
bybit,gate,ESUSDT,0.13963,0.14021,0.4154,1774054001592
bybit,gate,ESUSDT,0.13963,0.14021,0.4154,1774054001892
bybit,gate,ESUSDT,0.13963,0.14021,0.4154,1774054002192
bybit,gate,ESUSDT,0.13963,0.14021,0.4154,1774054002492
bybit,gate,ESUSDT,0.13963,0.14021,0.4154,1774054002792
bybit,gate,ESUSDT,0.13963,0.14021,0.4154,1774054003093
bybit,gate,ESUSDT,0.13963,0.14021,0.4154,1774054003393
bybit,gate,ESUSDT,0.13963,0.14023,0.4297,1774054003693
bybit,gate,ESUSDT,0.13963,0.1403,0.4798,1774054003994
bybit,gate,ESUSDT,0.13963,0.1403,0.4798,1774054004295
bybit,gate,ESUSDT,0.13963,0.1403,0.4798,1774054004595
bybit,gate,ESUSDT,0.13963,0.14118,1.1101,1774054004895
bybit,gate,ESUSDT,0.13963,0.13989,0.1862,1774054005195
bybit,gate,ESUSDT,0.13963,0.1399,0.1934,1774054005495
bybit,gate,ESUSDT,0.13963,0.1399,0.1934,1774054005799
bybit,gate,ESUSDT,0.13963,0.1399,0.1934,1774054006102
bybit,gate,ESUSDT,0.13963,0.13992,0.2077,1774054006406
bybit,gate,ESUSDT,0.13963,0.13992,0.2077,1774054006709
bybit,gate,ESUSDT,0.13963,0.13993,0.2149,1774054007010
bybit,gate,ESUSDT,0.13963,0.13993,0.2149,1774054007312
bybit,gate,ESUSDT,0.13963,0.13992,0.2077,1774054007614
bybit,gate,ESUSDT,0.13963,0.13993,0.2149,1774054007917
bybit,gate,ESUSDT,0.13963,0.13993,0.2149,1774054008222
bybit,gate,ESUSDT,0.13963,0.13993,0.2149,1774054008523
bybit,gate,ESUSDT,0.13963,0.13993,0.2149,1774054008825
bybit,gate,ESUSDT,0.13963,0.13993,0.2149,1774054009130
bybit,gate,ESUSDT,0.13963,0.13993,0.2149,1774054009430
bybit,gate,ESUSDT,0.13963,0.13993,0.2149,1774054009731
bybit,gate,ESUSDT,0.13963,0.13993,0.2149,1774054010032
bybit,gate,ESUSDT,0.13963,0.13993,0.2149,1774054010336
bybit,gate,ESUSDT,0.13963,0.13993,0.2149,1774054010636
bybit,gate,ESUSDT,0.13963,0.13993,0.2149,1774054010937
bybit,gate,ESUSDT,0.13963,0.13993,0.2149,1774054011238
bybit,gate,ESUSDT,0.13963,0.13993,0.2149,1774054011539
bybit,gate,ESUSDT,0.13963,0.13993,0.2149,1774054011839
bybit,gate,ESUSDT,0.13963,0.13993,0.2149,1774054012139
bybit,gate,ESUSDT,0.13963,0.13993,0.2149,1774054012439
bybit,gate,ESUSDT,0.13963,0.13993,0.2149,1774054012740
bybit,gate,ESUSDT,0.13963,0.13993,0.2149,1774054013040
bybit,gate,ESUSDT,0.13963,0.13993,0.2149,1774054013341
bybit,gate,ESUSDT,0.13963,0.13993,0.2149,1774054013641
bybit,gate,ESUSDT,0.13963,0.13993,0.2149,1774054013942
bybit,gate,ESUSDT,0.13963,0.13993,0.2149,1774054014243
bybit,gate,ESUSDT,0.13963,0.13993,0.2149,1774054014543
bybit,gate,ESUSDT,0.13963,0.13993,0.2149,1774054014843
bybit,gate,ESUSDT,0.13963,0.13993,0.2149,1774054015143
bybit,gate,ESUSDT,0.13963,0.13993,0.2149,1774054015444
bybit,gate,ESUSDT,0.13963,0.13993,0.2149,1774054015744
bybit,gate,ESUSDT,0.13963,0.13993,0.2149,1774054016044
bybit,gate,ESUSDT,0.13963,0.13993,0.2149,1774054016345
bybit,gate,ESUSDT,0.13963,0.13993,0.2149,1774054016645
bybit,gate,ESUSDT,0.13963,0.13993,0.2149,1774054016945
bybit,gate,ESUSDT,0.13963,0.13993,0.2149,1774054017245
bybit,gate,ESUSDT,0.13963,0.13993,0.2149,1774054017545
bybit,gate,ESUSDT,0.13963,0.13993,0.2149,1774054017846
bybit,gate,ESUSDT,0.13963,0.13993,0.2149,1774054018147
bybit,gate,ESUSDT,0.13963,0.13993,0.2149,1774054018447
bybit,gate,ESUSDT,0.13963,0.13993,0.2149,1774054018747
bybit,gate,ESUSDT,0.13963,0.13993,0.2149,1774054019047
bybit,gate,ESUSDT,0.13963,0.13993,0.2149,1774054019347
bybit,gate,ESUSDT,0.13963,0.13993,0.2149,1774054019648
bybit,gate,ESUSDT,0.13963,0.13993,0.2149,1774054019949
bybit,gate,ESUSDT,0.13963,0.13993,0.2149,1774054020253
bybit,gate,ESUSDT,0.13963,0.13993,0.2149,1774054020560
bybit,gate,ESUSDT,0.13963,0.13993,0.2149,1774054020868
bybit,gate,ESUSDT,0.13963,0.13993,0.2149,1774054021168
bybit,gate,ESUSDT,0.13963,0.13993,0.2149,1774054021469
bybit,gate,ESUSDT,0.13963,0.13993,0.2149,1774054021777
bybit,gate,ESUSDT,0.13963,0.13993,0.2149,1774054022089
bybit,gate,ESUSDT,0.13963,0.13993,0.2149,1774054022401
bybit,gate,ESUSDT,0.13963,0.13993,0.2149,1774054022717
bybit,gate,ESUSDT,0.13963,0.13993,0.2149,1774054023030
bybit,gate,ESUSDT,0.13963,0.13993,0.2149,1774054023342
bybit,gate,ESUSDT,0.13963,0.13993,0.2149,1774054023653
bybit,gate,ESUSDT,0.13963,0.13993,0.2149,1774054023969
bybit,gate,ESUSDT,0.13963,0.13993,0.2149,1774054024280
bybit,gate,ESUSDT,0.13963,0.13993,0.2149,1774054024599
bybit,gate,ESUSDT,0.13963,0.13993,0.2149,1774054024905
bybit,gate,ESUSDT,0.13963,0.13993,0.2149,1774054025220
bybit,gate,ESUSDT,0.13963,0.13993,0.2149,1774054025535
bybit,gate,ESUSDT,0.13963,0.13993,0.2149,1774054025850
bybit,gate,ESUSDT,0.13963,0.13993,0.2149,1774054026157
bybit,gate,ESUSDT,0.13963,0.13993,0.2149,1774054026466
bybit,gate,ESUSDT,0.13963,0.13993,0.2149,1774054026795
bybit,gate,ESUSDT,0.13963,0.13993,0.2149,1774054027100
bybit,gate,ESUSDT,0.13963,0.13993,0.2149,1774054027409
bybit,gate,ESUSDT,0.13963,0.13993,0.2149,1774054027720
bybit,gate,ESUSDT,0.13963,0.13993,0.2149,1774054028028
bybit,gate,ESUSDT,0.13963,0.13993,0.2149,1774054028340
bybit,gate,ESUSDT,0.13963,0.13993,0.2149,1774054028642
bybit,gate,ESUSDT,0.13963,0.13993,0.2149,1774054028942
bybit,gate,ESUSDT,0.13963,0.13993,0.2149,1774054029242
bybit,gate,ESUSDT,0.13963,0.13993,0.2149,1774054029542
bybit,gate,ESUSDT,0.13963,0.13993,0.2149,1774054029843
bybit,gate,ESUSDT,0.13963,0.13993,0.2149,1774054030148
bybit,gate,ESUSDT,0.13963,0.13993,0.2149,1774054030448
bybit,gate,ESUSDT,0.13963,0.13993,0.2149,1774054030748
bybit,gate,ESUSDT,0.13963,0.13993,0.2149,1774054031048
bybit,gate,ESUSDT,0.13963,0.13993,0.2149,1774054031349
bybit,gate,ESUSDT,0.13963,0.13993,0.2149,1774054031651
bybit,gate,ESUSDT,0.13963,0.13993,0.2149,1774054031951
bybit,gate,ESUSDT,0.13963,0.13993,0.2149,1774054032251
bybit,gate,ESUSDT,0.13963,0.13993,0.2149,1774054032551
bybit,gate,ESUSDT,0.13963,0.13993,0.2149,1774054032851
bybit,gate,ESUSDT,0.13963,0.13993,0.2149,1774054033152
bybit,gate,ESUSDT,0.13963,0.13993,0.2149,1774054033453
bybit,gate,ESUSDT,0.13963,0.13993,0.2149,1774054033753
bybit,gate,ESUSDT,0.13963,0.13993,0.2149,1774054034053
bybit,gate,ESUSDT,0.13963,0.13993,0.2149,1774054034353
bybit,gate,ESUSDT,0.13963,0.13993,0.2149,1774054034653
bybit,gate,ESUSDT,0.13963,0.13993,0.2149,1774054034953
bybit,gate,ESUSDT,0.13963,0.13993,0.2149,1774054035255
bybit,gate,ESUSDT,0.13963,0.13993,0.2149,1774054035555
bybit,gate,ESUSDT,0.13963,0.13993,0.2149,1774054035855
bybit,gate,ESUSDT,0.13963,0.13993,0.2149,1774054036155
bybit,gate,ESUSDT,0.13963,0.13993,0.2149,1774054036456
bybit,gate,ESUSDT,0.13963,0.13993,0.2149,1774054036757
bybit,gate,ESUSDT,0.13963,0.13993,0.2149,1774054037057
bybit,gate,ESUSDT,0.13963,0.13993,0.2149,1774054037357
bybit,gate,ESUSDT,0.13963,0.13993,0.2149,1774054037657
bybit,gate,ESUSDT,0.13963,0.13993,0.2149,1774054037957
bybit,gate,ESUSDT,0.13963,0.13993,0.2149,1774054038258
bybit,gate,ESUSDT,0.13963,0.13993,0.2149,1774054038559
bybit,gate,ESUSDT,0.13963,0.13993,0.2149,1774054038859
bybit,gate,ESUSDT,0.13963,0.13993,0.2149,1774054039160
bybit,gate,ESUSDT,0.13963,0.13993,0.2149,1774054039460
bybit,gate,ESUSDT,0.13963,0.13993,0.2149,1774054039760
bybit,gate,ESUSDT,0.13963,0.13993,0.2149,1774054040060
bybit,gate,ESUSDT,0.13963,0.13993,0.2149,1774054040361
bybit,gate,ESUSDT,0.13963,0.13993,0.2149,1774054040661
bybit,gate,ESUSDT,0.13963,0.13993,0.2149,1774054040961
bybit,gate,ESUSDT,0.13963,0.13993,0.2149,1774054041261
bybit,gate,ESUSDT,0.13963,0.13993,0.2149,1774054041562
bybit,gate,ESUSDT,0.13963,0.13993,0.2149,1774054041862
bybit,gate,ESUSDT,0.13963,0.13993,0.2149,1774054042162
bybit,gate,ESUSDT,0.13963,0.13993,0.2149,1774054042462
bybit,gate,ESUSDT,0.13963,0.13993,0.2149,1774054042762
bybit,gate,ESUSDT,0.13963,0.13993,0.2149,1774054043062
bybit,gate,ESUSDT,0.13963,0.13993,0.2149,1774054043362
bybit,gate,ESUSDT,0.13963,0.13993,0.2149,1774054043662
bybit,gate,ESUSDT,0.13963,0.13993,0.2149,1774054043964
bybit,gate,ESUSDT,0.13963,0.13993,0.2149,1774054044264
bybit,gate,ESUSDT,0.13963,0.13993,0.2149,1774054044564
bybit,gate,ESUSDT,0.13963,0.13993,0.2149,1774054044872
bybit,gate,ESUSDT,0.13963,0.13993,0.2149,1774054045172
bybit,gate,ESUSDT,0.13963,0.13993,0.2149,1774054045472
bybit,gate,ESUSDT,0.13963,0.13993,0.2149,1774054045773
bybit,gate,ESUSDT,0.13963,0.13993,0.2149,1774054046073
bybit,gate,ESUSDT,0.13963,0.13993,0.2149,1774054046373
bybit,gate,ESUSDT,0.13963,0.13993,0.2149,1774054046674
bybit,gate,ESUSDT,0.13963,0.13993,0.2149,1774054046975
bybit,gate,ESUSDT,0.13963,0.13993,0.2149,1774054047275
bybit,gate,ESUSDT,0.13963,0.13993,0.2149,1774054047575
bybit,gate,ESUSDT,0.13963,0.13993,0.2149,1774054047876
bybit,gate,ESUSDT,0.13963,0.13993,0.2149,1774054048176
bybit,gate,ESUSDT,0.13963,0.13993,0.2149,1774054048478
bybit,gate,ESUSDT,0.13963,0.13993,0.2149,1774054048778
bybit,gate,ESUSDT,0.13963,0.13993,0.2149,1774054049079
bybit,gate,ESUSDT,0.13963,0.13993,0.2149,1774054049379
bybit,gate,ESUSDT,0.13963,0.13993,0.2149,1774054049679
bybit,gate,ESUSDT,0.13963,0.13993,0.2149,1774054049980
bybit,gate,ESUSDT,0.13963,0.13993,0.2149,1774054050281
bybit,gate,ESUSDT,0.13963,0.13993,0.2149,1774054050581
bybit,gate,ESUSDT,0.13963,0.13993,0.2149,1774054050882
bybit,gate,ESUSDT,0.13963,0.13993,0.2149,1774054051182
bybit,gate,ESUSDT,0.13963,0.13993,0.2149,1774054051483
bybit,gate,ESUSDT,0.13963,0.13993,0.2149,1774054051785
bybit,gate,ESUSDT,0.13963,0.13993,0.2149,1774054052085
bybit,gate,ESUSDT,0.13963,0.13993,0.2149,1774054052386
bybit,gate,ESUSDT,0.13963,0.13993,0.2149,1774054052693
bybit,gate,ESUSDT,0.13963,0.13993,0.2149,1774054053007
bybit,gate,ESUSDT,0.13963,0.13993,0.2149,1774054053320
bybit,gate,ESUSDT,0.13963,0.13993,0.2149,1774054053624
bybit,gate,ESUSDT,0.13963,0.13993,0.2149,1774054053929
bybit,gate,ESUSDT,0.13963,0.13993,0.2149,1774054054240
bybit,gate,ESUSDT,0.13963,0.13993,0.2149,1774054054549
bybit,gate,ESUSDT,0.13963,0.13993,0.2149,1774054054849
bybit,gate,ESUSDT,0.13963,0.13993,0.2149,1774054055151
bybit,gate,ESUSDT,0.13963,0.13993,0.2149,1774054055451
bybit,gate,ESUSDT,0.13963,0.13993,0.2149,1774054055751
bybit,gate,ESUSDT,0.13963,0.13993,0.2149,1774054056052
bybit,gate,ESUSDT,0.13963,0.13993,0.2149,1774054056352
bybit,gate,ESUSDT,0.13963,0.13993,0.2149,1774054056652
bybit,gate,ESUSDT,0.13963,0.13993,0.2149,1774054056952
bybit,gate,ESUSDT,0.13963,0.13993,0.2149,1774054057253
bybit,gate,ESUSDT,0.13963,0.13993,0.2149,1774054057553
bybit,gate,ESUSDT,0.13963,0.13993,0.2149,1774054057853
bybit,gate,ESUSDT,0.13963,0.13993,0.2149,1774054058153
bybit,gate,ESUSDT,0.13963,0.13993,0.2149,1774054058454
bybit,gate,ESUSDT,0.13963,0.13993,0.2149,1774054058754
bybit,gate,ESUSDT,0.13963,0.13993,0.2149,1774054059054
bybit,gate,ESUSDT,0.13963,0.13993,0.2149,1774054059365
bybit,gate,ESUSDT,0.13963,0.13993,0.2149,1774054059665
bybit,gate,ESUSDT,0.13963,0.13993,0.2149,1774054059965
bybit,gate,ESUSDT,0.13963,0.13993,0.2149,1774054060265
bybit,gate,ESUSDT,0.13963,0.13993,0.2149,1774054060566
bybit,gate,ESUSDT,0.13963,0.13993,0.2149,1774054060866
bybit,gate,ESUSDT,0.13963,0.13993,0.2149,1774054061166
bybit,gate,ESUSDT,0.13963,0.13993,0.2149,1774054061466
bybit,gate,ESUSDT,0.13963,0.13993,0.2149,1774054061767
bybit,gate,ESUSDT,0.13963,0.13993,0.2149,1774054062067
bybit,gate,ESUSDT,0.13963,0.13993,0.2149,1774054062368
bybit,gate,ESUSDT,0.13963,0.13993,0.2149,1774054062668
bybit,gate,ESUSDT,0.13963,0.13993,0.2149,1774054062968
bybit,gate,ESUSDT,0.13963,0.13993,0.2149,1774054063269
bybit,gate,ESUSDT,0.13963,0.13993,0.2149,1774054063570
bybit,gate,ESUSDT,0.13963,0.13993,0.2149,1774054063870
bybit,gate,ESUSDT,0.13963,0.13993,0.2149,1774054064170
bybit,gate,ESUSDT,0.13963,0.13993,0.2149,1774054064471
bybit,gate,ESUSDT,0.13963,0.13993,0.2149,1774054064771
bybit,gate,ESUSDT,0.13963,0.13993,0.2149,1774054065071
bybit,gate,ESUSDT,0.13963,0.13993,0.2149,1774054065372
bybit,gate,ESUSDT,0.13963,0.13993,0.2149,1774054065672
bybit,gate,ESUSDT,0.13963,0.13993,0.2149,1774054065972
bybit,gate,ESUSDT,0.13963,0.13993,0.2149,1774054066272
bybit,gate,ESUSDT,0.13963,0.13993,0.2149,1774054066572
bybit,gate,ESUSDT,0.13963,0.13993,0.2149,1774054066873
bybit,gate,ESUSDT,0.13963,0.13993,0.2149,1774054067173
bybit,gate,ESUSDT,0.13963,0.13993,0.2149,1774054067473
bybit,gate,ESUSDT,0.13963,0.13993,0.2149,1774054067773
bybit,gate,ESUSDT,0.13963,0.13993,0.2149,1774054068074
bybit,gate,ESUSDT,0.13963,0.13993,0.2149,1774054068374
bybit,gate,ESUSDT,0.13963,0.13993,0.2149,1774054068674
bybit,gate,ESUSDT,0.13963,0.13993,0.2149,1774054068975
bybit,gate,ESUSDT,0.13963,0.13993,0.2149,1774054069275
bybit,gate,ESUSDT,0.13963,0.13993,0.2149,1774054069575
bybit,gate,ESUSDT,0.13963,0.13993,0.2149,1774054069875
bybit,gate,ESUSDT,0.13963,0.13993,0.2149,1774054070175
bybit,gate,ESUSDT,0.13963,0.13993,0.2149,1774054070475
bybit,gate,ESUSDT,0.13963,0.13993,0.2149,1774054070776
bybit,gate,ESUSDT,0.13963,0.13993,0.2149,1774054071076
bybit,gate,ESUSDT,0.13963,0.13993,0.2149,1774054071390
bybit,gate,ESUSDT,0.13963,0.13993,0.2149,1774054071696
bybit,gate,ESUSDT,0.13963,0.13993,0.2149,1774054071997
bybit,gate,ESUSDT,0.13963,0.13993,0.2149,1774054072299
bybit,gate,ESUSDT,0.13963,0.13993,0.2149,1774054072604
bybit,gate,ESUSDT,0.13963,0.13993,0.2149,1774054072905
bybit,gate,ESUSDT,0.13963,0.13993,0.2149,1774054073208
bybit,gate,ESUSDT,0.13963,0.13993,0.2149,1774054073510
bybit,gate,ESUSDT,0.13963,0.13993,0.2149,1774054073811
bybit,gate,ESUSDT,0.13963,0.13993,0.2149,1774054074124
bybit,gate,ESUSDT,0.13963,0.13993,0.2149,1774054074431
bybit,gate,ESUSDT,0.13963,0.13993,0.2149,1774054074732
bybit,gate,ESUSDT,0.13963,0.13993,0.2149,1774054075034
bybit,gate,ESUSDT,0.13963,0.13993,0.2149,1774054075346
bybit,gate,ESUSDT,0.13963,0.13993,0.2149,1774054075646
bybit,gate,ESUSDT,0.13963,0.13993,0.2149,1774054075946
bybit,gate,ESUSDT,0.13963,0.13993,0.2149,1774054076246
bybit,gate,ESUSDT,0.13963,0.13993,0.2149,1774054076546
bybit,gate,ESUSDT,0.13963,0.13993,0.2149,1774054076846
bybit,gate,ESUSDT,0.13963,0.13993,0.2149,1774054077146
bybit,gate,ESUSDT,0.13963,0.13993,0.2149,1774054077447
bybit,gate,ESUSDT,0.13963,0.13993,0.2149,1774054077747
bybit,gate,ESUSDT,0.13963,0.13993,0.2149,1774054078047
bybit,gate,ESUSDT,0.13963,0.13993,0.2149,1774054078347
bybit,gate,ESUSDT,0.13963,0.13993,0.2149,1774054078647
bybit,gate,ESUSDT,0.13963,0.13993,0.2149,1774054078948
bybit,gate,ESUSDT,0.13963,0.13993,0.2149,1774054079260
bybit,gate,ESUSDT,0.13963,0.13993,0.2149,1774054079567
bybit,gate,ESUSDT,0.13963,0.13993,0.2149,1774054079867
bybit,gate,ESUSDT,0.13963,0.13993,0.2149,1774054080170
bybit,gate,ESUSDT,0.13963,0.13993,0.2149,1774054080482
bybit,gate,ESUSDT,0.13963,0.13993,0.2149,1774054080796
bybit,gate,ESUSDT,0.13963,0.13993,0.2149,1774054081103
bybit,gate,ESUSDT,0.13963,0.13993,0.2149,1774054081411
bybit,gate,ESUSDT,0.13963,0.13993,0.2149,1774054081722
bybit,gate,ESUSDT,0.13963,0.13993,0.2149,1774054082033
bybit,gate,ESUSDT,0.13963,0.13993,0.2149,1774054082344
bybit,gate,ESUSDT,0.13963,0.13993,0.2149,1774054082646
bybit,gate,ESUSDT,0.13963,0.13993,0.2149,1774054082947
bybit,gate,ESUSDT,0.13963,0.13993,0.2149,1774054083263
bybit,gate,ESUSDT,0.13963,0.13993,0.2149,1774054083577
bybit,gate,ESUSDT,0.13963,0.13993,0.2149,1774054083892
bybit,gate,ESUSDT,0.13963,0.13993,0.2149,1774054084196
bybit,gate,ESUSDT,0.13963,0.13993,0.2149,1774054084508
bybit,gate,ESUSDT,0.13963,0.13993,0.2149,1774054084811
bybit,gate,ESUSDT,0.13963,0.13993,0.2149,1774054085114
bybit,gate,ESUSDT,0.13963,0.13993,0.2149,1774054085421
bybit,gate,ESUSDT,0.13963,0.13993,0.2149,1774054085725
bybit,gate,ESUSDT,0.13963,0.13993,0.2149,1774054086032
bybit,gate,ESUSDT,0.13963,0.13993,0.2149,1774054086332
bybit,gate,ESUSDT,0.13963,0.13993,0.2149,1774054086637
bybit,gate,ESUSDT,0.13963,0.13993,0.2149,1774054086937
bybit,gate,ESUSDT,0.13963,0.13993,0.2149,1774054087240
bybit,gate,ESUSDT,0.13963,0.13993,0.2149,1774054087540
bybit,gate,ESUSDT,0.13963,0.13993,0.2149,1774054087841
bybit,gate,ESUSDT,0.13963,0.13993,0.2149,1774054088144
bybit,gate,ESUSDT,0.13963,0.13993,0.2149,1774054088444
bybit,gate,ESUSDT,0.13963,0.13993,0.2149,1774054088745
bybit,gate,ESUSDT,0.13963,0.13993,0.2149,1774054089046
bybit,gate,ESUSDT,0.13963,0.13993,0.2149,1774054089346
bybit,gate,ESUSDT,0.13963,0.13993,0.2149,1774054089646
bybit,gate,ESUSDT,0.13963,0.13993,0.2149,1774054089946
bybit,gate,ESUSDT,0.13963,0.13993,0.2149,1774054090254
bybit,gate,ESUSDT,0.13963,0.13993,0.2149,1774054090554
bybit,gate,ESUSDT,0.13963,0.13993,0.2149,1774054090855
bybit,gate,ESUSDT,0.13963,0.13993,0.2149,1774054091155
bybit,gate,ESUSDT,0.13963,0.13993,0.2149,1774054091455
bybit,gate,ESUSDT,0.13963,0.13993,0.2149,1774054091755
bybit,gate,ESUSDT,0.13963,0.13993,0.2149,1774054092056
bybit,gate,ESUSDT,0.13963,0.13993,0.2149,1774054092356
bybit,gate,ESUSDT,0.13963,0.13993,0.2149,1774054092656
bybit,gate,ESUSDT,0.13963,0.13993,0.2149,1774054092956
bybit,gate,ESUSDT,0.13963,0.13993,0.2149,1774054093256
bybit,gate,ESUSDT,0.13963,0.13993,0.2149,1774054093556
bybit,gate,ESUSDT,0.13963,0.13993,0.2149,1774054093857
bybit,gate,ESUSDT,0.13963,0.13993,0.2149,1774054094157
bybit,gate,ESUSDT,0.13963,0.13993,0.2149,1774054094457
bybit,gate,ESUSDT,0.13963,0.13993,0.2149,1774054094757
bybit,gate,ESUSDT,0.13963,0.13993,0.2149,1774054095058
bybit,gate,ESUSDT,0.13963,0.13993,0.2149,1774054095359
bybit,gate,ESUSDT,0.13963,0.13993,0.2149,1774054095659
bybit,gate,ESUSDT,0.13963,0.13993,0.2149,1774054095959
bybit,gate,ESUSDT,0.13963,0.13993,0.2149,1774054096261
bybit,gate,ESUSDT,0.13963,0.13993,0.2149,1774054096567
bybit,gate,ESUSDT,0.13963,0.13993,0.2149,1774054096867
bybit,gate,ESUSDT,0.13963,0.13993,0.2149,1774054097168
bybit,gate,ESUSDT,0.13963,0.13993,0.2149,1774054097468
bybit,gate,ESUSDT,0.13963,0.13993,0.2149,1774054097768
bybit,gate,ESUSDT,0.13963,0.13993,0.2149,1774054098069
bybit,gate,ESUSDT,0.13963,0.13993,0.2149,1774054098379
bybit,gate,ESUSDT,0.13963,0.13993,0.2149,1774054098679
bybit,gate,ESUSDT,0.13963,0.13993,0.2149,1774054098980
bybit,gate,ESUSDT,0.13963,0.13993,0.2149,1774054099280
bybit,gate,ESUSDT,0.13963,0.13993,0.2149,1774054099580
bybit,gate,ESUSDT,0.13963,0.13993,0.2149,1774054099880
bybit,gate,ESUSDT,0.13963,0.13993,0.2149,1774054100181
bybit,gate,ESUSDT,0.13963,0.13993,0.2149,1774054100481
bybit,gate,ESUSDT,0.13963,0.13993,0.2149,1774054100781
bybit,gate,ESUSDT,0.13963,0.13993,0.2149,1774054101081
bybit,gate,ESUSDT,0.13963,0.13993,0.2149,1774054101381
bybit,gate,ESUSDT,0.13963,0.13993,0.2149,1774054101681
bybit,gate,ESUSDT,0.13963,0.13993,0.2149,1774054101982
bybit,gate,ESUSDT,0.13963,0.13993,0.2149,1774054102282
bybit,gate,ESUSDT,0.13963,0.13993,0.2149,1774054102583
bybit,gate,ESUSDT,0.13963,0.13993,0.2149,1774054102883
bybit,gate,ESUSDT,0.13963,0.13993,0.2149,1774054103183
bybit,gate,ESUSDT,0.13963,0.13993,0.2149,1774054103483
bybit,gate,ESUSDT,0.13963,0.13993,0.2149,1774054103783
bybit,gate,ESUSDT,0.13963,0.13993,0.2149,1774054104084
bybit,gate,ESUSDT,0.13963,0.13993,0.2149,1774054104384
bybit,gate,ESUSDT,0.13963,0.13993,0.2149,1774054104684
bybit,gate,ESUSDT,0.13963,0.13993,0.2149,1774054104985
bybit,gate,ESUSDT,0.13963,0.13993,0.2149,1774054105285
bybit,gate,ESUSDT,0.13963,0.13993,0.2149,1774054105588
bybit,gate,ESUSDT,0.13963,0.13993,0.2149,1774054105888
bybit,gate,ESUSDT,0.13963,0.13993,0.2149,1774054106190
bybit,gate,ESUSDT,0.13963,0.13993,0.2149,1774054106490
bybit,gate,ESUSDT,0.13963,0.13993,0.2149,1774054106790
bybit,gate,ESUSDT,0.13963,0.13993,0.2149,1774054107091
bybit,gate,ESUSDT,0.13963,0.13993,0.2149,1774054107391
bybit,gate,ESUSDT,0.13963,0.13993,0.2149,1774054107692
bybit,gate,ESUSDT,0.13963,0.13993,0.2149,1774054107992
bybit,gate,ESUSDT,0.13963,0.13993,0.2149,1774054108293
bybit,gate,ESUSDT,0.13963,0.13993,0.2149,1774054108593
bybit,gate,ESUSDT,0.13963,0.13993,0.2149,1774054108894
bybit,gate,ESUSDT,0.13963,0.13993,0.2149,1774054109194
bybit,gate,ESUSDT,0.13963,0.13993,0.2149,1774054109495
bybit,gate,ESUSDT,0.13963,0.13993,0.2149,1774054109796
bybit,gate,ESUSDT,0.13963,0.13993,0.2149,1774054110096
bybit,gate,ESUSDT,0.13963,0.13993,0.2149,1774054110399
bybit,gate,ESUSDT,0.13963,0.13993,0.2149,1774054110701
bybit,gate,ESUSDT,0.13963,0.13993,0.2149,1774054111005
bybit,gate,ESUSDT,0.13963,0.13993,0.2149,1774054111306
bybit,gate,ESUSDT,0.13963,0.13993,0.2149,1774054111610
bybit,gate,ESUSDT,0.13963,0.13993,0.2149,1774054111910
bybit,gate,ESUSDT,0.13963,0.13993,0.2149,1774054112218
bybit,gate,ESUSDT,0.13963,0.13993,0.2149,1774054112521
bybit,gate,ESUSDT,0.13963,0.13993,0.2149,1774054112821
bybit,gate,ESUSDT,0.13963,0.13993,0.2149,1774054113121
bybit,gate,ESUSDT,0.13963,0.13993,0.2149,1774054113424
bybit,gate,ESUSDT,0.13963,0.13993,0.2149,1774054113729
bybit,gate,ESUSDT,0.13963,0.13993,0.2149,1774054114031
bybit,gate,ESUSDT,0.13963,0.13993,0.2149,1774054114333
bybit,gate,ESUSDT,0.13963,0.13993,0.2149,1774054114633
bybit,gate,ESUSDT,0.13963,0.13993,0.2149,1774054114934
bybit,gate,ESUSDT,0.13963,0.13993,0.2149,1774054115234
bybit,gate,ESUSDT,0.13963,0.13993,0.2149,1774054115538
bybit,gate,ESUSDT,0.13963,0.13993,0.2149,1774054115838
bybit,gate,ESUSDT,0.13963,0.13993,0.2149,1774054116138
bybit,gate,ESUSDT,0.13963,0.13993,0.2149,1774054116439
bybit,gate,ESUSDT,0.13963,0.13993,0.2149,1774054116742
bybit,gate,ESUSDT,0.13963,0.13993,0.2149,1774054117042
bybit,gate,ESUSDT,0.13963,0.13993,0.2149,1774054117342
bybit,gate,ESUSDT,0.13963,0.13993,0.2149,1774054117642
bybit,gate,ESUSDT,0.13963,0.13993,0.2149,1774054117942
bybit,gate,ESUSDT,0.13963,0.13993,0.2149,1774054118242
bybit,gate,ESUSDT,0.13963,0.13993,0.2149,1774054118542
bybit,gate,ESUSDT,0.13963,0.13993,0.2149,1774054118842
bybit,gate,ESUSDT,0.13963,0.13993,0.2149,1774054119143
bybit,gate,ESUSDT,0.13963,0.13993,0.2149,1774054119443
bybit,gate,ESUSDT,0.13963,0.13993,0.2149,1774054119744
bybit,gate,ESUSDT,0.13963,0.13993,0.2149,1774054120044
bybit,gate,ESUSDT,0.13963,0.13993,0.2149,1774054120344
bybit,gate,ESUSDT,0.13963,0.13993,0.2149,1774054120644
bybit,gate,ESUSDT,0.13963,0.13993,0.2149,1774054120944
bybit,gate,ESUSDT,0.13963,0.13993,0.2149,1774054121245
bybit,gate,ESUSDT,0.13963,0.13993,0.2149,1774054121545
bybit,gate,ESUSDT,0.13963,0.13993,0.2149,1774054121845
bybit,gate,ESUSDT,0.13963,0.13993,0.2149,1774054122145
bybit,gate,ESUSDT,0.13963,0.13993,0.2149,1774054122445
bybit,gate,ESUSDT,0.13963,0.13993,0.2149,1774054122746
bybit,gate,ESUSDT,0.13963,0.13993,0.2149,1774054123046
bybit,gate,ESUSDT,0.13963,0.13993,0.2149,1774054123346
bybit,gate,ESUSDT,0.13963,0.13993,0.2149,1774054123646
bybit,gate,ESUSDT,0.13963,0.13993,0.2149,1774054123946
bybit,gate,ESUSDT,0.13963,0.13993,0.2149,1774054124246
bybit,gate,ESUSDT,0.13963,0.13993,0.2149,1774054124546
bybit,gate,ESUSDT,0.13963,0.13993,0.2149,1774054124846
bybit,gate,ESUSDT,0.13963,0.13993,0.2149,1774054125146
bybit,gate,ESUSDT,0.13963,0.13993,0.2149,1774054125447
bybit,gate,ESUSDT,0.13963,0.13993,0.2149,1774054125747
bybit,gate,ESUSDT,0.13963,0.13993,0.2149,1774054126047
bybit,gate,ESUSDT,0.13963,0.13993,0.2149,1774054126347
bybit,gate,ESUSDT,0.13963,0.13993,0.2149,1774054126654
bybit,gate,ESUSDT,0.13963,0.13993,0.2149,1774054126954
bybit,gate,ESUSDT,0.13963,0.13993,0.2149,1774054127255
bybit,gate,ESUSDT,0.13963,0.13993,0.2149,1774054127555
bybit,gate,ESUSDT,0.13963,0.13993,0.2149,1774054127856
bybit,gate,ESUSDT,0.13963,0.13993,0.2149,1774054128156
bybit,gate,ESUSDT,0.13963,0.13993,0.2149,1774054128457
bybit,gate,ESUSDT,0.13963,0.13993,0.2149,1774054128757
bybit,gate,ESUSDT,0.13963,0.13993,0.2149,1774054129058
bybit,gate,ESUSDT,0.13963,0.13993,0.2149,1774054129358
bybit,gate,ESUSDT,0.13963,0.13993,0.2149,1774054129659
bybit,gate,ESUSDT,0.13963,0.13993,0.2149,1774054129959
bybit,gate,ESUSDT,0.13963,0.13993,0.2149,1774054130259
bybit,gate,ESUSDT,0.13963,0.13993,0.2149,1774054130559
bybit,gate,ESUSDT,0.13963,0.13993,0.2149,1774054130860
bybit,gate,ESUSDT,0.13963,0.13993,0.2149,1774054131160
bybit,gate,ESUSDT,0.13963,0.13993,0.2149,1774054131460
bybit,gate,ESUSDT,0.13963,0.13993,0.2149,1774054131760
bybit,gate,ESUSDT,0.13963,0.13993,0.2149,1774054132061
bybit,gate,ESUSDT,0.13963,0.13993,0.2149,1774054132361
bybit,gate,ESUSDT,0.13963,0.13993,0.2149,1774054132661
bybit,gate,ESUSDT,0.13963,0.13993,0.2149,1774054132961
bybit,gate,ESUSDT,0.13963,0.13993,0.2149,1774054133276
bybit,gate,ESUSDT,0.13963,0.13993,0.2149,1774054133593
bybit,gate,ESUSDT,0.13963,0.13993,0.2149,1774054133895
bybit,gate,ESUSDT,0.13963,0.13993,0.2149,1774054134202
bybit,gate,ESUSDT,0.13963,0.13993,0.2149,1774054134508
bybit,gate,ESUSDT,0.13963,0.13993,0.2149,1774054134808
bybit,gate,ESUSDT,0.13963,0.13993,0.2149,1774054135112
bybit,gate,ESUSDT,0.13963,0.13993,0.2149,1774054135412
bybit,gate,ESUSDT,0.13963,0.13993,0.2149,1774054135716
bybit,gate,ESUSDT,0.13963,0.13993,0.2149,1774054136019
bybit,gate,ESUSDT,0.13963,0.13993,0.2149,1774054136323
bybit,gate,ESUSDT,0.13963,0.13993,0.2149,1774054136626
bybit,gate,ESUSDT,0.13963,0.13993,0.2149,1774054136933
bybit,gate,ESUSDT,0.13963,0.13993,0.2149,1774054137238
bybit,gate,ESUSDT,0.13963,0.13993,0.2149,1774054137550
bybit,gate,ESUSDT,0.13963,0.13993,0.2149,1774054137850
bybit,gate,ESUSDT,0.13963,0.13993,0.2149,1774054138150
bybit,gate,ESUSDT,0.13963,0.13993,0.2149,1774054138450
bybit,gate,ESUSDT,0.13963,0.13993,0.2149,1774054138751
bybit,gate,ESUSDT,0.13963,0.13993,0.2149,1774054139051
bybit,gate,ESUSDT,0.13963,0.13993,0.2149,1774054139351
bybit,gate,ESUSDT,0.13963,0.13993,0.2149,1774054139651
bybit,gate,ESUSDT,0.13963,0.13993,0.2149,1774054139951
bybit,gate,ESUSDT,0.13963,0.13993,0.2149,1774054140262
bybit,gate,ESUSDT,0.13963,0.13993,0.2149,1774054140579
bybit,gate,ESUSDT,0.13963,0.13993,0.2149,1774054140896
bybit,gate,ESUSDT,0.13963,0.13993,0.2149,1774054141204
bybit,gate,ESUSDT,0.13963,0.13993,0.2149,1774054141511
bybit,gate,ESUSDT,0.13963,0.13993,0.2149,1774054141815
bybit,gate,ESUSDT,0.13963,0.13993,0.2149,1774054142120
bybit,gate,ESUSDT,0.13963,0.13993,0.2149,1774054142423
bybit,gate,ESUSDT,0.13963,0.13993,0.2149,1774054142735
bybit,gate,ESUSDT,0.13963,0.13993,0.2149,1774054143050
bybit,gate,ESUSDT,0.13963,0.13993,0.2149,1774054143352
bybit,gate,ESUSDT,0.13963,0.13993,0.2149,1774054143653
bybit,gate,ESUSDT,0.13963,0.13993,0.2149,1774054143954
bybit,gate,ESUSDT,0.13963,0.13993,0.2149,1774054144255
bybit,gate,ESUSDT,0.13963,0.13993,0.2149,1774054144555
bybit,gate,ESUSDT,0.13963,0.13993,0.2149,1774054144868
bybit,gate,ESUSDT,0.13963,0.13993,0.2149,1774054145177
bybit,gate,ESUSDT,0.13963,0.13993,0.2149,1774054145494
bybit,gate,ESUSDT,0.13963,0.13993,0.2149,1774054145802
bybit,gate,ESUSDT,0.13963,0.13993,0.2149,1774054146113
bybit,gate,ESUSDT,0.13963,0.13993,0.2149,1774054146421
bybit,gate,ESUSDT,0.13963,0.13993,0.2149,1774054146729
bybit,gate,ESUSDT,0.13963,0.13993,0.2149,1774054147037
bybit,gate,ESUSDT,0.13963,0.13993,0.2149,1774054147340
bybit,gate,ESUSDT,0.13963,0.13993,0.2149,1774054147650
bybit,gate,ESUSDT,0.13963,0.13993,0.2149,1774054147961
bybit,gate,ESUSDT,0.13963,0.13993,0.2149,1774054148272
bybit,gate,ESUSDT,0.13963,0.13993,0.2149,1774054148574
bybit,gate,ESUSDT,0.13963,0.13993,0.2149,1774054148874
bybit,gate,ESUSDT,0.13963,0.13993,0.2149,1774054149175
bybit,gate,ESUSDT,0.13963,0.13993,0.2149,1774054149475
bybit,gate,ESUSDT,0.13963,0.13993,0.2149,1774054149776
bybit,gate,ESUSDT,0.13963,0.13993,0.2149,1774054150076
bybit,gate,ESUSDT,0.13963,0.13993,0.2149,1774054150380
bybit,gate,ESUSDT,0.13963,0.13993,0.2149,1774054150680
bybit,gate,ESUSDT,0.13963,0.13993,0.2149,1774054150980
bybit,gate,ESUSDT,0.13963,0.13993,0.2149,1774054151280
bybit,gate,ESUSDT,0.13963,0.13993,0.2149,1774054151582
bybit,gate,ESUSDT,0.13963,0.13993,0.2149,1774054151895
bybit,gate,ESUSDT,0.13963,0.13993,0.2149,1774054152207
bybit,gate,ESUSDT,0.13963,0.13993,0.2149,1774054152520
bybit,gate,ESUSDT,0.13963,0.13993,0.2149,1774054152822
bybit,gate,ESUSDT,0.13963,0.13993,0.2149,1774054153124
bybit,gate,ESUSDT,0.13963,0.13993,0.2149,1774054153434
bybit,gate,ESUSDT,0.13963,0.13993,0.2149,1774054153736
bybit,gate,ESUSDT,0.13963,0.13993,0.2149,1774054154036
bybit,gate,ESUSDT,0.13963,0.13993,0.2149,1774054154337
bybit,gate,ESUSDT,0.13963,0.13993,0.2149,1774054154639
bybit,gate,ESUSDT,0.13963,0.13993,0.2149,1774054154939
bybit,gate,ESUSDT,0.13963,0.13993,0.2149,1774054155242
bybit,gate,ESUSDT,0.13963,0.13993,0.2149,1774054155542
bybit,gate,ESUSDT,0.13963,0.13993,0.2149,1774054155842
bybit,gate,ESUSDT,0.13963,0.13993,0.2149,1774054156143
bybit,gate,ESUSDT,0.13963,0.13993,0.2149,1774054156443
bybit,gate,ESUSDT,0.13963,0.13993,0.2149,1774054156744
bybit,gate,ESUSDT,0.13963,0.13993,0.2149,1774054157044
bybit,gate,ESUSDT,0.13963,0.13993,0.2149,1774054157346
bybit,gate,ESUSDT,0.13963,0.13993,0.2149,1774054157646
bybit,gate,ESUSDT,0.13963,0.13993,0.2149,1774054157946
bybit,gate,ESUSDT,0.13963,0.13993,0.2149,1774054158247
bybit,gate,ESUSDT,0.13963,0.13993,0.2149,1774054158547
bybit,gate,ESUSDT,0.13963,0.13993,0.2149,1774054158848
bybit,gate,ESUSDT,0.13963,0.13993,0.2149,1774054159148
bybit,gate,ESUSDT,0.13963,0.13993,0.2149,1774054159449
bybit,gate,ESUSDT,0.13963,0.13993,0.2149,1774054159750
bybit,gate,ESUSDT,0.13963,0.13993,0.2149,1774054160050
bybit,gate,ESUSDT,0.13963,0.13993,0.2149,1774054160351
bybit,gate,ESUSDT,0.13963,0.13993,0.2149,1774054160651
bybit,gate,ESUSDT,0.13963,0.13993,0.2149,1774054160951
bybit,gate,ESUSDT,0.13963,0.13993,0.2149,1774054161251
bybit,gate,ESUSDT,0.13963,0.13993,0.2149,1774054161555
bybit,gate,ESUSDT,0.13963,0.13993,0.2149,1774054161857
bybit,gate,ESUSDT,0.13963,0.13993,0.2149,1774054162160
bybit,gate,ESUSDT,0.13963,0.13993,0.2149,1774054162460
bybit,gate,ESUSDT,0.13963,0.13993,0.2149,1774054162760
bybit,gate,ESUSDT,0.13963,0.13993,0.2149,1774054163060
bybit,gate,ESUSDT,0.13963,0.13993,0.2149,1774054163360
bybit,gate,ESUSDT,0.13963,0.13993,0.2149,1774054163660
bybit,gate,ESUSDT,0.13963,0.13993,0.2149,1774054163975
bybit,gate,ESUSDT,0.13963,0.13993,0.2149,1774054164291
bybit,gate,ESUSDT,0.13963,0.13993,0.2149,1774054164596
bybit,gate,ESUSDT,0.13963,0.13993,0.2149,1774054164897
bybit,gate,ESUSDT,0.13963,0.13993,0.2149,1774054165201
bybit,gate,ESUSDT,0.13963,0.13993,0.2149,1774054165505
bybit,gate,ESUSDT,0.13963,0.13993,0.2149,1774054165808
bybit,gate,ESUSDT,0.13963,0.13993,0.2149,1774054166112
bybit,gate,ESUSDT,0.13963,0.13993,0.2149,1774054166413
bybit,gate,ESUSDT,0.13963,0.13993,0.2149,1774054166715
bybit,gate,ESUSDT,0.13963,0.13993,0.2149,1774054167019
bybit,gate,ESUSDT,0.13963,0.13993,0.2149,1774054167324
bybit,gate,ESUSDT,0.13963,0.13993,0.2149,1774054167631
bybit,gate,ESUSDT,0.13963,0.13993,0.2149,1774054167933
bybit,gate,ESUSDT,0.13963,0.13993,0.2149,1774054168238
bybit,gate,ESUSDT,0.13963,0.13993,0.2149,1774054168538
bybit,gate,ESUSDT,0.13963,0.13993,0.2149,1774054168838
bybit,gate,ESUSDT,0.13963,0.13993,0.2149,1774054169138
bybit,gate,ESUSDT,0.13963,0.13993,0.2149,1774054169438
bybit,gate,ESUSDT,0.13963,0.13993,0.2149,1774054169746
bybit,gate,ESUSDT,0.13963,0.13993,0.2149,1774054170046
bybit,gate,ESUSDT,0.13963,0.13993,0.2149,1774054170347
bybit,gate,ESUSDT,0.13963,0.13993,0.2149,1774054170647
bybit,gate,ESUSDT,0.13963,0.13993,0.2149,1774054170956
bybit,gate,ESUSDT,0.13963,0.13993,0.2149,1774054171256
bybit,gate,ESUSDT,0.13963,0.13993,0.2149,1774054171556
bybit,gate,ESUSDT,0.13963,0.13993,0.2149,1774054171857
bybit,gate,ESUSDT,0.13963,0.13993,0.2149,1774054172157
bybit,gate,ESUSDT,0.13963,0.13993,0.2149,1774054172457
bybit,gate,ESUSDT,0.13963,0.13993,0.2149,1774054172757
bybit,gate,ESUSDT,0.13963,0.13993,0.2149,1774054173058
bybit,gate,ESUSDT,0.13963,0.13993,0.2149,1774054173358
bybit,gate,ESUSDT,0.13963,0.13993,0.2149,1774054173658
bybit,gate,ESUSDT,0.13963,0.13993,0.2149,1774054173958
bybit,gate,ESUSDT,0.13963,0.13993,0.2149,1774054174269
bybit,gate,ESUSDT,0.13963,0.13993,0.2149,1774054174570
bybit,gate,ESUSDT,0.13963,0.13993,0.2149,1774054174870
bybit,gate,ESUSDT,0.13963,0.13993,0.2149,1774054175170
bybit,gate,ESUSDT,0.13963,0.13993,0.2149,1774054175471
bybit,gate,ESUSDT,0.13963,0.13993,0.2149,1774054175771
bybit,gate,ESUSDT,0.13963,0.13993,0.2149,1774054176071
bybit,gate,ESUSDT,0.13963,0.13993,0.2149,1774054176372
bybit,gate,ESUSDT,0.13963,0.13993,0.2149,1774054176672
bybit,gate,ESUSDT,0.13963,0.13993,0.2149,1774054176972
bybit,gate,ESUSDT,0.13963,0.13993,0.2149,1774054177272
bybit,gate,ESUSDT,0.13963,0.13993,0.2149,1774054177572
bybit,gate,ESUSDT,0.13963,0.13993,0.2149,1774054177873
bybit,gate,ESUSDT,0.13963,0.13993,0.2149,1774054178173
bybit,gate,ESUSDT,0.13963,0.13993,0.2149,1774054178473
bybit,gate,ESUSDT,0.13963,0.13993,0.2149,1774054178774
bybit,gate,ESUSDT,0.13963,0.13993,0.2149,1774054179074
bybit,gate,ESUSDT,0.13963,0.13993,0.2149,1774054179374
bybit,gate,ESUSDT,0.13963,0.13993,0.2149,1774054179674
bybit,gate,ESUSDT,0.13963,0.13993,0.2149,1774054179974
bybit,gate,ESUSDT,0.13963,0.13993,0.2149,1774054180275
bybit,gate,ESUSDT,0.13963,0.13993,0.2149,1774054180575
bybit,gate,ESUSDT,0.13963,0.13993,0.2149,1774054180875
bybit,gate,ESUSDT,0.13963,0.13993,0.2149,1774054181176
bybit,gate,ESUSDT,0.13963,0.13993,0.2149,1774054181476
bybit,gate,ESUSDT,0.13963,0.13993,0.2149,1774054181776
bybit,gate,ESUSDT,0.13963,0.13993,0.2149,1774054182076
bybit,gate,ESUSDT,0.13963,0.13993,0.2149,1774054182376
bybit,gate,ESUSDT,0.13963,0.13993,0.2149,1774054182676
bybit,gate,ESUSDT,0.13963,0.13993,0.2149,1774054182976
bybit,gate,ESUSDT,0.13963,0.13993,0.2149,1774054183277
bybit,gate,ESUSDT,0.13963,0.13993,0.2149,1774054183577
bybit,gate,ESUSDT,0.13963,0.13993,0.2149,1774054183878
bybit,gate,ESUSDT,0.13963,0.13993,0.2149,1774054184178
bybit,gate,ESUSDT,0.13963,0.13993,0.2149,1774054184478
bybit,gate,ESUSDT,0.13963,0.13993,0.2149,1774054184778
bybit,gate,ESUSDT,0.13963,0.13993,0.2149,1774054185079
bybit,gate,ESUSDT,0.13963,0.13993,0.2149,1774054185379
bybit,gate,ESUSDT,0.13963,0.13993,0.2149,1774054185680
bybit,gate,ESUSDT,0.13963,0.13993,0.2149,1774054185980
bybit,gate,ESUSDT,0.13963,0.13993,0.2149,1774054186281
bybit,gate,ESUSDT,0.13963,0.13993,0.2149,1774054186581
bybit,gate,ESUSDT,0.13963,0.13993,0.2149,1774054186893
bybit,gate,ESUSDT,0.13963,0.13993,0.2149,1774054187202
bybit,gate,ESUSDT,0.13963,0.13993,0.2149,1774054187507
bybit,gate,ESUSDT,0.13963,0.13993,0.2149,1774054187811
bybit,gate,ESUSDT,0.13963,0.13993,0.2149,1774054188113
bybit,gate,ESUSDT,0.13963,0.13993,0.2149,1774054188415
bybit,gate,ESUSDT,0.13963,0.13993,0.2149,1774054188715
bybit,gate,ESUSDT,0.13963,0.13993,0.2149,1774054189018
bybit,gate,ESUSDT,0.13963,0.13993,0.2149,1774054189319
bybit,gate,ESUSDT,0.13963,0.13993,0.2149,1774054189621
bybit,gate,ESUSDT,0.13963,0.13993,0.2149,1774054189924
bybit,gate,ESUSDT,0.13963,0.13993,0.2149,1774054190230
bybit,gate,ESUSDT,0.13963,0.13993,0.2149,1774054190530
bybit,gate,ESUSDT,0.13963,0.13993,0.2149,1774054190834
bybit,gate,ESUSDT,0.13963,0.13993,0.2149,1774054191143
bybit,gate,ESUSDT,0.13963,0.13993,0.2149,1774054191444
bybit,gate,ESUSDT,0.13963,0.13993,0.2149,1774054191744
bybit,gate,ESUSDT,0.13963,0.13993,0.2149,1774054192048
bybit,gate,ESUSDT,0.13963,0.13993,0.2149,1774054192348
bybit,gate,ESUSDT,0.13963,0.13993,0.2149,1774054192649
bybit,gate,ESUSDT,0.13963,0.13993,0.2149,1774054192949
bybit,gate,ESUSDT,0.13963,0.13993,0.2149,1774054193249
bybit,gate,ESUSDT,0.13963,0.13993,0.2149,1774054193549
bybit,gate,ESUSDT,0.13963,0.13993,0.2149,1774054193850
bybit,gate,ESUSDT,0.13963,0.13993,0.2149,1774054194150
bybit,gate,ESUSDT,0.13963,0.13993,0.2149,1774054194450
bybit,gate,ESUSDT,0.13963,0.13993,0.2149,1774054194750
bybit,gate,ESUSDT,0.13963,0.13993,0.2149,1774054195051
bybit,gate,ESUSDT,0.13963,0.13993,0.2149,1774054195351
bybit,gate,ESUSDT,0.13963,0.13993,0.2149,1774054195652
bybit,gate,ESUSDT,0.13963,0.13993,0.2149,1774054195952
bybit,gate,ESUSDT,0.13963,0.13993,0.2149,1774054196252
bybit,gate,ESUSDT,0.13963,0.13993,0.2149,1774054196552
bybit,gate,ESUSDT,0.13963,0.13993,0.2149,1774054196853
bybit,gate,ESUSDT,0.13963,0.13993,0.2149,1774054197153
bybit,gate,ESUSDT,0.13963,0.13993,0.2149,1774054197454
bybit,gate,ESUSDT,0.13963,0.13993,0.2149,1774054197755
bybit,gate,ESUSDT,0.13963,0.13993,0.2149,1774054198055
bybit,gate,ESUSDT,0.13963,0.13993,0.2149,1774054198356
bybit,gate,ESUSDT,0.13963,0.13993,0.2149,1774054198656
bybit,gate,ESUSDT,0.13963,0.13993,0.2149,1774054198956
bybit,gate,ESUSDT,0.13963,0.13993,0.2149,1774054199256
bybit,gate,ESUSDT,0.13963,0.13993,0.2149,1774054199556
bybit,gate,ESUSDT,0.13963,0.13993,0.2149,1774054199870
bybit,gate,ESUSDT,0.13963,0.13993,0.2149,1774054200179
bybit,gate,ESUSDT,0.13963,0.13993,0.2149,1774054200496
bybit,gate,ESUSDT,0.13963,0.13993,0.2149,1774054200810
bybit,gate,ESUSDT,0.13963,0.13993,0.2149,1774054201121
bybit,gate,ESUSDT,0.13963,0.13993,0.2149,1774054201431
bybit,gate,ESUSDT,0.13963,0.13993,0.2149,1774054201742
bybit,gate,ESUSDT,0.13963,0.13993,0.2149,1774054202048
bybit,gate,ESUSDT,0.13963,0.13993,0.2149,1774054202360
bybit,gate,ESUSDT,0.13963,0.13993,0.2149,1774054202672
bybit,gate,ESUSDT,0.13963,0.13993,0.2149,1774054202984
bybit,gate,ESUSDT,0.13963,0.13993,0.2149,1774054203298
bybit,gate,ESUSDT,0.13963,0.13993,0.2149,1774054203609
bybit,gate,ESUSDT,0.13963,0.13993,0.2149,1774054203924
bybit,gate,ESUSDT,0.13963,0.13993,0.2149,1774054204240
bybit,gate,ESUSDT,0.13963,0.13993,0.2149,1774054204553
bybit,gate,ESUSDT,0.13963,0.13993,0.2149,1774054204867
bybit,gate,ESUSDT,0.13963,0.13993,0.2149,1774054205182
bybit,gate,ESUSDT,0.13963,0.13993,0.2149,1774054205497
bybit,gate,ESUSDT,0.13963,0.13993,0.2149,1774054205814
bybit,gate,ESUSDT,0.13963,0.13993,0.2149,1774054206124
bybit,gate,ESUSDT,0.13963,0.13993,0.2149,1774054206440
bybit,gate,ESUSDT,0.13963,0.13993,0.2149,1774054206750
bybit,gate,ESUSDT,0.13963,0.13993,0.2149,1774054207057
bybit,gate,ESUSDT,0.13963,0.13993,0.2149,1774054207379
bybit,gate,ESUSDT,0.13963,0.13993,0.2149,1774054207686
bybit,gate,ESUSDT,0.13963,0.13993,0.2149,1774054207990
bybit,gate,ESUSDT,0.13963,0.13993,0.2149,1774054208297
bybit,gate,ESUSDT,0.13963,0.13993,0.2149,1774054208603
bybit,gate,ESUSDT,0.13963,0.13993,0.2149,1774054208912
bybit,gate,ESUSDT,0.13963,0.13993,0.2149,1774054209219
bybit,gate,ESUSDT,0.13963,0.13993,0.2149,1774054209527
bybit,gate,ESUSDT,0.13963,0.13993,0.2149,1774054209836
bybit,gate,ESUSDT,0.13963,0.13993,0.2149,1774054210138
bybit,gate,ESUSDT,0.13963,0.13993,0.2149,1774054210439
bybit,gate,ESUSDT,0.13963,0.13993,0.2149,1774054210741
bybit,gate,ESUSDT,0.13963,0.13993,0.2149,1774054211044
bybit,gate,ESUSDT,0.13963,0.13993,0.2149,1774054211347
bybit,gate,ESUSDT,0.13963,0.13993,0.2149,1774054211647
bybit,gate,ESUSDT,0.13963,0.13993,0.2149,1774054211947
bybit,gate,ESUSDT,0.13963,0.13993,0.2149,1774054212248
bybit,gate,ESUSDT,0.13963,0.13993,0.2149,1774054212548
bybit,gate,ESUSDT,0.13963,0.13993,0.2149,1774054212848
bybit,gate,ESUSDT,0.13963,0.13993,0.2149,1774054213150
bybit,gate,ESUSDT,0.13963,0.13993,0.2149,1774054213459
bybit,gate,ESUSDT,0.13963,0.13993,0.2149,1774054213760
bybit,gate,ESUSDT,0.13963,0.13993,0.2149,1774054214061
bybit,gate,ESUSDT,0.13963,0.13993,0.2149,1774054214361
bybit,gate,ESUSDT,0.13963,0.13993,0.2149,1774054214661
bybit,gate,ESUSDT,0.13963,0.13993,0.2149,1774054214961
bybit,gate,ESUSDT,0.13963,0.13993,0.2149,1774054215262
bybit,gate,ESUSDT,0.13963,0.13993,0.2149,1774054215562
bybit,gate,ESUSDT,0.13963,0.13993,0.2149,1774054215862
bybit,gate,ESUSDT,0.13963,0.13993,0.2149,1774054216162
bybit,gate,ESUSDT,0.13963,0.13993,0.2149,1774054216462
bybit,gate,ESUSDT,0.13963,0.13993,0.2149,1774054216762
bybit,gate,ESUSDT,0.13963,0.13993,0.2149,1774054217063
bybit,gate,ESUSDT,0.13963,0.13993,0.2149,1774054217363
bybit,gate,ESUSDT,0.13963,0.13993,0.2149,1774054217664
bybit,gate,ESUSDT,0.13963,0.13993,0.2149,1774054217964
bybit,gate,ESUSDT,0.13963,0.13993,0.2149,1774054218264
bybit,gate,ESUSDT,0.13963,0.13993,0.2149,1774054218579
bybit,gate,ESUSDT,0.13963,0.13993,0.2149,1774054218879
bybit,gate,ESUSDT,0.13963,0.13993,0.2149,1774054219187
bybit,gate,ESUSDT,0.13963,0.13993,0.2149,1774054219503
bybit,gate,ESUSDT,0.13963,0.13993,0.2149,1774054219813
bybit,gate,ESUSDT,0.13963,0.13993,0.2149,1774054220120
bybit,gate,ESUSDT,0.13963,0.13993,0.2149,1774054220430
bybit,gate,ESUSDT,0.13963,0.13993,0.2149,1774054220742
bybit,gate,ESUSDT,0.13963,0.13993,0.2149,1774054221056
bybit,gate,ESUSDT,0.13963,0.13993,0.2149,1774054221371
bybit,gate,ESUSDT,0.13963,0.13993,0.2149,1774054221682
bybit,gate,ESUSDT,0.13963,0.13993,0.2149,1774054221992
bybit,gate,ESUSDT,0.13963,0.13993,0.2149,1774054222307
bybit,gate,ESUSDT,0.13963,0.13993,0.2149,1774054222624
bybit,gate,ESUSDT,0.13963,0.13993,0.2149,1774054222943
bybit,gate,ESUSDT,0.13963,0.13993,0.2149,1774054223261
bybit,gate,ESUSDT,0.13963,0.13993,0.2149,1774054223576
bybit,gate,ESUSDT,0.13963,0.13993,0.2149,1774054223882
bybit,gate,ESUSDT,0.13963,0.13993,0.2149,1774054224192
bybit,gate,ESUSDT,0.13963,0.13993,0.2149,1774054224507
bybit,gate,ESUSDT,0.13963,0.13993,0.2149,1774054224811
bybit,gate,ESUSDT,0.13963,0.13993,0.2149,1774054225122
bybit,gate,ESUSDT,0.13963,0.13993,0.2149,1774054225437
bybit,gate,ESUSDT,0.13963,0.13993,0.2149,1774054225746
bybit,gate,ESUSDT,0.13963,0.13993,0.2149,1774054226059
bybit,gate,ESUSDT,0.13963,0.13993,0.2149,1774054226368
bybit,gate,ESUSDT,0.13963,0.13993,0.2149,1774054226675
bybit,gate,ESUSDT,0.13963,0.13993,0.2149,1774054226981
bybit,gate,ESUSDT,0.13963,0.13993,0.2149,1774054227289
bybit,gate,ESUSDT,0.13963,0.13993,0.2149,1774054227608
bybit,gate,ESUSDT,0.13963,0.13993,0.2149,1774054227919
bybit,gate,ESUSDT,0.13963,0.13993,0.2149,1774054228236
bybit,gate,ESUSDT,0.13963,0.13993,0.2149,1774054228545
bybit,gate,ESUSDT,0.13963,0.13993,0.2149,1774054228850
bybit,gate,ESUSDT,0.13963,0.13993,0.2149,1774054229165
bybit,gate,ESUSDT,0.13963,0.13993,0.2149,1774054229471
bybit,gate,ESUSDT,0.13963,0.13993,0.2149,1774054229773
bybit,gate,ESUSDT,0.13963,0.13993,0.2149,1774054230075
bybit,gate,ESUSDT,0.13963,0.13993,0.2149,1774054230375
bybit,gate,ESUSDT,0.13963,0.13993,0.2149,1774054230675
bybit,gate,ESUSDT,0.13963,0.13993,0.2149,1774054230975
bybit,gate,ESUSDT,0.13963,0.13993,0.2149,1774054231276
bybit,gate,ESUSDT,0.13963,0.13993,0.2149,1774054231591
bybit,gate,ESUSDT,0.13963,0.13993,0.2149,1774054231900
bybit,gate,ESUSDT,0.13963,0.13993,0.2149,1774054232208
bybit,gate,ESUSDT,0.13963,0.13993,0.2149,1774054232516
bybit,gate,ESUSDT,0.13963,0.13993,0.2149,1774054232821
bybit,gate,ESUSDT,0.13963,0.13993,0.2149,1774054233125
bybit,gate,ESUSDT,0.13963,0.13993,0.2149,1774054233433
bybit,gate,ESUSDT,0.13963,0.13993,0.2149,1774054233739
bybit,gate,ESUSDT,0.13963,0.13993,0.2149,1774054234040
bybit,gate,ESUSDT,0.13963,0.13993,0.2149,1774054234341
bybit,gate,ESUSDT,0.13963,0.13993,0.2149,1774054234642
bybit,gate,ESUSDT,0.13963,0.13993,0.2149,1774054234942
bybit,gate,ESUSDT,0.13963,0.13993,0.2149,1774054235242
bybit,gate,ESUSDT,0.13963,0.13993,0.2149,1774054235543
bybit,gate,ESUSDT,0.13963,0.13993,0.2149,1774054235843
bybit,gate,ESUSDT,0.13963,0.13993,0.2149,1774054236143
bybit,gate,ESUSDT,0.13963,0.13993,0.2149,1774054236443
bybit,gate,ESUSDT,0.13963,0.13993,0.2149,1774054236743
bybit,gate,ESUSDT,0.13963,0.13993,0.2149,1774054237044
bybit,gate,ESUSDT,0.13963,0.13993,0.2149,1774054237344
bybit,gate,ESUSDT,0.13963,0.13993,0.2149,1774054237644
bybit,gate,ESUSDT,0.13963,0.13993,0.2149,1774054237945
bybit,gate,ESUSDT,0.13963,0.13993,0.2149,1774054238245
bybit,gate,ESUSDT,0.13963,0.13993,0.2149,1774054238547
bybit,gate,ESUSDT,0.13963,0.13993,0.2149,1774054238849
bybit,gate,ESUSDT,0.13963,0.13993,0.2149,1774054239149
bybit,gate,ESUSDT,0.13963,0.13993,0.2149,1774054239449
bybit,gate,ESUSDT,0.13963,0.13993,0.2149,1774054239750
bybit,gate,ESUSDT,0.13963,0.13993,0.2149,1774054240050
bybit,gate,ESUSDT,0.13963,0.13993,0.2149,1774054240350
bybit,gate,ESUSDT,0.13963,0.13993,0.2149,1774054240650
bybit,gate,ESUSDT,0.13963,0.13993,0.2149,1774054240950
bybit,gate,ESUSDT,0.13963,0.13993,0.2149,1774054241250
bybit,gate,ESUSDT,0.13963,0.13993,0.2149,1774054241551
bybit,gate,ESUSDT,0.13963,0.13993,0.2149,1774054241851
bybit,gate,ESUSDT,0.13963,0.13993,0.2149,1774054242151
bybit,gate,ESUSDT,0.13963,0.13993,0.2149,1774054242452
bybit,gate,ESUSDT,0.13963,0.13993,0.2149,1774054242752
bybit,gate,ESUSDT,0.13963,0.13993,0.2149,1774054243053
bybit,gate,ESUSDT,0.13963,0.13993,0.2149,1774054243354
bybit,gate,ESUSDT,0.13963,0.13993,0.2149,1774054243654
bybit,gate,ESUSDT,0.13963,0.13993,0.2149,1774054243954
bybit,gate,ESUSDT,0.13963,0.13993,0.2149,1774054244255
bybit,gate,ESUSDT,0.13963,0.13993,0.2149,1774054244555
bybit,gate,ESUSDT,0.13963,0.13993,0.2149,1774054244855
bybit,gate,ESUSDT,0.13963,0.13993,0.2149,1774054245155
bybit,gate,ESUSDT,0.13963,0.13993,0.2149,1774054245456
bybit,gate,ESUSDT,0.13963,0.13993,0.2149,1774054245756
bybit,gate,ESUSDT,0.13963,0.13993,0.2149,1774054246056
bybit,gate,ESUSDT,0.13963,0.13993,0.2149,1774054246356
bybit,gate,ESUSDT,0.13963,0.13993,0.2149,1774054246656
bybit,gate,ESUSDT,0.13963,0.13993,0.2149,1774054246956
bybit,gate,ESUSDT,0.13963,0.13993,0.2149,1774054247256
bybit,gate,ESUSDT,0.13963,0.13993,0.2149,1774054247557
bybit,gate,ESUSDT,0.13963,0.13993,0.2149,1774054247857
bybit,gate,ESUSDT,0.13963,0.13993,0.2149,1774054248158
bybit,gate,ESUSDT,0.13963,0.13993,0.2149,1774054248458
bybit,gate,ESUSDT,0.13963,0.13993,0.2149,1774054248758
bybit,gate,ESUSDT,0.13963,0.13993,0.2149,1774054249059
bybit,gate,ESUSDT,0.13963,0.13993,0.2149,1774054249359
bybit,gate,ESUSDT,0.13963,0.13993,0.2149,1774054249660
bybit,gate,ESUSDT,0.13963,0.13993,0.2149,1774054249961
bybit,gate,ESUSDT,0.13963,0.13993,0.2149,1774054250261
bybit,gate,ESUSDT,0.13963,0.13993,0.2149,1774054250562
bybit,gate,ESUSDT,0.13963,0.13993,0.2149,1774054250862
bybit,gate,ESUSDT,0.13963,0.13993,0.2149,1774054251162
bybit,gate,ESUSDT,0.13963,0.13993,0.2149,1774054251463
bybit,gate,ESUSDT,0.13963,0.13993,0.2149,1774054251763
bybit,gate,ESUSDT,0.13963,0.13993,0.2149,1774054252065
bybit,gate,ESUSDT,0.13963,0.13993,0.2149,1774054252365
bybit,gate,ESUSDT,0.13963,0.13993,0.2149,1774054252665
bybit,gate,ESUSDT,0.13963,0.13993,0.2149,1774054252966
bybit,gate,ESUSDT,0.13963,0.13993,0.2149,1774054253266
bybit,gate,ESUSDT,0.13963,0.13993,0.2149,1774054253567
bybit,gate,ESUSDT,0.13963,0.13993,0.2149,1774054253867
bybit,gate,ESUSDT,0.13963,0.13993,0.2149,1774054254168
bybit,gate,ESUSDT,0.13963,0.13993,0.2149,1774054254468
bybit,gate,ESUSDT,0.13963,0.13993,0.2149,1774054254768
bybit,gate,ESUSDT,0.13963,0.13993,0.2149,1774054255068
bybit,gate,ESUSDT,0.13963,0.13993,0.2149,1774054255369
bybit,gate,ESUSDT,0.13963,0.13993,0.2149,1774054255683
bybit,gate,ESUSDT,0.13963,0.13993,0.2149,1774054255993
bybit,gate,ESUSDT,0.13963,0.13993,0.2149,1774054256304
bybit,gate,ESUSDT,0.13963,0.13993,0.2149,1774054256614
bybit,gate,ESUSDT,0.13963,0.13993,0.2149,1774054256922
bybit,gate,ESUSDT,0.13963,0.13993,0.2149,1774054257234
bybit,gate,ESUSDT,0.13963,0.13993,0.2149,1774054257551
bybit,gate,ESUSDT,0.13963,0.13993,0.2149,1774054257862
bybit,gate,ESUSDT,0.13963,0.13993,0.2149,1774054258172
bybit,gate,ESUSDT,0.13963,0.13993,0.2149,1774054258481
bybit,gate,ESUSDT,0.13963,0.13993,0.2149,1774054258781
bybit,gate,ESUSDT,0.13963,0.13993,0.2149,1774054259081
bybit,gate,ESUSDT,0.13963,0.13993,0.2149,1774054259382
bybit,gate,ESUSDT,0.13963,0.13993,0.2149,1774054259682
bybit,gate,ESUSDT,0.13963,0.13993,0.2149,1774054259982
bybit,gate,ESUSDT,0.13963,0.13993,0.2149,1774054260292
bybit,gate,ESUSDT,0.13963,0.13993,0.2149,1774054260601
bybit,gate,ESUSDT,0.13963,0.13993,0.2149,1774054260930
bybit,gate,ESUSDT,0.13963,0.13993,0.2149,1774054261245
bybit,gate,ESUSDT,0.13963,0.13993,0.2149,1774054261558
bybit,gate,ESUSDT,0.13963,0.13993,0.2149,1774054261871
bybit,gate,ESUSDT,0.13963,0.13993,0.2149,1774054262186
bybit,gate,ESUSDT,0.13963,0.13993,0.2149,1774054262494
bybit,gate,ESUSDT,0.13963,0.13993,0.2149,1774054262809
bybit,gate,ESUSDT,0.13963,0.13993,0.2149,1774054263123
bybit,gate,ESUSDT,0.13963,0.13993,0.2149,1774054263436
bybit,gate,ESUSDT,0.13963,0.13993,0.2149,1774054263751
bybit,gate,ESUSDT,0.13963,0.13993,0.2149,1774054264063
bybit,gate,ESUSDT,0.13963,0.13993,0.2149,1774054264379
bybit,gate,ESUSDT,0.13963,0.13993,0.2149,1774054264686
bybit,gate,ESUSDT,0.13963,0.13993,0.2149,1774054264992
bybit,gate,ESUSDT,0.13963,0.13993,0.2149,1774054265298
bybit,gate,ESUSDT,0.13963,0.13993,0.2149,1774054265610
bybit,gate,ESUSDT,0.13963,0.13993,0.2149,1774054265920
bybit,gate,ESUSDT,0.13963,0.13993,0.2149,1774054266232
bybit,gate,ESUSDT,0.13963,0.13993,0.2149,1774054266550
bybit,gate,ESUSDT,0.13963,0.13993,0.2149,1774054266860
bybit,gate,ESUSDT,0.13963,0.13993,0.2149,1774054267167
bybit,gate,ESUSDT,0.13963,0.13993,0.2149,1774054267468
bybit,gate,ESUSDT,0.13963,0.13993,0.2149,1774054267768
bybit,gate,ESUSDT,0.13963,0.13993,0.2149,1774054268069
bybit,gate,ESUSDT,0.13963,0.13993,0.2149,1774054268369
bybit,gate,ESUSDT,0.13963,0.13993,0.2149,1774054268669
bybit,gate,ESUSDT,0.13963,0.13993,0.2149,1774054268969
bybit,gate,ESUSDT,0.13963,0.13993,0.2149,1774054269270
bybit,gate,ESUSDT,0.13963,0.13993,0.2149,1774054269570
bybit,gate,ESUSDT,0.13963,0.13993,0.2149,1774054269870
bybit,gate,ESUSDT,0.13963,0.13993,0.2149,1774054270170
bybit,gate,ESUSDT,0.13963,0.13993,0.2149,1774054270470
bybit,gate,ESUSDT,0.13963,0.13993,0.2149,1774054270770
bybit,gate,ESUSDT,0.13963,0.13993,0.2149,1774054271070
bybit,gate,ESUSDT,0.13963,0.13993,0.2149,1774054271371
bybit,gate,ESUSDT,0.13963,0.13993,0.2149,1774054271671
bybit,gate,ESUSDT,0.13963,0.13993,0.2149,1774054271971
bybit,gate,ESUSDT,0.13963,0.13993,0.2149,1774054272271
bybit,gate,ESUSDT,0.13963,0.13993,0.2149,1774054272571
bybit,gate,ESUSDT,0.13963,0.13993,0.2149,1774054272873
bybit,gate,ESUSDT,0.13963,0.13993,0.2149,1774054273173
bybit,gate,ESUSDT,0.13963,0.13993,0.2149,1774054273474
bybit,gate,ESUSDT,0.13963,0.13993,0.2149,1774054273774
bybit,gate,ESUSDT,0.13963,0.13993,0.2149,1774054274074
bybit,gate,ESUSDT,0.13963,0.13993,0.2149,1774054274375
bybit,gate,ESUSDT,0.13963,0.13993,0.2149,1774054274676
bybit,gate,ESUSDT,0.13963,0.13993,0.2149,1774054274976
bybit,gate,ESUSDT,0.13963,0.13993,0.2149,1774054275276
bybit,gate,ESUSDT,0.13963,0.13993,0.2149,1774054275577
bybit,gate,ESUSDT,0.13963,0.13993,0.2149,1774054275877
bybit,gate,ESUSDT,0.13963,0.13993,0.2149,1774054276178
bybit,gate,ESUSDT,0.13963,0.13993,0.2149,1774054276478
bybit,gate,ESUSDT,0.13963,0.13993,0.2149,1774054276778
bybit,gate,ESUSDT,0.13963,0.13993,0.2149,1774054277080
bybit,gate,ESUSDT,0.13963,0.13993,0.2149,1774054277380
bybit,gate,ESUSDT,0.13963,0.13993,0.2149,1774054277680
bybit,gate,ESUSDT,0.13963,0.13993,0.2149,1774054277980
bybit,gate,ESUSDT,0.13963,0.13993,0.2149,1774054278283
bybit,gate,ESUSDT,0.13963,0.13993,0.2149,1774054278583
bybit,gate,ESUSDT,0.13963,0.13993,0.2149,1774054278883
bybit,gate,ESUSDT,0.13963,0.13993,0.2149,1774054279183
bybit,gate,ESUSDT,0.13963,0.13993,0.2149,1774054279484
bybit,gate,ESUSDT,0.13963,0.13993,0.2149,1774054279784
bybit,gate,ESUSDT,0.13963,0.13993,0.2149,1774054280084
bybit,gate,ESUSDT,0.13963,0.13993,0.2149,1774054280384
bybit,gate,ESUSDT,0.13963,0.13993,0.2149,1774054280685
bybit,gate,ESUSDT,0.13963,0.13993,0.2149,1774054280985
bybit,gate,ESUSDT,0.13963,0.13993,0.2149,1774054281285
bybit,gate,ESUSDT,0.13963,0.13993,0.2149,1774054281585
bybit,gate,ESUSDT,0.13963,0.13993,0.2149,1774054281886
bybit,gate,ESUSDT,0.13963,0.13993,0.2149,1774054282186
bybit,gate,ESUSDT,0.13963,0.13993,0.2149,1774054282486
bybit,gate,ESUSDT,0.13963,0.13993,0.2149,1774054282786
bybit,gate,ESUSDT,0.13963,0.13993,0.2149,1774054283086
bybit,gate,ESUSDT,0.13963,0.13993,0.2149,1774054283386
bybit,gate,ESUSDT,0.13963,0.13993,0.2149,1774054283686
bybit,gate,ESUSDT,0.13963,0.13993,0.2149,1774054283986
bybit,gate,ESUSDT,0.13963,0.13993,0.2149,1774054284289
bybit,gate,ESUSDT,0.13963,0.13993,0.2149,1774054284589
bybit,gate,ESUSDT,0.13963,0.13993,0.2149,1774054284896
bybit,gate,ESUSDT,0.13963,0.13993,0.2149,1774054285201
bybit,gate,ESUSDT,0.13963,0.13993,0.2149,1774054285509
bybit,gate,ESUSDT,0.13963,0.13993,0.2149,1774054285809
bybit,gate,ESUSDT,0.13963,0.13993,0.2149,1774054286118
bybit,gate,ESUSDT,0.13963,0.13993,0.2149,1774054286422
bybit,gate,ESUSDT,0.13963,0.13993,0.2149,1774054286726
bybit,gate,ESUSDT,0.13963,0.13993,0.2149,1774054287031
bybit,gate,ESUSDT,0.13963,0.13993,0.2149,1774054287332
bybit,gate,ESUSDT,0.13963,0.13993,0.2149,1774054287636
bybit,gate,ESUSDT,0.13963,0.13993,0.2149,1774054287946
bybit,gate,ESUSDT,0.13963,0.13993,0.2149,1774054288259
bybit,gate,ESUSDT,0.13963,0.13993,0.2149,1774054288570
bybit,gate,ESUSDT,0.13963,0.13993,0.2149,1774054288875
bybit,gate,ESUSDT,0.13963,0.13993,0.2149,1774054289175
bybit,gate,ESUSDT,0.13963,0.13993,0.2149,1774054289476
bybit,gate,ESUSDT,0.13963,0.13993,0.2149,1774054289776
bybit,gate,ESUSDT,0.13963,0.13993,0.2149,1774054290077
bybit,gate,ESUSDT,0.13963,0.13993,0.2149,1774054290378
bybit,gate,ESUSDT,0.13963,0.13993,0.2149,1774054290683
bybit,gate,ESUSDT,0.13963,0.13993,0.2149,1774054290983
bybit,gate,ESUSDT,0.13963,0.13993,0.2149,1774054291283
bybit,gate,ESUSDT,0.13963,0.13993,0.2149,1774054291584
bybit,gate,ESUSDT,0.13963,0.13993,0.2149,1774054291885
bybit,gate,ESUSDT,0.13963,0.13993,0.2149,1774054292185
bybit,gate,ESUSDT,0.13963,0.13993,0.2149,1774054292485
bybit,gate,ESUSDT,0.13963,0.13993,0.2149,1774054292791
bybit,gate,ESUSDT,0.13963,0.13993,0.2149,1774054293106
bybit,gate,ESUSDT,0.13963,0.13993,0.2149,1774054293414
bybit,gate,ESUSDT,0.13963,0.13993,0.2149,1774054293729
bybit,gate,ESUSDT,0.13963,0.13993,0.2149,1774054294047
bybit,gate,ESUSDT,0.13963,0.13993,0.2149,1774054294364
bybit,gate,ESUSDT,0.13963,0.13993,0.2149,1774054294679
bybit,gate,ESUSDT,0.13963,0.13993,0.2149,1774054294984
bybit,gate,ESUSDT,0.13963,0.13993,0.2149,1774054295291
bybit,gate,ESUSDT,0.13963,0.13993,0.2149,1774054295597
bybit,gate,ESUSDT,0.13963,0.13993,0.2149,1774054295902
bybit,gate,ESUSDT,0.13963,0.13993,0.2149,1774054296207
bybit,gate,ESUSDT,0.13963,0.13993,0.2149,1774054296510
bybit,gate,ESUSDT,0.13963,0.13993,0.2149,1774054296811
bybit,gate,ESUSDT,0.13963,0.13993,0.2149,1774054297114
bybit,gate,ESUSDT,0.13963,0.13993,0.2149,1774054297415
bybit,gate,ESUSDT,0.13963,0.13993,0.2149,1774054297732
bybit,gate,ESUSDT,0.13963,0.13993,0.2149,1774054298048
bybit,gate,ESUSDT,0.13963,0.13993,0.2149,1774054298349
bybit,gate,ESUSDT,0.13963,0.13993,0.2149,1774054298649
bybit,gate,ESUSDT,0.13963,0.13993,0.2149,1774054298949
bybit,gate,ESUSDT,0.13963,0.13993,0.2149,1774054299249
bybit,gate,ESUSDT,0.13963,0.13993,0.2149,1774054299550
bybit,gate,ESUSDT,0.13963,0.13993,0.2149,1774054299850
bybit,gate,ESUSDT,0.13963,0.13993,0.2149,1774054300151
bybit,gate,ESUSDT,0.13963,0.13993,0.2149,1774054300451
bybit,gate,ESUSDT,0.13963,0.13993,0.2149,1774054300751
bybit,gate,ESUSDT,0.13963,0.13993,0.2149,1774054301052
bybit,gate,ESUSDT,0.13963,0.13993,0.2149,1774054301352
bybit,gate,ESUSDT,0.13963,0.13993,0.2149,1774054301652
bybit,gate,ESUSDT,0.13963,0.13993,0.2149,1774054301952
bybit,gate,ESUSDT,0.13963,0.13993,0.2149,1774054302253
bybit,gate,ESUSDT,0.13963,0.13993,0.2149,1774054302553
bybit,gate,ESUSDT,0.13963,0.13993,0.2149,1774054302854
bybit,gate,ESUSDT,0.13963,0.13993,0.2149,1774054303155
bybit,gate,ESUSDT,0.13963,0.13993,0.2149,1774054303455
bybit,gate,ESUSDT,0.13963,0.13993,0.2149,1774054303756
bybit,gate,ESUSDT,0.13963,0.13993,0.2149,1774054304057
bybit,gate,ESUSDT,0.13963,0.13993,0.2149,1774054304357
bybit,gate,ESUSDT,0.13963,0.13993,0.2149,1774054304658
bybit,gate,ESUSDT,0.13963,0.13993,0.2149,1774054304958
bybit,gate,ESUSDT,0.13963,0.13993,0.2149,1774054305259
bybit,gate,ESUSDT,0.13963,0.13993,0.2149,1774054305560
bybit,gate,ESUSDT,0.13963,0.13993,0.2149,1774054305860
bybit,gate,ESUSDT,0.13963,0.13993,0.2149,1774054306160
bybit,gate,ESUSDT,0.13963,0.13993,0.2149,1774054306461
bybit,gate,ESUSDT,0.13963,0.13993,0.2149,1774054306773
bybit,gate,ESUSDT,0.13963,0.13993,0.2149,1774054307087
bybit,gate,ESUSDT,0.13963,0.13993,0.2149,1774054307401
bybit,gate,ESUSDT,0.13963,0.13993,0.2149,1774054307708
bybit,gate,ESUSDT,0.13963,0.13993,0.2149,1774054308033
bybit,gate,ESUSDT,0.13963,0.13993,0.2149,1774054308345
bybit,gate,ESUSDT,0.13963,0.13993,0.2149,1774054308655
bybit,gate,ESUSDT,0.13963,0.13993,0.2149,1774054308969
bybit,gate,ESUSDT,0.13963,0.13993,0.2149,1774054309281
bybit,gate,ESUSDT,0.13963,0.13993,0.2149,1774054309582
bybit,gate,ESUSDT,0.13963,0.13993,0.2149,1774054309882
bybit,gate,ESUSDT,0.13963,0.13993,0.2149,1774054310182
bybit,gate,ESUSDT,0.13963,0.13993,0.2149,1774054310482
bybit,gate,ESUSDT,0.13963,0.13993,0.2149,1774054310782
bybit,gate,ESUSDT,0.13963,0.13993,0.2149,1774054311082
bybit,gate,ESUSDT,0.13963,0.13993,0.2149,1774054311383
bybit,gate,ESUSDT,0.13963,0.13993,0.2149,1774054311683
bybit,gate,ESUSDT,0.13963,0.13993,0.2149,1774054311984
bybit,gate,ESUSDT,0.13963,0.13993,0.2149,1774054312285
bybit,gate,ESUSDT,0.13963,0.13993,0.2149,1774054312585
bybit,gate,ESUSDT,0.13963,0.13993,0.2149,1774054312885
bybit,gate,ESUSDT,0.13963,0.13993,0.2149,1774054313185
bybit,gate,ESUSDT,0.13963,0.13993,0.2149,1774054313485
bybit,gate,ESUSDT,0.13963,0.13993,0.2149,1774054313785
bybit,gate,ESUSDT,0.13963,0.13993,0.2149,1774054314086
bybit,gate,ESUSDT,0.13963,0.13993,0.2149,1774054314386
bybit,gate,ESUSDT,0.13963,0.13993,0.2149,1774054314687
bybit,gate,ESUSDT,0.13963,0.13993,0.2149,1774054314987
bybit,gate,ESUSDT,0.13963,0.13993,0.2149,1774054315287
bybit,gate,ESUSDT,0.13963,0.13993,0.2149,1774054315588
bybit,gate,ESUSDT,0.13963,0.13993,0.2149,1774054315888
bybit,gate,ESUSDT,0.13963,0.13993,0.2149,1774054316189
bybit,gate,ESUSDT,0.13963,0.13993,0.2149,1774054316489
bybit,gate,ESUSDT,0.13963,0.13993,0.2149,1774054316789
bybit,gate,ESUSDT,0.13963,0.13993,0.2149,1774054317089
bybit,gate,ESUSDT,0.13963,0.13993,0.2149,1774054317389
bybit,gate,ESUSDT,0.13963,0.13993,0.2149,1774054317690
bybit,gate,ESUSDT,0.13963,0.13993,0.2149,1774054317990
bybit,gate,ESUSDT,0.13963,0.13993,0.2149,1774054318290
bybit,gate,ESUSDT,0.13963,0.13993,0.2149,1774054318591
bybit,gate,ESUSDT,0.13963,0.13993,0.2149,1774054318892
bybit,gate,ESUSDT,0.13963,0.13993,0.2149,1774054319192
bybit,gate,ESUSDT,0.13963,0.13993,0.2149,1774054319492
bybit,gate,ESUSDT,0.13963,0.13993,0.2149,1774054319792
bybit,gate,ESUSDT,0.13963,0.13993,0.2149,1774054320092
bybit,gate,ESUSDT,0.13963,0.13993,0.2149,1774054320401
bybit,gate,ESUSDT,0.13963,0.13993,0.2149,1774054320714
bybit,gate,ESUSDT,0.13963,0.13993,0.2149,1774054321032
bybit,gate,ESUSDT,0.13963,0.13993,0.2149,1774054321346
bybit,gate,ESUSDT,0.13963,0.13993,0.2149,1774054321659
bybit,gate,ESUSDT,0.13963,0.13993,0.2149,1774054321974
bybit,gate,ESUSDT,0.13963,0.13993,0.2149,1774054322288
bybit,gate,ESUSDT,0.13963,0.13993,0.2149,1774054322592
bybit,gate,ESUSDT,0.13963,0.13993,0.2149,1774054322892
bybit,gate,ESUSDT,0.13963,0.13993,0.2149,1774054323192
bybit,gate,ESUSDT,0.13963,0.13993,0.2149,1774054323492
bybit,gate,ESUSDT,0.13963,0.13993,0.2149,1774054323793
bybit,gate,ESUSDT,0.13963,0.13993,0.2149,1774054324101
bybit,gate,ESUSDT,0.13963,0.13993,0.2149,1774054324405
bybit,gate,ESUSDT,0.13963,0.13993,0.2149,1774054324710
bybit,gate,ESUSDT,0.13963,0.13993,0.2149,1774054325012
bybit,gate,ESUSDT,0.13963,0.13993,0.2149,1774054325313
bybit,gate,ESUSDT,0.13963,0.13993,0.2149,1774054325615
bybit,gate,ESUSDT,0.13963,0.13993,0.2149,1774054325918
bybit,gate,ESUSDT,0.13963,0.13993,0.2149,1774054326221
bybit,gate,ESUSDT,0.13963,0.13993,0.2149,1774054326523
bybit,gate,ESUSDT,0.13963,0.13993,0.2149,1774054326829
bybit,gate,ESUSDT,0.13963,0.13993,0.2149,1774054327135
bybit,gate,ESUSDT,0.13963,0.13993,0.2149,1774054327435
bybit,gate,ESUSDT,0.13963,0.13993,0.2149,1774054327738
bybit,gate,ESUSDT,0.13963,0.13993,0.2149,1774054328038
bybit,gate,ESUSDT,0.13963,0.13993,0.2149,1774054328339
bybit,gate,ESUSDT,0.13963,0.13993,0.2149,1774054328639
bybit,gate,ESUSDT,0.13963,0.13993,0.2149,1774054328939
bybit,gate,ESUSDT,0.13963,0.13993,0.2149,1774054329239
bybit,gate,ESUSDT,0.13963,0.13993,0.2149,1774054329540
bybit,gate,ESUSDT,0.13963,0.13993,0.2149,1774054329840
bybit,gate,ESUSDT,0.13963,0.13993,0.2149,1774054330149
bybit,gate,ESUSDT,0.13963,0.13993,0.2149,1774054330451
bybit,gate,ESUSDT,0.13963,0.13993,0.2149,1774054330751
bybit,gate,ESUSDT,0.13963,0.13993,0.2149,1774054331051
bybit,gate,ESUSDT,0.13963,0.13993,0.2149,1774054331351
bybit,gate,ESUSDT,0.13963,0.13993,0.2149,1774054331651
bybit,gate,ESUSDT,0.13963,0.13993,0.2149,1774054331952
bybit,gate,ESUSDT,0.13963,0.13993,0.2149,1774054332252
bybit,gate,ESUSDT,0.13963,0.13993,0.2149,1774054332553
bybit,gate,ESUSDT,0.13963,0.13993,0.2149,1774054332853
bybit,gate,ESUSDT,0.13963,0.13993,0.2149,1774054333153
bybit,gate,ESUSDT,0.13963,0.13993,0.2149,1774054333453
bybit,gate,ESUSDT,0.13963,0.13993,0.2149,1774054333754
bybit,gate,ESUSDT,0.13963,0.13993,0.2149,1774054334055
bybit,gate,ESUSDT,0.13963,0.13993,0.2149,1774054334355
bybit,gate,ESUSDT,0.13963,0.13993,0.2149,1774054334655
bybit,gate,ESUSDT,0.13963,0.13993,0.2149,1774054334955
bybit,gate,ESUSDT,0.13963,0.13993,0.2149,1774054335256
bybit,gate,ESUSDT,0.13963,0.13993,0.2149,1774054335559
bybit,gate,ESUSDT,0.13963,0.13993,0.2149,1774054335872
bybit,gate,ESUSDT,0.13963,0.13993,0.2149,1774054336181
bybit,gate,ESUSDT,0.13963,0.13993,0.2149,1774054336498
bybit,gate,ESUSDT,0.13963,0.13993,0.2149,1774054336809
bybit,gate,ESUSDT,0.13963,0.13993,0.2149,1774054337118
bybit,gate,ESUSDT,0.13963,0.13993,0.2149,1774054337432
bybit,gate,ESUSDT,0.13963,0.13993,0.2149,1774054337747
bybit,gate,ESUSDT,0.13963,0.13993,0.2149,1774054338057
bybit,gate,ESUSDT,0.13963,0.13993,0.2149,1774054338371
bybit,gate,ESUSDT,0.13963,0.13993,0.2149,1774054338682
bybit,gate,ESUSDT,0.13963,0.13993,0.2149,1774054338997
bybit,gate,ESUSDT,0.13963,0.13993,0.2149,1774054339319
bybit,gate,ESUSDT,0.13963,0.13993,0.2149,1774054339626
bybit,gate,ESUSDT,0.13963,0.13993,0.2149,1774054339936
bybit,gate,ESUSDT,0.13963,0.13993,0.2149,1774054340252
bybit,gate,ESUSDT,0.13963,0.13993,0.2149,1774054340576
bybit,gate,ESUSDT,0.13963,0.13993,0.2149,1774054340880
bybit,gate,ESUSDT,0.13963,0.13993,0.2149,1774054341185
bybit,gate,ESUSDT,0.13963,0.13993,0.2149,1774054341491
bybit,gate,ESUSDT,0.13963,0.13993,0.2149,1774054341795
bybit,gate,ESUSDT,0.13963,0.13993,0.2149,1774054342096
bybit,gate,ESUSDT,0.13963,0.13993,0.2149,1774054342398
bybit,gate,ESUSDT,0.13963,0.13993,0.2149,1774054342700
bybit,gate,ESUSDT,0.13963,0.13993,0.2149,1774054343003
bybit,gate,ESUSDT,0.13963,0.13993,0.2149,1774054343306
bybit,gate,ESUSDT,0.13963,0.13993,0.2149,1774054343607
bybit,gate,ESUSDT,0.13963,0.13993,0.2149,1774054343908
bybit,gate,ESUSDT,0.13963,0.13993,0.2149,1774054344210
bybit,gate,ESUSDT,0.13963,0.13993,0.2149,1774054344510
bybit,gate,ESUSDT,0.13963,0.13993,0.2149,1774054344812
bybit,gate,ESUSDT,0.13963,0.13993,0.2149,1774054345116
bybit,gate,ESUSDT,0.13963,0.13993,0.2149,1774054345416
bybit,gate,ESUSDT,0.13963,0.13993,0.2149,1774054345718
bybit,gate,ESUSDT,0.13963,0.13993,0.2149,1774054346028
bybit,gate,ESUSDT,0.13963,0.13993,0.2149,1774054346333
bybit,gate,ESUSDT,0.13963,0.13993,0.2149,1774054346634
bybit,gate,ESUSDT,0.13963,0.13993,0.2149,1774054346935
bybit,gate,ESUSDT,0.13963,0.13993,0.2149,1774054347236
bybit,gate,ESUSDT,0.13963,0.13993,0.2149,1774054347537
bybit,gate,ESUSDT,0.13963,0.13993,0.2149,1774054347838
bybit,gate,ESUSDT,0.13963,0.13993,0.2149,1774054348142
bybit,gate,ESUSDT,0.13963,0.13993,0.2149,1774054348450
bybit,gate,ESUSDT,0.13963,0.13993,0.2149,1774054348750
bybit,gate,ESUSDT,0.13963,0.13993,0.2149,1774054349062
bybit,gate,ESUSDT,0.13963,0.13993,0.2149,1774054349369
bybit,gate,ESUSDT,0.13963,0.13993,0.2149,1774054349677
bybit,gate,ESUSDT,0.13963,0.13993,0.2149,1774054349987
bybit,gate,ESUSDT,0.13963,0.13993,0.2149,1774054350295
bybit,gate,ESUSDT,0.13963,0.13993,0.2149,1774054350600
bybit,gate,ESUSDT,0.13963,0.13993,0.2149,1774054350907
bybit,gate,ESUSDT,0.13963,0.13993,0.2149,1774054351209
bybit,gate,ESUSDT,0.13963,0.13993,0.2149,1774054351511
bybit,gate,ESUSDT,0.13963,0.13993,0.2149,1774054351814
bybit,gate,ESUSDT,0.13963,0.13993,0.2149,1774054352115
bybit,gate,ESUSDT,0.13963,0.13993,0.2149,1774054352421
bybit,gate,ESUSDT,0.13963,0.13993,0.2149,1774054352724
bybit,gate,ESUSDT,0.13963,0.13993,0.2149,1774054353029
bybit,gate,ESUSDT,0.13963,0.13993,0.2149,1774054353333
bybit,gate,ESUSDT,0.13963,0.13993,0.2149,1774054353633
bybit,gate,ESUSDT,0.13963,0.13993,0.2149,1774054353933
bybit,gate,ESUSDT,0.13963,0.13993,0.2149,1774054354236
bybit,gate,ESUSDT,0.13963,0.13993,0.2149,1774054354536
bybit,gate,ESUSDT,0.13963,0.13993,0.2149,1774054354836
bybit,gate,ESUSDT,0.13963,0.13993,0.2149,1774054355136
bybit,gate,ESUSDT,0.13963,0.13993,0.2149,1774054355436
bybit,gate,ESUSDT,0.13963,0.13993,0.2149,1774054355737
bybit,gate,ESUSDT,0.13963,0.13993,0.2149,1774054356053
bybit,gate,ESUSDT,0.13963,0.13993,0.2149,1774054356354
bybit,gate,ESUSDT,0.13963,0.13993,0.2149,1774054356654
bybit,gate,ESUSDT,0.13963,0.13993,0.2149,1774054356955
bybit,gate,ESUSDT,0.13963,0.13993,0.2149,1774054357255
bybit,gate,ESUSDT,0.13963,0.13993,0.2149,1774054357555
bybit,gate,ESUSDT,0.13963,0.13993,0.2149,1774054357855
bybit,gate,ESUSDT,0.13963,0.13993,0.2149,1774054358156
bybit,gate,ESUSDT,0.13963,0.13993,0.2149,1774054358456
bybit,gate,ESUSDT,0.13963,0.13993,0.2149,1774054358757
bybit,gate,ESUSDT,0.13963,0.13993,0.2149,1774054359057
bybit,gate,ESUSDT,0.13963,0.13993,0.2149,1774054359359
bybit,gate,ESUSDT,0.13963,0.13993,0.2149,1774054359659
bybit,gate,ESUSDT,0.13963,0.13993,0.2149,1774054359959
bybit,gate,ESUSDT,0.13963,0.13993,0.2149,1774054360272
bybit,gate,ESUSDT,0.13963,0.13993,0.2149,1774054360572
bybit,gate,ESUSDT,0.13963,0.13993,0.2149,1774054360873
bybit,gate,ESUSDT,0.13963,0.13993,0.2149,1774054361173
bybit,gate,ESUSDT,0.13963,0.13993,0.2149,1774054361479
bybit,gate,ESUSDT,0.13963,0.13993,0.2149,1774054361789
bybit,gate,ESUSDT,0.13963,0.13993,0.2149,1774054362095
bybit,gate,ESUSDT,0.13963,0.13993,0.2149,1774054362396
bybit,gate,ESUSDT,0.13963,0.13993,0.2149,1774054362698
bybit,gate,ESUSDT,0.13963,0.13993,0.2149,1774054363000
bybit,gate,ESUSDT,0.13963,0.13993,0.2149,1774054363304
bybit,gate,ESUSDT,0.13963,0.13993,0.2149,1774054363611
bybit,gate,ESUSDT,0.13963,0.13993,0.2149,1774054363913
bybit,gate,ESUSDT,0.13963,0.13993,0.2149,1774054364214
bybit,gate,ESUSDT,0.13963,0.13993,0.2149,1774054364520
bybit,gate,ESUSDT,0.13963,0.13993,0.2149,1774054364830
bybit,gate,ESUSDT,0.13963,0.13993,0.2149,1774054365147
bybit,gate,ESUSDT,0.13963,0.13993,0.2149,1774054365447
bybit,gate,ESUSDT,0.13963,0.13993,0.2149,1774054365747
bybit,gate,ESUSDT,0.13963,0.13993,0.2149,1774054366047
bybit,gate,ESUSDT,0.13963,0.13993,0.2149,1774054366347
bybit,gate,ESUSDT,0.13963,0.13993,0.2149,1774054366648
bybit,gate,ESUSDT,0.13963,0.13993,0.2149,1774054366948
bybit,gate,ESUSDT,0.13963,0.13993,0.2149,1774054367248
bybit,gate,ESUSDT,0.13963,0.13993,0.2149,1774054367548
bybit,gate,ESUSDT,0.13963,0.13993,0.2149,1774054367848
bybit,gate,ESUSDT,0.13963,0.13993,0.2149,1774054368148
bybit,gate,ESUSDT,0.13963,0.13993,0.2149,1774054368448
bybit,gate,ESUSDT,0.13963,0.13993,0.2149,1774054368749
bybit,gate,ESUSDT,0.13963,0.13993,0.2149,1774054369049
bybit,gate,ESUSDT,0.13963,0.13993,0.2149,1774054369349
bybit,gate,ESUSDT,0.13963,0.13993,0.2149,1774054369649
bybit,gate,ESUSDT,0.13963,0.13993,0.2149,1774054369949
bybit,gate,ESUSDT,0.13963,0.13993,0.2149,1774054370249
bybit,gate,ESUSDT,0.13963,0.13993,0.2149,1774054370556
bybit,gate,ESUSDT,0.13963,0.13993,0.2149,1774054370856
bybit,gate,ESUSDT,0.13963,0.13993,0.2149,1774054371156
bybit,gate,ESUSDT,0.13963,0.13993,0.2149,1774054371456
bybit,gate,ESUSDT,0.13963,0.13993,0.2149,1774054371756
bybit,gate,ESUSDT,0.13963,0.13993,0.2149,1774054372064
bybit,gate,ESUSDT,0.13963,0.13993,0.2149,1774054372366
bybit,gate,ESUSDT,0.13963,0.13993,0.2149,1774054372666
bybit,gate,ESUSDT,0.13963,0.13993,0.2149,1774054372967
bybit,gate,ESUSDT,0.13963,0.13993,0.2149,1774054373273
bybit,gate,ESUSDT,0.13963,0.13993,0.2149,1774054373573
bybit,gate,ESUSDT,0.13963,0.13993,0.2149,1774054373873
bybit,gate,ESUSDT,0.13963,0.13993,0.2149,1774054374173
bybit,gate,ESUSDT,0.13963,0.13993,0.2149,1774054374473
bybit,gate,ESUSDT,0.13963,0.13993,0.2149,1774054374775
bybit,gate,ESUSDT,0.13963,0.13993,0.2149,1774054375075
bybit,gate,ESUSDT,0.13963,0.13993,0.2149,1774054375375
bybit,gate,ESUSDT,0.13963,0.13993,0.2149,1774054375676
bybit,gate,ESUSDT,0.13963,0.13993,0.2149,1774054375976
bybit,gate,ESUSDT,0.13963,0.13993,0.2149,1774054376276
bybit,gate,ESUSDT,0.13963,0.13993,0.2149,1774054376576
bybit,gate,ESUSDT,0.13963,0.13993,0.2149,1774054376877
bybit,gate,ESUSDT,0.13963,0.13993,0.2149,1774054377177
bybit,gate,ESUSDT,0.13963,0.13993,0.2149,1774054377477
bybit,gate,ESUSDT,0.13963,0.13993,0.2149,1774054377780
bybit,gate,ESUSDT,0.13963,0.13993,0.2149,1774054378080
bybit,gate,ESUSDT,0.13963,0.13993,0.2149,1774054378380
bybit,gate,ESUSDT,0.13963,0.13993,0.2149,1774054378681
bybit,gate,ESUSDT,0.13963,0.13993,0.2149,1774054378981
bybit,gate,ESUSDT,0.13963,0.13993,0.2149,1774054379283
bybit,gate,ESUSDT,0.13963,0.13993,0.2149,1774054379586
bybit,gate,ESUSDT,0.13963,0.13993,0.2149,1774054379886
bybit,gate,ESUSDT,0.13963,0.13993,0.2149,1774054380192
bybit,gate,ESUSDT,0.13963,0.13993,0.2149,1774054380501
bybit,gate,ESUSDT,0.13963,0.13993,0.2149,1774054380814
bybit,gate,ESUSDT,0.13963,0.13993,0.2149,1774054381126
bybit,gate,ESUSDT,0.13963,0.13993,0.2149,1774054381432
bybit,gate,ESUSDT,0.13963,0.13993,0.2149,1774054381744
bybit,gate,ESUSDT,0.13963,0.13993,0.2149,1774054382052
bybit,gate,ESUSDT,0.13963,0.13993,0.2149,1774054382353
bybit,gate,ESUSDT,0.13963,0.13993,0.2149,1774054382653
bybit,gate,ESUSDT,0.13963,0.13993,0.2149,1774054382953
bybit,gate,ESUSDT,0.13963,0.13993,0.2149,1774054383254
bybit,gate,ESUSDT,0.13963,0.13993,0.2149,1774054383554
bybit,gate,ESUSDT,0.13963,0.13993,0.2149,1774054383855
bybit,gate,ESUSDT,0.13963,0.13993,0.2149,1774054384155
bybit,gate,ESUSDT,0.13963,0.13993,0.2149,1774054384455
bybit,gate,ESUSDT,0.13963,0.13993,0.2149,1774054384756
bybit,gate,ESUSDT,0.13963,0.13993,0.2149,1774054385057
bybit,gate,ESUSDT,0.13963,0.13993,0.2149,1774054385357
bybit,gate,ESUSDT,0.13963,0.13993,0.2149,1774054385657
bybit,gate,ESUSDT,0.13963,0.13993,0.2149,1774054385957
bybit,gate,ESUSDT,0.13963,0.13993,0.2149,1774054386259
bybit,gate,ESUSDT,0.13963,0.13993,0.2149,1774054386561
bybit,gate,ESUSDT,0.13963,0.13993,0.2149,1774054386862
bybit,gate,ESUSDT,0.13963,0.13993,0.2149,1774054387162
bybit,gate,ESUSDT,0.13963,0.13993,0.2149,1774054387464
bybit,gate,ESUSDT,0.13963,0.13993,0.2149,1774054387764
bybit,gate,ESUSDT,0.13963,0.13993,0.2149,1774054388064
bybit,gate,ESUSDT,0.13963,0.13993,0.2149,1774054388365
bybit,gate,ESUSDT,0.13963,0.13993,0.2149,1774054388665
bybit,gate,ESUSDT,0.13963,0.13993,0.2149,1774054388965
bybit,gate,ESUSDT,0.13963,0.13993,0.2149,1774054389265
bybit,gate,ESUSDT,0.13963,0.13993,0.2149,1774054389565
bybit,gate,ESUSDT,0.13963,0.13993,0.2149,1774054389865
bybit,gate,ESUSDT,0.13963,0.13993,0.2149,1774054390167
bybit,gate,ESUSDT,0.13963,0.13993,0.2149,1774054390467
bybit,gate,ESUSDT,0.13963,0.13993,0.2149,1774054390768
bybit,gate,ESUSDT,0.13963,0.13993,0.2149,1774054391068
bybit,gate,ESUSDT,0.13963,0.13993,0.2149,1774054391369
bybit,gate,ESUSDT,0.13963,0.13993,0.2149,1774054391669
bybit,gate,ESUSDT,0.13963,0.13993,0.2149,1774054391969
bybit,gate,ESUSDT,0.13963,0.13993,0.2149,1774054392270
bybit,gate,ESUSDT,0.13963,0.13993,0.2149,1774054392570
bybit,gate,ESUSDT,0.13963,0.13993,0.2149,1774054392870
bybit,gate,ESUSDT,0.13963,0.13993,0.2149,1774054393171
bybit,gate,ESUSDT,0.13963,0.13993,0.2149,1774054393471
bybit,gate,ESUSDT,0.13963,0.13993,0.2149,1774054393771
bybit,gate,ESUSDT,0.13963,0.13993,0.2149,1774054394071
bybit,gate,ESUSDT,0.13963,0.13993,0.2149,1774054394371
bybit,gate,ESUSDT,0.13963,0.13993,0.2149,1774054394671
bybit,gate,ESUSDT,0.13963,0.13993,0.2149,1774054394971
bybit,gate,ESUSDT,0.13963,0.13993,0.2149,1774054395272
bybit,gate,ESUSDT,0.13963,0.13993,0.2149,1774054395572
bybit,gate,ESUSDT,0.13963,0.13993,0.2149,1774054395872
bybit,gate,ESUSDT,0.13963,0.13993,0.2149,1774054396173
bybit,gate,ESUSDT,0.13963,0.13993,0.2149,1774054396473
bybit,gate,ESUSDT,0.13963,0.13993,0.2149,1774054396773
bybit,gate,ESUSDT,0.13963,0.13993,0.2149,1774054397073
bybit,gate,ESUSDT,0.13963,0.13993,0.2149,1774054397373
bybit,gate,ESUSDT,0.13963,0.13993,0.2149,1774054397674
bybit,gate,ESUSDT,0.13963,0.13993,0.2149,1774054397974
bybit,gate,ESUSDT,0.13963,0.13993,0.2149,1774054398274
bybit,gate,ESUSDT,0.13963,0.13993,0.2149,1774054398575
bybit,gate,ESUSDT,0.13963,0.13993,0.2149,1774054398875
bybit,gate,ESUSDT,0.13963,0.13993,0.2149,1774054399175
bybit,gate,ESUSDT,0.13963,0.13993,0.2149,1774054399475
bybit,gate,ESUSDT,0.13963,0.13993,0.2149,1774054399775
bybit,gate,ESUSDT,0.13963,0.13993,0.2149,1774054400076
bybit,gate,ESUSDT,0.13963,0.13993,0.2149,1774054400376
bybit,gate,ESUSDT,0.13963,0.13993,0.2149,1774054400676
bybit,gate,ESUSDT,0.13963,0.13993,0.2149,1774054400976
bybit,gate,ESUSDT,0.13963,0.13993,0.2149,1774054401279
bybit,gate,ESUSDT,0.13963,0.13993,0.2149,1774054401581
bybit,gate,ESUSDT,0.13963,0.13993,0.2149,1774054401882
bybit,gate,ESUSDT,0.13963,0.13993,0.2149,1774054402182
bybit,gate,ESUSDT,0.13963,0.13993,0.2149,1774054402482
bybit,gate,ESUSDT,0.13963,0.13993,0.2149,1774054402782
bybit,gate,ESUSDT,0.13963,0.13993,0.2149,1774054403082
bybit,gate,ESUSDT,0.13963,0.13993,0.2149,1774054403382
bybit,gate,ESUSDT,0.13963,0.13993,0.2149,1774054403682
bybit,gate,ESUSDT,0.13963,0.13993,0.2149,1774054403982
bybit,gate,ESUSDT,0.13963,0.13993,0.2149,1774054404282
bybit,gate,ESUSDT,0.13963,0.13993,0.2149,1774054404582
bybit,gate,ESUSDT,0.13963,0.13993,0.2149,1774054404883
bybit,gate,ESUSDT,0.13963,0.13993,0.2149,1774054405184
bybit,gate,ESUSDT,0.13963,0.13993,0.2149,1774054405484
bybit,gate,ESUSDT,0.13963,0.13993,0.2149,1774054405784
bybit,gate,ESUSDT,0.13963,0.13993,0.2149,1774054406084
bybit,gate,ESUSDT,0.13963,0.13993,0.2149,1774054406384
bybit,gate,ESUSDT,0.13963,0.13993,0.2149,1774054406684
bybit,gate,ESUSDT,0.13963,0.13993,0.2149,1774054406984
bybit,gate,ESUSDT,0.13963,0.13993,0.2149,1774054407285
bybit,gate,ESUSDT,0.13963,0.13993,0.2149,1774054407585
bybit,gate,ESUSDT,0.13963,0.13993,0.2149,1774054407885
bybit,gate,ESUSDT,0.13963,0.13993,0.2149,1774054408186
bybit,gate,ESUSDT,0.13963,0.13993,0.2149,1774054408497
bybit,gate,ESUSDT,0.13963,0.13993,0.2149,1774054408809
bybit,gate,ESUSDT,0.13963,0.13993,0.2149,1774054409109
bybit,gate,ESUSDT,0.13963,0.13993,0.2149,1774054409409
bybit,gate,ESUSDT,0.13963,0.13993,0.2149,1774054409713
bybit,gate,ESUSDT,0.13963,0.13993,0.2149,1774054410019
bybit,gate,ESUSDT,0.13963,0.13993,0.2149,1774054410327
bybit,gate,ESUSDT,0.13963,0.13993,0.2149,1774054410635
bybit,gate,ESUSDT,0.13963,0.13993,0.2149,1774054410935
bybit,gate,ESUSDT,0.13963,0.13993,0.2149,1774054411237
bybit,gate,ESUSDT,0.13963,0.13993,0.2149,1774054411538
bybit,gate,ESUSDT,0.13963,0.13993,0.2149,1774054411839
bybit,gate,ESUSDT,0.13963,0.13993,0.2149,1774054412139
bybit,gate,ESUSDT,0.13963,0.13993,0.2149,1774054412439
bybit,gate,ESUSDT,0.13963,0.13993,0.2149,1774054412739
bybit,gate,ESUSDT,0.13963,0.13993,0.2149,1774054413052
bybit,gate,ESUSDT,0.13963,0.13993,0.2149,1774054413363
bybit,gate,ESUSDT,0.13963,0.13993,0.2149,1774054413669
bybit,gate,ESUSDT,0.13963,0.13993,0.2149,1774054413969
bybit,gate,ESUSDT,0.13963,0.13993,0.2149,1774054414269
bybit,gate,ESUSDT,0.13963,0.13993,0.2149,1774054414570
bybit,gate,ESUSDT,0.13963,0.13993,0.2149,1774054414870
bybit,gate,ESUSDT,0.13963,0.13993,0.2149,1774054415170
bybit,gate,ESUSDT,0.13963,0.13993,0.2149,1774054415470
bybit,gate,ESUSDT,0.13963,0.13993,0.2149,1774054415772
bybit,gate,ESUSDT,0.13963,0.13993,0.2149,1774054416072
bybit,gate,ESUSDT,0.13963,0.13993,0.2149,1774054416372
bybit,gate,ESUSDT,0.13963,0.13993,0.2149,1774054416672
bybit,gate,ESUSDT,0.13963,0.13993,0.2149,1774054416972
bybit,gate,ESUSDT,0.13963,0.13993,0.2149,1774054417272
bybit,gate,ESUSDT,0.13963,0.13993,0.2149,1774054417573
bybit,gate,ESUSDT,0.13963,0.13993,0.2149,1774054417873
bybit,gate,ESUSDT,0.13963,0.13993,0.2149,1774054418173
bybit,gate,ESUSDT,0.13963,0.13993,0.2149,1774054418473
bybit,gate,ESUSDT,0.13963,0.13993,0.2149,1774054418774
bybit,gate,ESUSDT,0.13963,0.13993,0.2149,1774054419075
bybit,gate,ESUSDT,0.13963,0.13993,0.2149,1774054419375
bybit,gate,ESUSDT,0.13963,0.13993,0.2149,1774054419675
bybit,gate,ESUSDT,0.13963,0.13993,0.2149,1774054419975
bybit,gate,ESUSDT,0.13963,0.13993,0.2149,1774054420278
bybit,gate,ESUSDT,0.13963,0.13993,0.2149,1774054420578
bybit,gate,ESUSDT,0.13963,0.13993,0.2149,1774054420879
bybit,gate,ESUSDT,0.13963,0.13993,0.2149,1774054421179
bybit,gate,ESUSDT,0.13963,0.13993,0.2149,1774054421479
bybit,gate,ESUSDT,0.13963,0.13993,0.2149,1774054421779
bybit,gate,ESUSDT,0.13963,0.13993,0.2149,1774054422080
bybit,gate,ESUSDT,0.13963,0.13993,0.2149,1774054422380
bybit,gate,ESUSDT,0.13963,0.13993,0.2149,1774054422680
bybit,gate,ESUSDT,0.13963,0.13993,0.2149,1774054422980
bybit,gate,ESUSDT,0.13963,0.13993,0.2149,1774054423280
bybit,gate,ESUSDT,0.13963,0.13993,0.2149,1774054423581
bybit,gate,ESUSDT,0.13963,0.13993,0.2149,1774054423881
bybit,gate,ESUSDT,0.13963,0.13993,0.2149,1774054424181
bybit,gate,ESUSDT,0.13963,0.13993,0.2149,1774054424481
bybit,gate,ESUSDT,0.13963,0.13993,0.2149,1774054424781
bybit,gate,ESUSDT,0.13963,0.13993,0.2149,1774054425081
bybit,gate,ESUSDT,0.13963,0.13993,0.2149,1774054425381
bybit,gate,ESUSDT,0.13963,0.13993,0.2149,1774054425681
bybit,gate,ESUSDT,0.13963,0.13993,0.2149,1774054425982
bybit,gate,ESUSDT,0.13963,0.13993,0.2149,1774054426283
bybit,gate,ESUSDT,0.13963,0.13993,0.2149,1774054426583
bybit,gate,ESUSDT,0.13963,0.13993,0.2149,1774054426883
bybit,gate,ESUSDT,0.13963,0.13993,0.2149,1774054427183
bybit,gate,ESUSDT,0.13963,0.13993,0.2149,1774054427483
bybit,gate,ESUSDT,0.13963,0.13993,0.2149,1774054427783
bybit,gate,ESUSDT,0.13963,0.13993,0.2149,1774054428083
bybit,gate,ESUSDT,0.13963,0.13993,0.2149,1774054428384
bybit,gate,ESUSDT,0.13963,0.13993,0.2149,1774054428684
bybit,gate,ESUSDT,0.13963,0.13993,0.2149,1774054428984
bybit,gate,ESUSDT,0.13963,0.13993,0.2149,1774054429285
bybit,gate,ESUSDT,0.13963,0.13993,0.2149,1774054429586
bybit,gate,ESUSDT,0.13963,0.13993,0.2149,1774054429893
bybit,gate,ESUSDT,0.13963,0.13993,0.2149,1774054430210
bybit,gate,ESUSDT,0.13963,0.13993,0.2149,1774054430523
bybit,gate,ESUSDT,0.13963,0.13993,0.2149,1774054430834
bybit,gate,ESUSDT,0.13963,0.13993,0.2149,1774054431144
bybit,gate,ESUSDT,0.13963,0.13993,0.2149,1774054431458
bybit,gate,ESUSDT,0.13963,0.13993,0.2149,1774054431767
bybit,gate,ESUSDT,0.13963,0.13993,0.2149,1774054432087
bybit,gate,ESUSDT,0.13963,0.13993,0.2149,1774054432404
bybit,gate,ESUSDT,0.13963,0.13993,0.2149,1774054432716
bybit,gate,ESUSDT,0.13963,0.13993,0.2149,1774054433026
bybit,gate,ESUSDT,0.13963,0.13993,0.2149,1774054433343
bybit,gate,ESUSDT,0.13963,0.13993,0.2149,1774054433657
bybit,gate,ESUSDT,0.13963,0.13993,0.2149,1774054433965
bybit,gate,ESUSDT,0.13963,0.13993,0.2149,1774054434270
bybit,gate,ESUSDT,0.13963,0.13993,0.2149,1774054434576
bybit,gate,ESUSDT,0.13963,0.13993,0.2149,1774054434881
bybit,gate,ESUSDT,0.13963,0.13993,0.2149,1774054435187
bybit,gate,ESUSDT,0.13963,0.13993,0.2149,1774054435488
bybit,gate,ESUSDT,0.13963,0.13993,0.2149,1774054435788
bybit,gate,ESUSDT,0.13963,0.13993,0.2149,1774054436088
bybit,gate,ESUSDT,0.13963,0.13993,0.2149,1774054436388
bybit,gate,ESUSDT,0.13963,0.13993,0.2149,1774054436689
bybit,gate,ESUSDT,0.13963,0.13993,0.2149,1774054436989
bybit,gate,ESUSDT,0.13963,0.13993,0.2149,1774054437289
bybit,gate,ESUSDT,0.13963,0.13993,0.2149,1774054437589
bybit,gate,ESUSDT,0.13963,0.13993,0.2149,1774054437889
bybit,gate,ESUSDT,0.13963,0.13993,0.2149,1774054438190
bybit,gate,ESUSDT,0.13963,0.13993,0.2149,1774054438491
bybit,gate,ESUSDT,0.13963,0.13993,0.2149,1774054438791
bybit,gate,ESUSDT,0.13963,0.13993,0.2149,1774054439091
bybit,gate,ESUSDT,0.13963,0.13993,0.2149,1774054439392
bybit,gate,ESUSDT,0.13963,0.13993,0.2149,1774054439692
bybit,gate,ESUSDT,0.13963,0.13993,0.2149,1774054439993
bybit,gate,ESUSDT,0.13963,0.13993,0.2149,1774054440303
bybit,gate,ESUSDT,0.13963,0.13993,0.2149,1774054440613
bybit,gate,ESUSDT,0.13963,0.13993,0.2149,1774054440922
bybit,gate,ESUSDT,0.13963,0.13993,0.2149,1774054441232
bybit,gate,ESUSDT,0.13963,0.13993,0.2149,1774054441548
bybit,gate,ESUSDT,0.13963,0.13993,0.2149,1774054441854
bybit,gate,ESUSDT,0.13963,0.13993,0.2149,1774054442154
bybit,gate,ESUSDT,0.13963,0.13993,0.2149,1774054442454
bybit,gate,ESUSDT,0.13963,0.13993,0.2149,1774054442754
bybit,gate,ESUSDT,0.13963,0.13993,0.2149,1774054443055
bybit,gate,ESUSDT,0.13963,0.13993,0.2149,1774054443363
bybit,gate,ESUSDT,0.13963,0.13993,0.2149,1774054443673
bybit,gate,ESUSDT,0.13963,0.13993,0.2149,1774054443973
bybit,gate,ESUSDT,0.13963,0.13993,0.2149,1774054444279
bybit,gate,ESUSDT,0.13963,0.13993,0.2149,1774054444589
bybit,gate,ESUSDT,0.13963,0.13993,0.2149,1774054444902
bybit,gate,ESUSDT,0.13963,0.13993,0.2149,1774054445210
bybit,gate,ESUSDT,0.13963,0.13993,0.2149,1774054445519
bybit,gate,ESUSDT,0.13963,0.13993,0.2149,1774054445826
bybit,gate,ESUSDT,0.13963,0.13993,0.2149,1774054446136
bybit,gate,ESUSDT,0.13963,0.13993,0.2149,1774054446437
bybit,gate,ESUSDT,0.13963,0.13993,0.2149,1774054446737
bybit,gate,ESUSDT,0.13963,0.13993,0.2149,1774054447042
bybit,gate,ESUSDT,0.13963,0.13993,0.2149,1774054447342
bybit,gate,ESUSDT,0.13963,0.13993,0.2149,1774054447642
bybit,gate,ESUSDT,0.13963,0.13993,0.2149,1774054447942
bybit,gate,ESUSDT,0.13963,0.13993,0.2149,1774054448243
bybit,gate,ESUSDT,0.13963,0.13993,0.2149,1774054448543
bybit,gate,ESUSDT,0.13963,0.13993,0.2149,1774054448843
bybit,gate,ESUSDT,0.13963,0.13993,0.2149,1774054449143
bybit,gate,ESUSDT,0.13963,0.13993,0.2149,1774054449444
bybit,gate,ESUSDT,0.13963,0.13993,0.2149,1774054449744
bybit,gate,ESUSDT,0.13963,0.13993,0.2149,1774054450045
bybit,gate,ESUSDT,0.13963,0.13993,0.2149,1774054450345
bybit,gate,ESUSDT,0.13963,0.13993,0.2149,1774054450645
bybit,gate,ESUSDT,0.13963,0.13993,0.2149,1774054450946
bybit,gate,ESUSDT,0.13963,0.13993,0.2149,1774054451246
bybit,gate,ESUSDT,0.13963,0.13993,0.2149,1774054451546
bybit,gate,ESUSDT,0.13963,0.13993,0.2149,1774054451857
bybit,gate,ESUSDT,0.13963,0.13993,0.2149,1774054452157
bybit,gate,ESUSDT,0.13963,0.13993,0.2149,1774054452457
bybit,gate,ESUSDT,0.13963,0.13993,0.2149,1774054452757
bybit,gate,ESUSDT,0.13963,0.13993,0.2149,1774054453059
bybit,gate,ESUSDT,0.13963,0.13993,0.2149,1774054453359
bybit,gate,ESUSDT,0.13963,0.13993,0.2149,1774054453659
bybit,gate,ESUSDT,0.13963,0.13993,0.2149,1774054453959
bybit,gate,ESUSDT,0.13963,0.13993,0.2149,1774054454259
bybit,gate,ESUSDT,0.13963,0.13993,0.2149,1774054454559
bybit,gate,ESUSDT,0.13963,0.13993,0.2149,1774054454859
bybit,gate,ESUSDT,0.13963,0.13993,0.2149,1774054455159
bybit,gate,ESUSDT,0.13963,0.13993,0.2149,1774054455459
bybit,gate,ESUSDT,0.13963,0.13993,0.2149,1774054455763
bybit,gate,ESUSDT,0.13963,0.13993,0.2149,1774054456063
bybit,gate,ESUSDT,0.13963,0.13993,0.2149,1774054456363
bybit,gate,ESUSDT,0.13963,0.13993,0.2149,1774054456663
bybit,gate,ESUSDT,0.13963,0.13993,0.2149,1774054456963
bybit,gate,ESUSDT,0.13963,0.13993,0.2149,1774054457264
bybit,gate,ESUSDT,0.13963,0.13993,0.2149,1774054457564
bybit,gate,ESUSDT,0.13963,0.13993,0.2149,1774054457864
bybit,gate,ESUSDT,0.13963,0.13993,0.2149,1774054458164
bybit,gate,ESUSDT,0.13963,0.13993,0.2149,1774054458464
bybit,gate,ESUSDT,0.13963,0.13993,0.2149,1774054458766
bybit,gate,ESUSDT,0.13963,0.13993,0.2149,1774054459066
bybit,gate,ESUSDT,0.13963,0.13993,0.2149,1774054459366
bybit,gate,ESUSDT,0.13963,0.13993,0.2149,1774054459666
bybit,gate,ESUSDT,0.13963,0.13993,0.2149,1774054459966
bybit,gate,ESUSDT,0.13963,0.13993,0.2149,1774054460266
bybit,gate,ESUSDT,0.13963,0.13993,0.2149,1774054460567
bybit,gate,ESUSDT,0.13963,0.13993,0.2149,1774054460867
bybit,gate,ESUSDT,0.13963,0.13993,0.2149,1774054461167
bybit,gate,ESUSDT,0.13963,0.13993,0.2149,1774054461472
bybit,gate,ESUSDT,0.13963,0.13993,0.2149,1774054461772
bybit,gate,ESUSDT,0.13963,0.13993,0.2149,1774054462072
bybit,gate,ESUSDT,0.13963,0.13993,0.2149,1774054462373
bybit,gate,ESUSDT,0.13963,0.13993,0.2149,1774054462685
bybit,gate,ESUSDT,0.13963,0.13993,0.2149,1774054462986
bybit,gate,ESUSDT,0.13963,0.13993,0.2149,1774054463286
bybit,gate,ESUSDT,0.13963,0.13993,0.2149,1774054463586
bybit,gate,ESUSDT,0.13963,0.13993,0.2149,1774054463888
bybit,gate,ESUSDT,0.13963,0.13993,0.2149,1774054464188
bybit,gate,ESUSDT,0.13963,0.13993,0.2149,1774054464489
bybit,gate,ESUSDT,0.13963,0.13993,0.2149,1774054464789
bybit,gate,ESUSDT,0.13963,0.13993,0.2149,1774054465089
bybit,gate,ESUSDT,0.13963,0.13993,0.2149,1774054465389
bybit,gate,ESUSDT,0.13963,0.13993,0.2149,1774054465689
bybit,gate,ESUSDT,0.13963,0.13993,0.2149,1774054465990
bybit,gate,ESUSDT,0.13963,0.13993,0.2149,1774054466290
bybit,gate,ESUSDT,0.13963,0.13993,0.2149,1774054466591
bybit,gate,ESUSDT,0.13963,0.13993,0.2149,1774054466891
bybit,gate,ESUSDT,0.13963,0.13993,0.2149,1774054467191
bybit,gate,ESUSDT,0.13963,0.13993,0.2149,1774054467491
bybit,gate,ESUSDT,0.13963,0.13993,0.2149,1774054467791
