spot_exch,fut_exch,symbol,ask_spot,bid_futures,spread_pct,ts
gate,bybit,VANRYUSDT,0.005759,0.00617,7.1367,1774050005000
gate,bybit,VANRYUSDT,0.00576,0.00617,7.1181,1774050008000
gate,bybit,VANRYUSDT,0.00576,0.00617,7.1181,1774050014000
gate,bybit,VANRYUSDT,0.00576,0.00617,7.1181,1774050024000
gate,bybit,VANRYUSDT,0.00576,0.00617,7.1181,1774050025000
gate,bybit,VANRYUSDT,0.005764,0.006173,7.0958,1774050026000
gate,bybit,VANRYUSDT,0.005766,0.006173,7.0586,1774050029000
gate,bybit,VANRYUSDT,0.005766,0.006173,7.0586,1774050032000
gate,bybit,VANRYUSDT,0.005767,0.006183,7.2135,1774050034000
gate,bybit,VANRYUSDT,0.005786,0.006192,7.0169,1774050035000
gate,bybit,VANRYUSDT,0.00579,0.006193,6.9603,1774050038000
gate,bybit,VANRYUSDT,0.005789,0.006193,6.9788,1774050039000
gate,bybit,VANRYUSDT,0.005784,0.006191,7.0367,1774050042000
gate,bybit,VANRYUSDT,0.005784,0.006191,7.0367,1774050045000
gate,bybit,VANRYUSDT,0.005783,0.006191,7.0552,1774050046000
gate,bybit,VANRYUSDT,0.005782,0.006189,7.0391,1774050051000
gate,bybit,VANRYUSDT,0.00578,0.006188,7.0588,1774050060000
gate,bybit,VANRYUSDT,0.00578,0.006189,7.0761,1774050061000
gate,bybit,VANRYUSDT,0.005781,0.006189,7.0576,1774050062000
gate,bybit,VANRYUSDT,0.005782,0.006189,7.0391,1774050067000
gate,bybit,VANRYUSDT,0.005782,0.006191,7.0737,1774050071000
gate,bybit,VANRYUSDT,0.005782,0.006191,7.0737,1774050075000
gate,bybit,VANRYUSDT,0.005781,0.006191,7.0922,1774050081000
gate,bybit,VANRYUSDT,0.00578,0.006191,7.1107,1774050082000
gate,bybit,VANRYUSDT,0.005781,0.006191,7.0922,1774050085000
gate,bybit,VANRYUSDT,0.005781,0.006191,7.0922,1774050090000
gate,bybit,VANRYUSDT,0.00578,0.006191,7.1107,1774050092000
gate,bybit,VANRYUSDT,0.005779,0.00619,7.112,1774050093000
gate,bybit,VANRYUSDT,0.005778,0.00619,7.1305,1774050100000
gate,bybit,VANRYUSDT,0.005775,0.006186,7.1169,1774050101000
gate,bybit,VANRYUSDT,0.005773,0.006186,7.154,1774050112000
gate,bybit,VANRYUSDT,0.005774,0.006184,7.1008,1774050121000
gate,bybit,VANRYUSDT,0.005773,0.006184,7.1193,1774050141000
gate,bybit,VANRYUSDT,0.005775,0.006185,7.0996,1774050144000
gate,bybit,VANRYUSDT,0.005775,0.006187,7.1342,1774050145000
gate,bybit,VANRYUSDT,0.005782,0.00619,7.0564,1774050149000
gate,bybit,VANRYUSDT,0.005783,0.00619,7.0379,1774050152000
gate,bybit,VANRYUSDT,0.005783,0.00619,7.0379,1774050153000
gate,bybit,VANRYUSDT,0.005784,0.00619,7.0194,1774050157000
gate,bybit,VANRYUSDT,0.005785,0.006191,7.0182,1774050160000
gate,bybit,VANRYUSDT,0.005786,0.006191,6.9997,1774050163000
gate,bybit,VANRYUSDT,0.005785,0.006191,7.0182,1774050165000
gate,bybit,VANRYUSDT,0.005786,0.006191,6.9997,1774050166000
gate,bybit,VANRYUSDT,0.005785,0.006191,7.0182,1774050167000
gate,bybit,VANRYUSDT,0.005786,0.006191,6.9997,1774050170000
gate,bybit,VANRYUSDT,0.005785,0.006191,7.0182,1774050173000
gate,bybit,VANRYUSDT,0.005785,0.006191,7.0182,1774050175000
gate,bybit,VANRYUSDT,0.005785,0.006191,7.0182,1774050180000
gate,bybit,VANRYUSDT,0.005785,0.006193,7.0527,1774050183000
gate,bybit,VANRYUSDT,0.005786,0.006193,7.0342,1774050184000
gate,bybit,VANRYUSDT,0.005785,0.006192,7.0354,1774050188000
gate,bybit,VANRYUSDT,0.005785,0.006192,7.0354,1774050190000
gate,bybit,VANRYUSDT,0.005785,0.006192,7.0354,1774050203000
gate,bybit,VANRYUSDT,0.005785,0.006192,7.0354,1774050210000
gate,bybit,VANRYUSDT,0.005786,0.006192,7.0169,1774050211000
gate,bybit,VANRYUSDT,0.005785,0.006192,7.0354,1774050213000
gate,bybit,VANRYUSDT,0.005782,0.006192,7.091,1774050215000
gate,bybit,VANRYUSDT,0.005783,0.006192,7.0725,1774050223000
gate,bybit,VANRYUSDT,0.005783,0.006192,7.0725,1774050224000
gate,bybit,VANRYUSDT,0.005784,0.006192,7.0539,1774050230000
gate,bybit,VANRYUSDT,0.005784,0.006192,7.0539,1774050231000
gate,bybit,VANRYUSDT,0.005784,0.006193,7.0712,1774050238000
gate,bybit,VANRYUSDT,0.005784,0.006193,7.0712,1774050241000
gate,bybit,VANRYUSDT,0.005784,0.006196,7.1231,1774050244000
gate,bybit,VANRYUSDT,0.005784,0.006196,7.1231,1774050250000
gate,bybit,VANRYUSDT,0.005784,0.006196,7.1231,1774050251000
gate,bybit,VANRYUSDT,0.005783,0.006196,7.1416,1774050260000
gate,bybit,VANRYUSDT,0.005775,0.006193,7.2381,1774050264000
gate,bybit,VANRYUSDT,0.005774,0.006192,7.2393,1774050265000
gate,bybit,VANRYUSDT,0.00577,0.006191,7.2964,1774050270000
gate,bybit,VANRYUSDT,0.005777,0.006191,7.1663,1774050272000
gate,bybit,VANRYUSDT,0.005777,0.006191,7.1663,1774050273000
gate,bybit,VANRYUSDT,0.00578,0.006191,7.1107,1774050278000
gate,bybit,VANRYUSDT,0.005782,0.006191,7.0737,1774050281000
gate,bybit,VANRYUSDT,0.00578,0.006191,7.1107,1774050290000
gate,bybit,VANRYUSDT,0.005781,0.006191,7.0922,1774050292000
gate,bybit,VANRYUSDT,0.005782,0.006195,7.1429,1774050294000
gate,bybit,VANRYUSDT,0.005786,0.006197,7.1034,1774050295000
gate,bybit,VANRYUSDT,0.005785,0.006197,7.1219,1774050297000
gate,bybit,VANRYUSDT,0.005787,0.006197,7.0848,1774050300000
gate,bybit,VANRYUSDT,0.005788,0.006197,7.0663,1774050301000
gate,bybit,VANRYUSDT,0.005788,0.006198,7.0836,1774050302000
gate,bybit,VANRYUSDT,0.00579,0.006198,7.0466,1774050305000
gate,bybit,VANRYUSDT,0.00579,0.006199,7.0639,1774050307000
gate,bybit,VANRYUSDT,0.005789,0.006199,7.0824,1774050309000
gate,bybit,VANRYUSDT,0.005788,0.006199,7.1009,1774050311000
gate,bybit,VANRYUSDT,0.005787,0.006199,7.1194,1774050314000
gate,bybit,VANRYUSDT,0.005787,0.006199,7.1194,1774050316000
gate,bybit,VANRYUSDT,0.005786,0.006198,7.1206,1774050329000
gate,bybit,VANRYUSDT,0.005785,0.006198,7.1392,1774050331000
gate,bybit,VANRYUSDT,0.005785,0.006197,7.1219,1774050337000
gate,bybit,VANRYUSDT,0.005784,0.006197,7.1404,1774050338000
gate,bybit,VANRYUSDT,0.005783,0.006197,7.1589,1774050340000
gate,bybit,VANRYUSDT,0.005782,0.006196,7.1602,1774050341000
gate,bybit,VANRYUSDT,0.005783,0.006196,7.1416,1774050342000
gate,bybit,VANRYUSDT,0.005783,0.006196,7.1416,1774050344000
gate,bybit,VANRYUSDT,0.005781,0.006196,7.1787,1774050347000
gate,bybit,VANRYUSDT,0.005781,0.006196,7.1787,1774050353000
gate,bybit,VANRYUSDT,0.005777,0.006193,7.201,1774050360000
gate,bybit,VANRYUSDT,0.005777,0.006192,7.1837,1774050361000
gate,bybit,VANRYUSDT,0.005776,0.006191,7.1849,1774050362000
gate,bybit,VANRYUSDT,0.005776,0.00619,7.1676,1774050363000
gate,bybit,VANRYUSDT,0.005775,0.00619,7.1861,1774050364000
gate,bybit,VANRYUSDT,0.005776,0.00619,7.1676,1774050369000
gate,bybit,VANRYUSDT,0.005776,0.00619,7.1676,1774050370000
gate,bybit,VANRYUSDT,0.005775,0.006189,7.1688,1774050371000
gate,bybit,VANRYUSDT,0.005776,0.006189,7.1503,1774050373000
gate,bybit,VANRYUSDT,0.005776,0.00619,7.1676,1774050376000
gate,bybit,VANRYUSDT,0.005776,0.00619,7.1676,1774050381000
gate,bybit,VANRYUSDT,0.005775,0.00619,7.1861,1774050389000
gate,bybit,VANRYUSDT,0.005774,0.00619,7.2047,1774050410000
gate,bybit,VANRYUSDT,0.005772,0.006189,7.2245,1774050411000
gate,bybit,VANRYUSDT,0.005773,0.006189,7.206,1774050412000
gate,bybit,VANRYUSDT,0.005775,0.006189,7.1688,1774050415000
gate,bybit,VANRYUSDT,0.005774,0.00619,7.2047,1774050416000
gate,bybit,VANRYUSDT,0.005776,0.006192,7.2022,1774050422000
gate,bybit,VANRYUSDT,0.005776,0.006194,7.2368,1774050423000
gate,bybit,VANRYUSDT,0.00578,0.006191,7.1107,1774050425000
gate,bybit,VANRYUSDT,0.005773,0.006188,7.1886,1774050426000
gate,bybit,VANRYUSDT,0.005774,0.006189,7.1874,1774050430000
gate,bybit,VANRYUSDT,0.005773,0.006189,7.206,1774050432000
gate,bybit,VANRYUSDT,0.005772,0.006189,7.2245,1774050434000
gate,bybit,VANRYUSDT,0.005773,0.006189,7.206,1774050437000
gate,bybit,VANRYUSDT,0.005772,0.006189,7.2245,1774050448000
gate,bybit,VANRYUSDT,0.005772,0.006189,7.2245,1774050449000
gate,bybit,VANRYUSDT,0.005771,0.006189,7.2431,1774050450000
gate,bybit,VANRYUSDT,0.005768,0.006187,7.2642,1774050451000
gate,bybit,VANRYUSDT,0.005768,0.006187,7.2642,1774050452000
gate,bybit,VANRYUSDT,0.005771,0.006187,7.2085,1774050457000
gate,bybit,VANRYUSDT,0.00577,0.006187,7.227,1774050462000
gate,bybit,VANRYUSDT,0.005769,0.006187,7.2456,1774050467000
gate,bybit,VANRYUSDT,0.005767,0.006187,7.2828,1774050470000
gate,bybit,VANRYUSDT,0.005765,0.006186,7.3027,1774050472000
gate,bybit,VANRYUSDT,0.005765,0.006186,7.3027,1774050475000
gate,bybit,VANRYUSDT,0.005766,0.006186,7.2841,1774050476000
gate,bybit,VANRYUSDT,0.005765,0.006186,7.3027,1774050477000
gate,bybit,VANRYUSDT,0.005765,0.006186,7.3027,1774050479000
gate,bybit,VANRYUSDT,0.005765,0.006186,7.3027,1774050480000
gate,bybit,VANRYUSDT,0.005763,0.006185,7.3226,1774050481000
gate,bybit,VANRYUSDT,0.005763,0.006184,7.3052,1774050482000
gate,bybit,VANRYUSDT,0.005763,0.006184,7.3052,1774050483000
gate,bybit,VANRYUSDT,0.005764,0.006184,7.2866,1774050487000
gate,bybit,VANRYUSDT,0.005764,0.006184,7.2866,1774050488000
gate,bybit,VANRYUSDT,0.005763,0.006184,7.3052,1774050489000
gate,bybit,VANRYUSDT,0.005763,0.006184,7.3052,1774050490000
gate,bybit,VANRYUSDT,0.005764,0.006184,7.2866,1774050491000
gate,bybit,VANRYUSDT,0.005763,0.006184,7.3052,1774050492000
gate,bybit,VANRYUSDT,0.005764,0.006184,7.2866,1774050494000
gate,bybit,VANRYUSDT,0.005764,0.006185,7.304,1774050500000
gate,bybit,VANRYUSDT,0.005767,0.00619,7.3348,1774050506000
gate,bybit,VANRYUSDT,0.005769,0.006187,7.2456,1774050507000
gate,bybit,VANRYUSDT,0.005768,0.006187,7.2642,1774050509000
gate,bybit,VANRYUSDT,0.005769,0.006187,7.2456,1774050511000
gate,bybit,VANRYUSDT,0.005779,0.006187,7.06,1774050512000
gate,bybit,VANRYUSDT,0.005781,0.006195,7.1614,1774050515000
gate,bybit,VANRYUSDT,0.005783,0.006195,7.1243,1774050518000
gate,bybit,VANRYUSDT,0.005784,0.006195,7.1058,1774050519000
gate,bybit,VANRYUSDT,0.005784,0.006195,7.1058,1774050520000
gate,bybit,VANRYUSDT,0.005784,0.006195,7.1058,1774050521000
gate,bybit,VANRYUSDT,0.005786,0.006195,7.0688,1774050523000
gate,bybit,VANRYUSDT,0.005786,0.006195,7.0688,1774050524000
gate,bybit,VANRYUSDT,0.005786,0.006195,7.0688,1774050526000
gate,bybit,VANRYUSDT,0.005787,0.006195,7.0503,1774050527000
gate,bybit,VANRYUSDT,0.005786,0.006195,7.0688,1774050533000
gate,bybit,VANRYUSDT,0.005798,0.006208,7.0714,1774050534000
gate,bybit,VANRYUSDT,0.0058,0.006208,7.0345,1774050539000
gate,bybit,VANRYUSDT,0.0058,0.006208,7.0345,1774050540000
gate,bybit,VANRYUSDT,0.0058,0.006209,7.0517,1774050541000
gate,bybit,VANRYUSDT,0.0058,0.006209,7.0517,1774050542000
gate,bybit,VANRYUSDT,0.005801,0.006211,7.0677,1774050543000
gate,bybit,VANRYUSDT,0.0058,0.006211,7.0862,1774050544000
gate,bybit,VANRYUSDT,0.005803,0.006212,7.0481,1774050545000
gate,bybit,VANRYUSDT,0.005803,0.006212,7.0481,1774050546000
gate,bybit,VANRYUSDT,0.005802,0.006212,7.0665,1774050547000
gate,bybit,VANRYUSDT,0.005804,0.006212,7.0296,1774050549000
gate,bybit,VANRYUSDT,0.005804,0.006212,7.0296,1774050550000
gate,bybit,VANRYUSDT,0.005804,0.006212,7.0296,1774050551000
gate,bybit,VANRYUSDT,0.005802,0.006212,7.0665,1774050552000
gate,bybit,VANRYUSDT,0.005801,0.006212,7.085,1774050553000
gate,bybit,VANRYUSDT,0.0058,0.006212,7.1034,1774050557000
gate,bybit,VANRYUSDT,0.005798,0.006212,7.1404,1774050560000
gate,bybit,VANRYUSDT,0.005797,0.006212,7.1589,1774050573000
gate,bybit,VANRYUSDT,0.005797,0.006212,7.1589,1774050583000
gate,bybit,VANRYUSDT,0.005797,0.006212,7.1589,1774050593000
gate,bybit,VANRYUSDT,0.005796,0.006212,7.1774,1774050601000
gate,bybit,VANRYUSDT,0.005796,0.006212,7.1774,1774050602000
gate,bybit,VANRYUSDT,0.005795,0.006212,7.1959,1774050603000
gate,bybit,VANRYUSDT,0.005794,0.006211,7.1971,1774050604000
gate,bybit,VANRYUSDT,0.005793,0.00621,7.1983,1774050605000
gate,bybit,VANRYUSDT,0.005793,0.00621,7.1983,1774050606000
gate,bybit,VANRYUSDT,0.005793,0.00621,7.1983,1774050607000
gate,bybit,VANRYUSDT,0.005792,0.00621,7.2169,1774050608000
gate,bybit,VANRYUSDT,0.005791,0.00621,7.2354,1774050609000
gate,bybit,VANRYUSDT,0.005791,0.00621,7.2354,1774050610000
gate,bybit,VANRYUSDT,0.005791,0.00621,7.2354,1774050611000
gate,bybit,VANRYUSDT,0.00579,0.00621,7.2539,1774050612000
gate,bybit,VANRYUSDT,0.00579,0.00621,7.2539,1774050614000
gate,bybit,VANRYUSDT,0.005791,0.00621,7.2354,1774050622000
gate,bybit,VANRYUSDT,0.005795,0.006214,7.2304,1774050624000
gate,bybit,VANRYUSDT,0.005799,0.006214,7.1564,1774050629000
gate,bybit,VANRYUSDT,0.005799,0.006213,7.1392,1774050630000
gate,bybit,VANRYUSDT,0.0058,0.006213,7.1207,1774050631000
gate,bybit,VANRYUSDT,0.0058,0.006213,7.1207,1774050632000
gate,bybit,VANRYUSDT,0.0058,0.006213,7.1207,1774050633000
gate,bybit,VANRYUSDT,0.005801,0.006213,7.1022,1774050638000
gate,bybit,VANRYUSDT,0.005802,0.006213,7.0838,1774050639000
gate,bybit,VANRYUSDT,0.0058,0.006213,7.1207,1774050655000
gate,bybit,VANRYUSDT,0.005799,0.006214,7.1564,1774050661000
gate,bybit,VANRYUSDT,0.0058,0.006214,7.1379,1774050666000
gate,bybit,VANRYUSDT,0.0058,0.006214,7.1379,1774050670000
gate,bybit,VANRYUSDT,0.005799,0.006214,7.1564,1774050671000
gate,bybit,VANRYUSDT,0.0058,0.006214,7.1379,1774050672000
gate,bybit,VANRYUSDT,0.005799,0.006214,7.1564,1774050675000
gate,bybit,VANRYUSDT,0.005798,0.006214,7.1749,1774050678000
gate,bybit,VANRYUSDT,0.005799,0.006214,7.1564,1774050686000
gate,bybit,VANRYUSDT,0.005799,0.006214,7.1564,1774050692000
gate,bybit,VANRYUSDT,0.005799,0.006214,7.1564,1774050700000
gate,bybit,VANRYUSDT,0.005799,0.006214,7.1564,1774050712000
gate,bybit,VANRYUSDT,0.005799,0.006214,7.1564,1774050713000
gate,bybit,VANRYUSDT,0.005799,0.006215,7.1737,1774050716000
gate,bybit,VANRYUSDT,0.005796,0.006214,7.2119,1774050721000
gate,bybit,VANRYUSDT,0.005795,0.006214,7.2304,1774050760000
gate,bybit,VANRYUSDT,0.005796,0.006214,7.2119,1774050774000
gate,bybit,VANRYUSDT,0.005796,0.006215,7.2291,1774050777000
gate,bybit,VANRYUSDT,0.005796,0.006215,7.2291,1774050781000
gate,bybit,VANRYUSDT,0.005794,0.006215,7.2661,1774050785000
gate,bybit,VANRYUSDT,0.005793,0.006215,7.2847,1774050786000
gate,bybit,VANRYUSDT,0.005793,0.006215,7.2847,1774050791000
gate,bybit,VANRYUSDT,0.005792,0.006215,7.3032,1774050792000
gate,bybit,VANRYUSDT,0.005792,0.006213,7.2686,1774050793000
gate,bybit,VANRYUSDT,0.005791,0.006213,7.2872,1774050801000
gate,bybit,VANRYUSDT,0.005785,0.006197,7.1219,1774050802000
gate,bybit,VANRYUSDT,0.005772,0.006198,7.3805,1774050803000
gate,bybit,VANRYUSDT,0.005778,0.006198,7.269,1774050804000
gate,bybit,VANRYUSDT,0.005779,0.006201,7.3023,1774050805000
gate,bybit,VANRYUSDT,0.005781,0.006203,7.2998,1774050811000
gate,bybit,VANRYUSDT,0.00578,0.006202,7.301,1774050813000
gate,bybit,VANRYUSDT,0.005779,0.006202,7.3196,1774050818000
gate,bybit,VANRYUSDT,0.005779,0.006202,7.3196,1774050819000
gate,bybit,VANRYUSDT,0.005778,0.006202,7.3382,1774050821000
gate,bybit,VANRYUSDT,0.005779,0.006202,7.3196,1774050822000
gate,bybit,VANRYUSDT,0.00578,0.006202,7.301,1774050823000
gate,bybit,VANRYUSDT,0.00578,0.006202,7.301,1774050826000
gate,bybit,VANRYUSDT,0.005781,0.006202,7.2825,1774050828000
gate,bybit,VANRYUSDT,0.005782,0.006202,7.2639,1774050830000
gate,bybit,VANRYUSDT,0.005782,0.006201,7.2466,1774050833000
gate,bybit,VANRYUSDT,0.005782,0.0062,7.2293,1774050840000
gate,bybit,VANRYUSDT,0.005781,0.0062,7.2479,1774050841000
gate,bybit,VANRYUSDT,0.005781,0.0062,7.2479,1774050842000
gate,bybit,VANRYUSDT,0.005783,0.006201,7.2281,1774050843000
gate,bybit,VANRYUSDT,0.005783,0.006203,7.2627,1774050845000
gate,bybit,VANRYUSDT,0.005783,0.006203,7.2627,1774050850000
gate,bybit,VANRYUSDT,0.005783,0.006203,7.2627,1774050851000
gate,bybit,VANRYUSDT,0.005783,0.006203,7.2627,1774050853000
gate,bybit,VANRYUSDT,0.005784,0.006203,7.2441,1774050854000
gate,bybit,VANRYUSDT,0.005784,0.006203,7.2441,1774050855000
gate,bybit,VANRYUSDT,0.005784,0.006203,7.2441,1774050856000
gate,bybit,VANRYUSDT,0.005782,0.006203,7.2812,1774050857000
gate,bybit,VANRYUSDT,0.005783,0.006201,7.2281,1774050858000
gate,bybit,VANRYUSDT,0.005782,0.006201,7.2466,1774050859000
gate,bybit,VANRYUSDT,0.005781,0.006199,7.2306,1774050866000
gate,bybit,VANRYUSDT,0.005782,0.006199,7.212,1774050867000
gate,bybit,VANRYUSDT,0.005783,0.006201,7.2281,1774050881000
gate,bybit,VANRYUSDT,0.005745,0.006147,6.9974,1774053604000
gate,bybit,VANRYUSDT,0.005745,0.006147,6.9974,1774053604344
gate,bybit,VANRYUSDT,0.005745,0.006147,6.9974,1774053604661
gate,bybit,VANRYUSDT,0.005745,0.006147,6.9974,1774053604961
gate,bybit,VANRYUSDT,0.005745,0.006147,6.9974,1774053605261
gate,bybit,VANRYUSDT,0.005745,0.006147,6.9974,1774053605561
gate,bybit,VANRYUSDT,0.005745,0.006147,6.9974,1774053605861
gate,bybit,VANRYUSDT,0.005745,0.006147,6.9974,1774053606161
gate,bybit,VANRYUSDT,0.005745,0.006147,6.9974,1774053606461
gate,bybit,VANRYUSDT,0.005745,0.006147,6.9974,1774053606761
gate,bybit,VANRYUSDT,0.005745,0.006147,6.9974,1774053607061
gate,bybit,VANRYUSDT,0.005744,0.006147,7.016,1774053607362
gate,bybit,VANRYUSDT,0.005744,0.006147,7.016,1774053607662
gate,bybit,VANRYUSDT,0.005744,0.006147,7.016,1774053607962
gate,bybit,VANRYUSDT,0.005744,0.006147,7.016,1774053608265
gate,bybit,VANRYUSDT,0.005744,0.006147,7.016,1774053608566
gate,bybit,VANRYUSDT,0.005744,0.006147,7.016,1774053608866
gate,bybit,VANRYUSDT,0.005744,0.006147,7.016,1774053609171
gate,bybit,VANRYUSDT,0.005744,0.006147,7.016,1774053609472
gate,bybit,VANRYUSDT,0.005744,0.006147,7.016,1774053609772
gate,bybit,VANRYUSDT,0.005744,0.006147,7.016,1774053610072
gate,bybit,VANRYUSDT,0.005744,0.006147,7.016,1774053610373
gate,bybit,VANRYUSDT,0.005744,0.006147,7.016,1774053610673
gate,bybit,VANRYUSDT,0.005744,0.006147,7.016,1774053610974
gate,bybit,VANRYUSDT,0.005744,0.006147,7.016,1774053611275
gate,bybit,VANRYUSDT,0.005744,0.006147,7.016,1774053611575
gate,bybit,VANRYUSDT,0.005744,0.006147,7.016,1774053611883
gate,bybit,VANRYUSDT,0.005744,0.006147,7.016,1774053612186
gate,bybit,VANRYUSDT,0.005744,0.006147,7.016,1774053612487
gate,bybit,VANRYUSDT,0.005744,0.006147,7.016,1774053612787
gate,bybit,VANRYUSDT,0.005744,0.006147,7.016,1774053613087
gate,bybit,VANRYUSDT,0.005744,0.006147,7.016,1774053613387
gate,bybit,VANRYUSDT,0.005744,0.006147,7.016,1774053613688
gate,bybit,VANRYUSDT,0.005744,0.006147,7.016,1774053613988
gate,bybit,VANRYUSDT,0.005744,0.006147,7.016,1774053614288
gate,bybit,VANRYUSDT,0.005744,0.006147,7.016,1774053614588
gate,bybit,VANRYUSDT,0.005744,0.006147,7.016,1774053614888
gate,bybit,VANRYUSDT,0.005744,0.006147,7.016,1774053615188
gate,bybit,VANRYUSDT,0.005744,0.006147,7.016,1774053615488
gate,bybit,VANRYUSDT,0.005744,0.006147,7.016,1774053615788
gate,bybit,VANRYUSDT,0.005743,0.006147,7.0347,1774053616089
gate,bybit,VANRYUSDT,0.005743,0.006147,7.0347,1774053616389
gate,bybit,VANRYUSDT,0.005743,0.006147,7.0347,1774053616689
gate,bybit,VANRYUSDT,0.005743,0.006147,7.0347,1774053616989
gate,bybit,VANRYUSDT,0.005744,0.006147,7.016,1774053617290
gate,bybit,VANRYUSDT,0.005744,0.006147,7.016,1774053617590
gate,bybit,VANRYUSDT,0.005744,0.006147,7.016,1774053617890
gate,bybit,VANRYUSDT,0.005744,0.006147,7.016,1774053618190
gate,bybit,VANRYUSDT,0.005744,0.006147,7.016,1774053618490
gate,bybit,VANRYUSDT,0.005744,0.006147,7.016,1774053618791
gate,bybit,VANRYUSDT,0.005744,0.006147,7.016,1774053619091
gate,bybit,VANRYUSDT,0.005744,0.006147,7.016,1774053619391
gate,bybit,VANRYUSDT,0.005743,0.006147,7.0347,1774053619691
gate,bybit,VANRYUSDT,0.005743,0.006147,7.0347,1774053619992
gate,bybit,VANRYUSDT,0.005743,0.006147,7.0347,1774053620292
gate,bybit,VANRYUSDT,0.005743,0.006147,7.0347,1774053620593
gate,bybit,VANRYUSDT,0.005743,0.006147,7.0347,1774053620893
gate,bybit,VANRYUSDT,0.005743,0.006147,7.0347,1774053621193
gate,bybit,VANRYUSDT,0.005743,0.006147,7.0347,1774053621493
gate,bybit,VANRYUSDT,0.005743,0.006147,7.0347,1774053621794
gate,bybit,VANRYUSDT,0.005743,0.006147,7.0347,1774053622094
gate,bybit,VANRYUSDT,0.005743,0.006147,7.0347,1774053622394
gate,bybit,VANRYUSDT,0.005743,0.006147,7.0347,1774053622694
gate,bybit,VANRYUSDT,0.005743,0.006147,7.0347,1774053622995
gate,bybit,VANRYUSDT,0.005743,0.006147,7.0347,1774053623295
gate,bybit,VANRYUSDT,0.005743,0.006147,7.0347,1774053623596
gate,bybit,VANRYUSDT,0.005743,0.006147,7.0347,1774053623897
gate,bybit,VANRYUSDT,0.005743,0.006147,7.0347,1774053624201
gate,bybit,VANRYUSDT,0.005743,0.006147,7.0347,1774053624508
gate,bybit,VANRYUSDT,0.005743,0.006147,7.0347,1774053624809
gate,bybit,VANRYUSDT,0.005743,0.006147,7.0347,1774053625123
gate,bybit,VANRYUSDT,0.005743,0.006147,7.0347,1774053625432
gate,bybit,VANRYUSDT,0.005743,0.006147,7.0347,1774053625739
gate,bybit,VANRYUSDT,0.005743,0.006147,7.0347,1774053626055
gate,bybit,VANRYUSDT,0.005743,0.006147,7.0347,1774053626355
gate,bybit,VANRYUSDT,0.005743,0.006147,7.0347,1774053626656
gate,bybit,VANRYUSDT,0.005743,0.006147,7.0347,1774053626956
gate,bybit,VANRYUSDT,0.005743,0.006147,7.0347,1774053627257
gate,bybit,VANRYUSDT,0.005743,0.006147,7.0347,1774053627557
gate,bybit,VANRYUSDT,0.005743,0.006147,7.0347,1774053627870
gate,bybit,VANRYUSDT,0.005743,0.006147,7.0347,1774053628181
gate,bybit,VANRYUSDT,0.005743,0.006147,7.0347,1774053628485
gate,bybit,VANRYUSDT,0.005743,0.006147,7.0347,1774053628785
gate,bybit,VANRYUSDT,0.005742,0.006147,7.0533,1774053629085
gate,bybit,VANRYUSDT,0.00574,0.006143,7.0209,1774053629385
gate,bybit,VANRYUSDT,0.00574,0.006143,7.0209,1774053629685
gate,bybit,VANRYUSDT,0.00574,0.006143,7.0209,1774053629985
gate,bybit,VANRYUSDT,0.00574,0.006143,7.0209,1774053630285
gate,bybit,VANRYUSDT,0.00574,0.006143,7.0209,1774053630585
gate,bybit,VANRYUSDT,0.00574,0.006143,7.0209,1774053630885
gate,bybit,VANRYUSDT,0.00574,0.006143,7.0209,1774053631186
gate,bybit,VANRYUSDT,0.00574,0.006143,7.0209,1774053631487
gate,bybit,VANRYUSDT,0.00574,0.006143,7.0209,1774053631787
gate,bybit,VANRYUSDT,0.00574,0.006143,7.0209,1774053632087
gate,bybit,VANRYUSDT,0.00574,0.006143,7.0209,1774053632388
gate,bybit,VANRYUSDT,0.00574,0.006143,7.0209,1774053632688
gate,bybit,VANRYUSDT,0.00574,0.006143,7.0209,1774053632988
gate,bybit,VANRYUSDT,0.00574,0.006143,7.0209,1774053633288
gate,bybit,VANRYUSDT,0.00574,0.006143,7.0209,1774053633588
gate,bybit,VANRYUSDT,0.00574,0.006143,7.0209,1774053633888
gate,bybit,VANRYUSDT,0.005739,0.006143,7.0396,1774053634188
gate,bybit,VANRYUSDT,0.005739,0.006143,7.0396,1774053634488
gate,bybit,VANRYUSDT,0.005739,0.006143,7.0396,1774053634789
gate,bybit,VANRYUSDT,0.005739,0.006143,7.0396,1774053635089
gate,bybit,VANRYUSDT,0.005739,0.006143,7.0396,1774053635389
gate,bybit,VANRYUSDT,0.005739,0.006143,7.0396,1774053635689
gate,bybit,VANRYUSDT,0.005741,0.006144,7.0197,1774053635989
gate,bybit,VANRYUSDT,0.005741,0.006144,7.0197,1774053636291
gate,bybit,VANRYUSDT,0.005741,0.006144,7.0197,1774053636591
gate,bybit,VANRYUSDT,0.005741,0.006144,7.0197,1774053636891
gate,bybit,VANRYUSDT,0.005741,0.006144,7.0197,1774053637192
gate,bybit,VANRYUSDT,0.005741,0.006144,7.0197,1774053637492
gate,bybit,VANRYUSDT,0.005741,0.006144,7.0197,1774053637792
gate,bybit,VANRYUSDT,0.005741,0.006144,7.0197,1774053638094
gate,bybit,VANRYUSDT,0.005741,0.006144,7.0197,1774053638394
gate,bybit,VANRYUSDT,0.005741,0.006144,7.0197,1774053638695
gate,bybit,VANRYUSDT,0.005741,0.006144,7.0197,1774053638995
gate,bybit,VANRYUSDT,0.005741,0.006144,7.0197,1774053639296
gate,bybit,VANRYUSDT,0.005741,0.006144,7.0197,1774053639598
gate,bybit,VANRYUSDT,0.005741,0.006144,7.0197,1774053639900
gate,bybit,VANRYUSDT,0.005741,0.006144,7.0197,1774053640205
gate,bybit,VANRYUSDT,0.005741,0.006144,7.0197,1774053640509
gate,bybit,VANRYUSDT,0.005741,0.006144,7.0197,1774053640809
gate,bybit,VANRYUSDT,0.005741,0.006144,7.0197,1774053641110
gate,bybit,VANRYUSDT,0.005741,0.006144,7.0197,1774053641410
gate,bybit,VANRYUSDT,0.005741,0.006144,7.0197,1774053641711
gate,bybit,VANRYUSDT,0.005741,0.006144,7.0197,1774053642014
gate,bybit,VANRYUSDT,0.005741,0.006144,7.0197,1774053642321
gate,bybit,VANRYUSDT,0.005741,0.006144,7.0197,1774053642623
gate,bybit,VANRYUSDT,0.005741,0.006144,7.0197,1774053642930
gate,bybit,VANRYUSDT,0.005741,0.006144,7.0197,1774053643232
gate,bybit,VANRYUSDT,0.005741,0.006144,7.0197,1774053643535
gate,bybit,VANRYUSDT,0.005741,0.006144,7.0197,1774053643839
gate,bybit,VANRYUSDT,0.005741,0.006144,7.0197,1774053644141
gate,bybit,VANRYUSDT,0.005741,0.006144,7.0197,1774053644442
gate,bybit,VANRYUSDT,0.005741,0.006144,7.0197,1774053644742
gate,bybit,VANRYUSDT,0.005741,0.006144,7.0197,1774053645042
gate,bybit,VANRYUSDT,0.005741,0.006144,7.0197,1774053645344
gate,bybit,VANRYUSDT,0.00574,0.006144,7.0383,1774053645655
gate,bybit,VANRYUSDT,0.00574,0.006144,7.0383,1774053645970
gate,bybit,VANRYUSDT,0.00574,0.006144,7.0383,1774053646277
gate,bybit,VANRYUSDT,0.00574,0.006144,7.0383,1774053646584
gate,bybit,VANRYUSDT,0.00574,0.006144,7.0383,1774053646888
gate,bybit,VANRYUSDT,0.00574,0.006144,7.0383,1774053647188
gate,bybit,VANRYUSDT,0.00574,0.006144,7.0383,1774053647489
gate,bybit,VANRYUSDT,0.00574,0.006143,7.0209,1774053647789
gate,bybit,VANRYUSDT,0.00574,0.006143,7.0209,1774053648089
gate,bybit,VANRYUSDT,0.00574,0.006143,7.0209,1774053648389
gate,bybit,VANRYUSDT,0.005741,0.006144,7.0197,1774053648690
gate,bybit,VANRYUSDT,0.005741,0.006144,7.0197,1774053648991
gate,bybit,VANRYUSDT,0.005741,0.006144,7.0197,1774053649291
gate,bybit,VANRYUSDT,0.005741,0.006144,7.0197,1774053649591
gate,bybit,VANRYUSDT,0.005741,0.006144,7.0197,1774053649891
gate,bybit,VANRYUSDT,0.005741,0.006144,7.0197,1774053650192
gate,bybit,VANRYUSDT,0.005741,0.006144,7.0197,1774053650493
gate,bybit,VANRYUSDT,0.005741,0.006144,7.0197,1774053650793
gate,bybit,VANRYUSDT,0.005741,0.006144,7.0197,1774053651093
gate,bybit,VANRYUSDT,0.005741,0.006144,7.0197,1774053651393
gate,bybit,VANRYUSDT,0.005741,0.006144,7.0197,1774053651693
gate,bybit,VANRYUSDT,0.005741,0.006144,7.0197,1774053651993
gate,bybit,VANRYUSDT,0.005741,0.006144,7.0197,1774053652293
gate,bybit,VANRYUSDT,0.005741,0.006144,7.0197,1774053652594
gate,bybit,VANRYUSDT,0.005741,0.006144,7.0197,1774053652894
gate,bybit,VANRYUSDT,0.005741,0.006144,7.0197,1774053653194
gate,bybit,VANRYUSDT,0.005741,0.006144,7.0197,1774053653494
gate,bybit,VANRYUSDT,0.005741,0.006144,7.0197,1774053653794
gate,bybit,VANRYUSDT,0.005741,0.006144,7.0197,1774053654094
gate,bybit,VANRYUSDT,0.005741,0.006144,7.0197,1774053654395
gate,bybit,VANRYUSDT,0.005741,0.006144,7.0197,1774053654695
gate,bybit,VANRYUSDT,0.005741,0.006144,7.0197,1774053654996
gate,bybit,VANRYUSDT,0.005741,0.006144,7.0197,1774053655300
gate,bybit,VANRYUSDT,0.005741,0.006144,7.0197,1774053655605
gate,bybit,VANRYUSDT,0.005741,0.006144,7.0197,1774053655906
gate,bybit,VANRYUSDT,0.005741,0.006144,7.0197,1774053656206
gate,bybit,VANRYUSDT,0.005741,0.006144,7.0197,1774053656508
gate,bybit,VANRYUSDT,0.005741,0.006144,7.0197,1774053656810
gate,bybit,VANRYUSDT,0.005741,0.006144,7.0197,1774053657112
gate,bybit,VANRYUSDT,0.005741,0.006144,7.0197,1774053657413
gate,bybit,VANRYUSDT,0.005741,0.006144,7.0197,1774053657715
gate,bybit,VANRYUSDT,0.005741,0.006144,7.0197,1774053658018
gate,bybit,VANRYUSDT,0.005741,0.006144,7.0197,1774053658319
gate,bybit,VANRYUSDT,0.005741,0.006144,7.0197,1774053658621
gate,bybit,VANRYUSDT,0.005741,0.006144,7.0197,1774053658922
gate,bybit,VANRYUSDT,0.005741,0.006144,7.0197,1774053659226
gate,bybit,VANRYUSDT,0.005741,0.006144,7.0197,1774053659527
gate,bybit,VANRYUSDT,0.005741,0.006144,7.0197,1774053659830
gate,bybit,VANRYUSDT,0.005741,0.006144,7.0197,1774053660138
gate,bybit,VANRYUSDT,0.005741,0.006144,7.0197,1774053660450
gate,bybit,VANRYUSDT,0.005741,0.006144,7.0197,1774053660761
gate,bybit,VANRYUSDT,0.00574,0.006144,7.0383,1774053661071
gate,bybit,VANRYUSDT,0.00574,0.006144,7.0383,1774053661378
gate,bybit,VANRYUSDT,0.00574,0.006144,7.0383,1774053661685
gate,bybit,VANRYUSDT,0.00574,0.006144,7.0383,1774053661985
gate,bybit,VANRYUSDT,0.00574,0.006144,7.0383,1774053662286
gate,bybit,VANRYUSDT,0.00574,0.006144,7.0383,1774053662586
gate,bybit,VANRYUSDT,0.00574,0.006144,7.0383,1774053662886
gate,bybit,VANRYUSDT,0.00574,0.006144,7.0383,1774053663186
gate,bybit,VANRYUSDT,0.00574,0.006144,7.0383,1774053663486
gate,bybit,VANRYUSDT,0.00574,0.006144,7.0383,1774053663786
gate,bybit,VANRYUSDT,0.00574,0.006144,7.0383,1774053664087
gate,bybit,VANRYUSDT,0.00574,0.006144,7.0383,1774053664387
gate,bybit,VANRYUSDT,0.00574,0.006144,7.0383,1774053664689
gate,bybit,VANRYUSDT,0.00574,0.006144,7.0383,1774053664989
gate,bybit,VANRYUSDT,0.00574,0.006144,7.0383,1774053665290
gate,bybit,VANRYUSDT,0.00574,0.006144,7.0383,1774053665591
gate,bybit,VANRYUSDT,0.00574,0.006144,7.0383,1774053665891
gate,bybit,VANRYUSDT,0.00574,0.006144,7.0383,1774053666193
gate,bybit,VANRYUSDT,0.00574,0.006144,7.0383,1774053666504
gate,bybit,VANRYUSDT,0.00574,0.006144,7.0383,1774053666812
gate,bybit,VANRYUSDT,0.00574,0.006144,7.0383,1774053667127
gate,bybit,VANRYUSDT,0.00574,0.006144,7.0383,1774053667438
gate,bybit,VANRYUSDT,0.00574,0.006144,7.0383,1774053667750
gate,bybit,VANRYUSDT,0.00574,0.006144,7.0383,1774053668057
gate,bybit,VANRYUSDT,0.00574,0.006144,7.0383,1774053668372
gate,bybit,VANRYUSDT,0.00574,0.006144,7.0383,1774053668685
gate,bybit,VANRYUSDT,0.00574,0.006144,7.0383,1774053668999
gate,bybit,VANRYUSDT,0.00574,0.006144,7.0383,1774053669309
gate,bybit,VANRYUSDT,0.00574,0.006144,7.0383,1774053669614
gate,bybit,VANRYUSDT,0.005739,0.006144,7.057,1774053669924
gate,bybit,VANRYUSDT,0.005739,0.006144,7.057,1774053670241
gate,bybit,VANRYUSDT,0.005739,0.006144,7.057,1774053670548
gate,bybit,VANRYUSDT,0.005739,0.006144,7.057,1774053670856
gate,bybit,VANRYUSDT,0.00574,0.006144,7.0383,1774053671190
gate,bybit,VANRYUSDT,0.00574,0.006144,7.0383,1774053671494
gate,bybit,VANRYUSDT,0.00574,0.006144,7.0383,1774053671804
gate,bybit,VANRYUSDT,0.00574,0.006144,7.0383,1774053672116
gate,bybit,VANRYUSDT,0.00574,0.006144,7.0383,1774053672418
gate,bybit,VANRYUSDT,0.00574,0.006144,7.0383,1774053672722
gate,bybit,VANRYUSDT,0.00574,0.006144,7.0383,1774053673026
gate,bybit,VANRYUSDT,0.00574,0.006144,7.0383,1774053673333
gate,bybit,VANRYUSDT,0.00574,0.006144,7.0383,1774053673633
gate,bybit,VANRYUSDT,0.00574,0.006144,7.0383,1774053673936
gate,bybit,VANRYUSDT,0.00574,0.006144,7.0383,1774053674238
gate,bybit,VANRYUSDT,0.00574,0.006144,7.0383,1774053674541
gate,bybit,VANRYUSDT,0.00574,0.006144,7.0383,1774053674841
gate,bybit,VANRYUSDT,0.00574,0.006144,7.0383,1774053675141
gate,bybit,VANRYUSDT,0.00574,0.006144,7.0383,1774053675442
gate,bybit,VANRYUSDT,0.00574,0.006144,7.0383,1774053675743
gate,bybit,VANRYUSDT,0.00574,0.006144,7.0383,1774053676043
gate,bybit,VANRYUSDT,0.00574,0.006144,7.0383,1774053676343
gate,bybit,VANRYUSDT,0.00574,0.006144,7.0383,1774053676644
gate,bybit,VANRYUSDT,0.00574,0.006144,7.0383,1774053676947
gate,bybit,VANRYUSDT,0.00574,0.006144,7.0383,1774053677248
gate,bybit,VANRYUSDT,0.00574,0.006144,7.0383,1774053677548
gate,bybit,VANRYUSDT,0.00574,0.006144,7.0383,1774053677848
gate,bybit,VANRYUSDT,0.00574,0.006144,7.0383,1774053678148
gate,bybit,VANRYUSDT,0.00574,0.006144,7.0383,1774053678448
gate,bybit,VANRYUSDT,0.00574,0.006144,7.0383,1774053678749
gate,bybit,VANRYUSDT,0.00574,0.006144,7.0383,1774053679049
gate,bybit,VANRYUSDT,0.00574,0.006144,7.0383,1774053679349
gate,bybit,VANRYUSDT,0.00574,0.006144,7.0383,1774053679649
gate,bybit,VANRYUSDT,0.00574,0.006144,7.0383,1774053679951
gate,bybit,VANRYUSDT,0.00574,0.006144,7.0383,1774053680251
gate,bybit,VANRYUSDT,0.00574,0.006144,7.0383,1774053680551
gate,bybit,VANRYUSDT,0.00574,0.006144,7.0383,1774053680851
gate,bybit,VANRYUSDT,0.00574,0.006144,7.0383,1774053681151
gate,bybit,VANRYUSDT,0.00574,0.006144,7.0383,1774053681452
gate,bybit,VANRYUSDT,0.00574,0.006144,7.0383,1774053681752
gate,bybit,VANRYUSDT,0.00574,0.006144,7.0383,1774053682053
gate,bybit,VANRYUSDT,0.00574,0.006144,7.0383,1774053682353
gate,bybit,VANRYUSDT,0.00574,0.006144,7.0383,1774053682654
gate,bybit,VANRYUSDT,0.00574,0.006144,7.0383,1774053682954
gate,bybit,VANRYUSDT,0.00574,0.006144,7.0383,1774053683254
gate,bybit,VANRYUSDT,0.00574,0.006144,7.0383,1774053683568
gate,bybit,VANRYUSDT,0.00574,0.006144,7.0383,1774053683875
gate,bybit,VANRYUSDT,0.00574,0.006144,7.0383,1774053684175
gate,bybit,VANRYUSDT,0.00574,0.006144,7.0383,1774053684476
gate,bybit,VANRYUSDT,0.00574,0.006144,7.0383,1774053684777
gate,bybit,VANRYUSDT,0.00574,0.006144,7.0383,1774053685077
gate,bybit,VANRYUSDT,0.00574,0.006144,7.0383,1774053685377
gate,bybit,VANRYUSDT,0.00574,0.006144,7.0383,1774053685678
gate,bybit,VANRYUSDT,0.00574,0.006144,7.0383,1774053685978
gate,bybit,VANRYUSDT,0.00574,0.006144,7.0383,1774053686278
gate,bybit,VANRYUSDT,0.00574,0.006144,7.0383,1774053686578
gate,bybit,VANRYUSDT,0.00574,0.006144,7.0383,1774053686878
gate,bybit,VANRYUSDT,0.00574,0.006144,7.0383,1774053687179
gate,bybit,VANRYUSDT,0.00574,0.006144,7.0383,1774053687479
gate,bybit,VANRYUSDT,0.00574,0.006144,7.0383,1774053687779
gate,bybit,VANRYUSDT,0.00574,0.006144,7.0383,1774053688079
gate,bybit,VANRYUSDT,0.00574,0.006144,7.0383,1774053688380
gate,bybit,VANRYUSDT,0.00574,0.006144,7.0383,1774053688680
gate,bybit,VANRYUSDT,0.00574,0.006144,7.0383,1774053688981
gate,bybit,VANRYUSDT,0.00574,0.006144,7.0383,1774053689282
gate,bybit,VANRYUSDT,0.00574,0.006144,7.0383,1774053689582
gate,bybit,VANRYUSDT,0.00574,0.006144,7.0383,1774053689882
gate,bybit,VANRYUSDT,0.00574,0.006144,7.0383,1774053690182
gate,bybit,VANRYUSDT,0.00574,0.006144,7.0383,1774053690482
gate,bybit,VANRYUSDT,0.00574,0.006144,7.0383,1774053690782
gate,bybit,VANRYUSDT,0.00574,0.006144,7.0383,1774053691083
gate,bybit,VANRYUSDT,0.00574,0.006144,7.0383,1774053691384
gate,bybit,VANRYUSDT,0.00574,0.006144,7.0383,1774053691684
gate,bybit,VANRYUSDT,0.00574,0.006144,7.0383,1774053691984
gate,bybit,VANRYUSDT,0.00574,0.006144,7.0383,1774053692284
gate,bybit,VANRYUSDT,0.00574,0.006144,7.0383,1774053692585
gate,bybit,VANRYUSDT,0.00574,0.006144,7.0383,1774053692887
gate,bybit,VANRYUSDT,0.00574,0.006144,7.0383,1774053693187
gate,bybit,VANRYUSDT,0.00574,0.006144,7.0383,1774053693493
gate,bybit,VANRYUSDT,0.00574,0.006144,7.0383,1774053693794
gate,bybit,VANRYUSDT,0.00574,0.006144,7.0383,1774053694094
gate,bybit,VANRYUSDT,0.00574,0.006144,7.0383,1774053694394
gate,bybit,VANRYUSDT,0.00574,0.006144,7.0383,1774053694694
gate,bybit,VANRYUSDT,0.00574,0.006144,7.0383,1774053695017
gate,bybit,VANRYUSDT,0.00574,0.006143,7.0209,1774053695325
gate,bybit,VANRYUSDT,0.005739,0.006143,7.0396,1774053695640
gate,bybit,VANRYUSDT,0.005739,0.006143,7.0396,1774053695950
gate,bybit,VANRYUSDT,0.005739,0.006143,7.0396,1774053696259
gate,bybit,VANRYUSDT,0.005739,0.006143,7.0396,1774053696567
gate,bybit,VANRYUSDT,0.005739,0.006143,7.0396,1774053696876
gate,bybit,VANRYUSDT,0.005739,0.006143,7.0396,1774053697186
gate,bybit,VANRYUSDT,0.005739,0.006143,7.0396,1774053697497
gate,bybit,VANRYUSDT,0.005736,0.006143,7.0955,1774053697806
gate,bybit,VANRYUSDT,0.005736,0.006143,7.0955,1774053698120
gate,bybit,VANRYUSDT,0.005736,0.006143,7.0955,1774053698431
gate,bybit,VANRYUSDT,0.005736,0.006141,7.0607,1774053698742
gate,bybit,VANRYUSDT,0.005736,0.006141,7.0607,1774053699056
gate,bybit,VANRYUSDT,0.005735,0.006141,7.0793,1774053699383
gate,bybit,VANRYUSDT,0.005735,0.006141,7.0793,1774053699698
gate,bybit,VANRYUSDT,0.005736,0.006141,7.0607,1774053700008
gate,bybit,VANRYUSDT,0.005736,0.006141,7.0607,1774053700315
gate,bybit,VANRYUSDT,0.005736,0.006141,7.0607,1774053700625
gate,bybit,VANRYUSDT,0.005736,0.006141,7.0607,1774053700941
gate,bybit,VANRYUSDT,0.005737,0.006141,7.042,1774053701259
gate,bybit,VANRYUSDT,0.005737,0.006141,7.042,1774053701577
gate,bybit,VANRYUSDT,0.005737,0.006141,7.042,1774053701917
gate,bybit,VANRYUSDT,0.005737,0.006141,7.042,1774053702232
gate,bybit,VANRYUSDT,0.005737,0.006141,7.042,1774053702542
gate,bybit,VANRYUSDT,0.005737,0.006141,7.042,1774053702853
gate,bybit,VANRYUSDT,0.005737,0.006141,7.042,1774053703162
gate,bybit,VANRYUSDT,0.005738,0.006141,7.0234,1774053703473
gate,bybit,VANRYUSDT,0.005738,0.006141,7.0234,1774053703789
gate,bybit,VANRYUSDT,0.005738,0.006141,7.0234,1774053704101
gate,bybit,VANRYUSDT,0.005738,0.006142,7.0408,1774053704412
gate,bybit,VANRYUSDT,0.005738,0.006142,7.0408,1774053704724
gate,bybit,VANRYUSDT,0.005738,0.006142,7.0408,1774053705034
gate,bybit,VANRYUSDT,0.005738,0.006142,7.0408,1774053705351
gate,bybit,VANRYUSDT,0.005739,0.006142,7.0221,1774053705664
gate,bybit,VANRYUSDT,0.005739,0.006142,7.0221,1774053705976
gate,bybit,VANRYUSDT,0.00574,0.006142,7.0035,1774053706289
gate,bybit,VANRYUSDT,0.005741,0.006142,6.9848,1774053706604
gate,bybit,VANRYUSDT,0.005742,0.006142,6.9662,1774053706916
gate,bybit,VANRYUSDT,0.005741,0.006142,6.9848,1774053707232
gate,bybit,VANRYUSDT,0.005743,0.006142,6.9476,1774053707545
gate,bybit,VANRYUSDT,0.005742,0.006142,6.9662,1774053707856
gate,bybit,VANRYUSDT,0.005742,0.006142,6.9662,1774053708180
gate,bybit,VANRYUSDT,0.005743,0.006142,6.9476,1774053708485
gate,bybit,VANRYUSDT,0.005743,0.006142,6.9476,1774053708792
gate,bybit,VANRYUSDT,0.005743,0.006142,6.9476,1774053709097
gate,bybit,VANRYUSDT,0.005743,0.006142,6.9476,1774053709402
gate,bybit,VANRYUSDT,0.005743,0.006142,6.9476,1774053709729
gate,bybit,VANRYUSDT,0.005743,0.006142,6.9476,1774053710041
gate,bybit,VANRYUSDT,0.005743,0.006142,6.9476,1774053710349
gate,bybit,VANRYUSDT,0.005743,0.006142,6.9476,1774053710656
gate,bybit,VANRYUSDT,0.005743,0.006142,6.9476,1774053710962
gate,bybit,VANRYUSDT,0.005743,0.006142,6.9476,1774053711295
gate,bybit,VANRYUSDT,0.005743,0.006142,6.9476,1774053711601
gate,bybit,VANRYUSDT,0.005743,0.006142,6.9476,1774053711907
gate,bybit,VANRYUSDT,0.005743,0.006142,6.9476,1774053712217
gate,bybit,VANRYUSDT,0.005743,0.006142,6.9476,1774053712526
gate,bybit,VANRYUSDT,0.005743,0.006142,6.9476,1774053712837
gate,bybit,VANRYUSDT,0.005743,0.006142,6.9476,1774053713149
gate,bybit,VANRYUSDT,0.005743,0.006142,6.9476,1774053713457
gate,bybit,VANRYUSDT,0.005744,0.006143,6.9464,1774053713765
gate,bybit,VANRYUSDT,0.005744,0.006143,6.9464,1774053714072
gate,bybit,VANRYUSDT,0.005744,0.006143,6.9464,1774053714385
gate,bybit,VANRYUSDT,0.005744,0.006143,6.9464,1774053714692
gate,bybit,VANRYUSDT,0.005744,0.006143,6.9464,1774053714998
gate,bybit,VANRYUSDT,0.005744,0.006143,6.9464,1774053715308
gate,bybit,VANRYUSDT,0.005744,0.006143,6.9464,1774053715616
gate,bybit,VANRYUSDT,0.005744,0.006143,6.9464,1774053715927
gate,bybit,VANRYUSDT,0.005744,0.006143,6.9464,1774053716236
gate,bybit,VANRYUSDT,0.005744,0.006143,6.9464,1774053716542
gate,bybit,VANRYUSDT,0.005744,0.006143,6.9464,1774053716850
gate,bybit,VANRYUSDT,0.005744,0.006143,6.9464,1774053717158
gate,bybit,VANRYUSDT,0.005744,0.006143,6.9464,1774053717484
gate,bybit,VANRYUSDT,0.005744,0.006143,6.9464,1774053717791
gate,bybit,VANRYUSDT,0.005744,0.006143,6.9464,1774053718099
gate,bybit,VANRYUSDT,0.005744,0.006143,6.9464,1774053718407
gate,bybit,VANRYUSDT,0.005744,0.006143,6.9464,1774053718717
gate,bybit,VANRYUSDT,0.005744,0.006143,6.9464,1774053719032
gate,bybit,VANRYUSDT,0.005743,0.006143,6.965,1774053719339
gate,bybit,VANRYUSDT,0.005743,0.006143,6.965,1774053719642
gate,bybit,VANRYUSDT,0.005743,0.006143,6.965,1774053719945
gate,bybit,VANRYUSDT,0.005743,0.006143,6.965,1774053720263
gate,bybit,VANRYUSDT,0.005743,0.006143,6.965,1774053720570
gate,bybit,VANRYUSDT,0.005744,0.006143,6.9464,1774053720881
gate,bybit,VANRYUSDT,0.005744,0.006143,6.9464,1774053721189
gate,bybit,VANRYUSDT,0.005744,0.006143,6.9464,1774053721499
gate,bybit,VANRYUSDT,0.005744,0.006143,6.9464,1774053721809
gate,bybit,VANRYUSDT,0.005744,0.006143,6.9464,1774053722119
gate,bybit,VANRYUSDT,0.005745,0.006146,6.98,1774053722429
gate,bybit,VANRYUSDT,0.005745,0.006146,6.98,1774053722739
gate,bybit,VANRYUSDT,0.005745,0.006146,6.98,1774053723049
gate,bybit,VANRYUSDT,0.005745,0.006146,6.98,1774053723360
gate,bybit,VANRYUSDT,0.005745,0.006146,6.98,1774053723671
gate,bybit,VANRYUSDT,0.005745,0.006146,6.98,1774053723984
gate,bybit,VANRYUSDT,0.005745,0.006146,6.98,1774053724300
gate,bybit,VANRYUSDT,0.005745,0.006146,6.98,1774053724631
gate,bybit,VANRYUSDT,0.005745,0.006146,6.98,1774053724943
gate,bybit,VANRYUSDT,0.005745,0.006146,6.98,1774053725250
gate,bybit,VANRYUSDT,0.005745,0.006146,6.98,1774053725558
gate,bybit,VANRYUSDT,0.005745,0.006146,6.98,1774053725863
gate,bybit,VANRYUSDT,0.005745,0.006146,6.98,1774053726164
gate,bybit,VANRYUSDT,0.005745,0.006146,6.98,1774053726464
gate,bybit,VANRYUSDT,0.005745,0.006146,6.98,1774053726764
gate,bybit,VANRYUSDT,0.005745,0.006146,6.98,1774053727064
gate,bybit,VANRYUSDT,0.005745,0.006146,6.98,1774053727366
gate,bybit,VANRYUSDT,0.005745,0.006146,6.98,1774053727668
gate,bybit,VANRYUSDT,0.005745,0.006146,6.98,1774053727968
gate,bybit,VANRYUSDT,0.005745,0.006146,6.98,1774053728274
gate,bybit,VANRYUSDT,0.005745,0.006146,6.98,1774053728574
gate,bybit,VANRYUSDT,0.005745,0.006146,6.98,1774053728874
gate,bybit,VANRYUSDT,0.005745,0.006146,6.98,1774053729179
gate,bybit,VANRYUSDT,0.005745,0.006146,6.98,1774053729480
gate,bybit,VANRYUSDT,0.005745,0.006146,6.98,1774053729780
gate,bybit,VANRYUSDT,0.005745,0.006146,6.98,1774053730080
gate,bybit,VANRYUSDT,0.005745,0.006146,6.98,1774053730381
gate,bybit,VANRYUSDT,0.005745,0.006146,6.98,1774053730681
gate,bybit,VANRYUSDT,0.005745,0.006146,6.98,1774053730981
gate,bybit,VANRYUSDT,0.005745,0.006146,6.98,1774053731282
gate,bybit,VANRYUSDT,0.005745,0.006146,6.98,1774053731583
gate,bybit,VANRYUSDT,0.005745,0.006146,6.98,1774053731883
gate,bybit,VANRYUSDT,0.005745,0.006146,6.98,1774053732184
gate,bybit,VANRYUSDT,0.005745,0.006146,6.98,1774053732484
gate,bybit,VANRYUSDT,0.005745,0.006146,6.98,1774053732784
gate,bybit,VANRYUSDT,0.005745,0.006146,6.98,1774053733084
gate,bybit,VANRYUSDT,0.005745,0.006146,6.98,1774053733384
gate,bybit,VANRYUSDT,0.005745,0.006146,6.98,1774053733684
gate,bybit,VANRYUSDT,0.005745,0.006146,6.98,1774053733984
gate,bybit,VANRYUSDT,0.005743,0.006145,6.9998,1774053734285
gate,bybit,VANRYUSDT,0.005743,0.006145,6.9998,1774053734585
gate,bybit,VANRYUSDT,0.005743,0.006145,6.9998,1774053734885
gate,bybit,VANRYUSDT,0.005743,0.006145,6.9998,1774053735186
gate,bybit,VANRYUSDT,0.005744,0.006145,6.9812,1774053735487
gate,bybit,VANRYUSDT,0.005744,0.006145,6.9812,1774053735787
gate,bybit,VANRYUSDT,0.005744,0.006145,6.9812,1774053736088
gate,bybit,VANRYUSDT,0.005744,0.006145,6.9812,1774053736388
gate,bybit,VANRYUSDT,0.005744,0.006145,6.9812,1774053736688
gate,bybit,VANRYUSDT,0.005744,0.006145,6.9812,1774053736989
gate,bybit,VANRYUSDT,0.005744,0.006145,6.9812,1774053737289
gate,bybit,VANRYUSDT,0.005744,0.006145,6.9812,1774053737589
gate,bybit,VANRYUSDT,0.005744,0.006145,6.9812,1774053737889
gate,bybit,VANRYUSDT,0.005744,0.006145,6.9812,1774053738189
gate,bybit,VANRYUSDT,0.005744,0.006145,6.9812,1774053738489
gate,bybit,VANRYUSDT,0.005744,0.006145,6.9812,1774053738790
gate,bybit,VANRYUSDT,0.005744,0.006145,6.9812,1774053739090
gate,bybit,VANRYUSDT,0.005744,0.006145,6.9812,1774053739390
gate,bybit,VANRYUSDT,0.005745,0.006146,6.98,1774053739702
gate,bybit,VANRYUSDT,0.005745,0.006148,7.0148,1774053740008
gate,bybit,VANRYUSDT,0.005745,0.006148,7.0148,1774053740321
gate,bybit,VANRYUSDT,0.005745,0.006148,7.0148,1774053740635
gate,bybit,VANRYUSDT,0.005745,0.006148,7.0148,1774053740948
gate,bybit,VANRYUSDT,0.005745,0.006147,6.9974,1774053741258
gate,bybit,VANRYUSDT,0.005745,0.006147,6.9974,1774053741565
gate,bybit,VANRYUSDT,0.005745,0.006147,6.9974,1774053741865
gate,bybit,VANRYUSDT,0.005745,0.006147,6.9974,1774053742171
gate,bybit,VANRYUSDT,0.005745,0.006147,6.9974,1774053742471
gate,bybit,VANRYUSDT,0.005745,0.006148,7.0148,1774053742772
gate,bybit,VANRYUSDT,0.005745,0.006148,7.0148,1774053743073
gate,bybit,VANRYUSDT,0.005745,0.006148,7.0148,1774053743374
gate,bybit,VANRYUSDT,0.005745,0.006148,7.0148,1774053743674
gate,bybit,VANRYUSDT,0.005745,0.006148,7.0148,1774053743974
gate,bybit,VANRYUSDT,0.005745,0.006148,7.0148,1774053744275
gate,bybit,VANRYUSDT,0.005745,0.006148,7.0148,1774053744575
gate,bybit,VANRYUSDT,0.005745,0.006148,7.0148,1774053744876
gate,bybit,VANRYUSDT,0.005745,0.006148,7.0148,1774053745176
gate,bybit,VANRYUSDT,0.005745,0.006148,7.0148,1774053745476
gate,bybit,VANRYUSDT,0.005745,0.006148,7.0148,1774053745779
gate,bybit,VANRYUSDT,0.005745,0.006148,7.0148,1774053746080
gate,bybit,VANRYUSDT,0.005745,0.006148,7.0148,1774053746380
gate,bybit,VANRYUSDT,0.005745,0.006148,7.0148,1774053746680
gate,bybit,VANRYUSDT,0.005745,0.006148,7.0148,1774053746980
gate,bybit,VANRYUSDT,0.005745,0.006148,7.0148,1774053747280
gate,bybit,VANRYUSDT,0.005745,0.006148,7.0148,1774053747580
gate,bybit,VANRYUSDT,0.005745,0.006148,7.0148,1774053747881
gate,bybit,VANRYUSDT,0.005745,0.006148,7.0148,1774053748181
gate,bybit,VANRYUSDT,0.005745,0.006148,7.0148,1774053748482
gate,bybit,VANRYUSDT,0.005745,0.006148,7.0148,1774053748782
gate,bybit,VANRYUSDT,0.005745,0.006148,7.0148,1774053749082
gate,bybit,VANRYUSDT,0.005745,0.006148,7.0148,1774053749382
gate,bybit,VANRYUSDT,0.005745,0.006148,7.0148,1774053749683
gate,bybit,VANRYUSDT,0.005745,0.006148,7.0148,1774053749983
gate,bybit,VANRYUSDT,0.005745,0.006148,7.0148,1774053750283
gate,bybit,VANRYUSDT,0.005745,0.006148,7.0148,1774053750583
gate,bybit,VANRYUSDT,0.005745,0.006148,7.0148,1774053750893
gate,bybit,VANRYUSDT,0.005745,0.006148,7.0148,1774053751194
gate,bybit,VANRYUSDT,0.005745,0.006148,7.0148,1774053751494
gate,bybit,VANRYUSDT,0.005745,0.006148,7.0148,1774053751794
gate,bybit,VANRYUSDT,0.005745,0.006148,7.0148,1774053752094
gate,bybit,VANRYUSDT,0.005745,0.006148,7.0148,1774053752394
gate,bybit,VANRYUSDT,0.005745,0.006148,7.0148,1774053752705
gate,bybit,VANRYUSDT,0.005745,0.006148,7.0148,1774053753014
gate,bybit,VANRYUSDT,0.005745,0.006148,7.0148,1774053753324
gate,bybit,VANRYUSDT,0.005745,0.006148,7.0148,1774053753631
gate,bybit,VANRYUSDT,0.005745,0.006148,7.0148,1774053753947
gate,bybit,VANRYUSDT,0.005745,0.006148,7.0148,1774053754250
gate,bybit,VANRYUSDT,0.005745,0.006148,7.0148,1774053754550
gate,bybit,VANRYUSDT,0.005745,0.006148,7.0148,1774053754850
gate,bybit,VANRYUSDT,0.005745,0.006148,7.0148,1774053755158
gate,bybit,VANRYUSDT,0.005745,0.006148,7.0148,1774053755458
gate,bybit,VANRYUSDT,0.005745,0.006148,7.0148,1774053755758
gate,bybit,VANRYUSDT,0.005745,0.006148,7.0148,1774053756058
gate,bybit,VANRYUSDT,0.005745,0.006148,7.0148,1774053756359
gate,bybit,VANRYUSDT,0.005745,0.006148,7.0148,1774053756659
gate,bybit,VANRYUSDT,0.005745,0.006148,7.0148,1774053756959
gate,bybit,VANRYUSDT,0.005745,0.006148,7.0148,1774053757259
gate,bybit,VANRYUSDT,0.005745,0.006148,7.0148,1774053757561
gate,bybit,VANRYUSDT,0.005745,0.006148,7.0148,1774053757861
gate,bybit,VANRYUSDT,0.005745,0.006148,7.0148,1774053758161
gate,bybit,VANRYUSDT,0.005745,0.006148,7.0148,1774053758462
gate,bybit,VANRYUSDT,0.005745,0.006148,7.0148,1774053758762
gate,bybit,VANRYUSDT,0.005745,0.006148,7.0148,1774053759065
gate,bybit,VANRYUSDT,0.005745,0.006148,7.0148,1774053759367
gate,bybit,VANRYUSDT,0.005745,0.006148,7.0148,1774053759667
gate,bybit,VANRYUSDT,0.005745,0.006148,7.0148,1774053759967
gate,bybit,VANRYUSDT,0.005745,0.006148,7.0148,1774053760267
gate,bybit,VANRYUSDT,0.005745,0.006148,7.0148,1774053760567
gate,bybit,VANRYUSDT,0.005745,0.006148,7.0148,1774053760870
gate,bybit,VANRYUSDT,0.005745,0.006148,7.0148,1774053761182
gate,bybit,VANRYUSDT,0.005745,0.006148,7.0148,1774053761484
gate,bybit,VANRYUSDT,0.005745,0.006148,7.0148,1774053761784
gate,bybit,VANRYUSDT,0.005745,0.006148,7.0148,1774053762084
gate,bybit,VANRYUSDT,0.005745,0.006148,7.0148,1774053762384
gate,bybit,VANRYUSDT,0.005745,0.006148,7.0148,1774053762684
gate,bybit,VANRYUSDT,0.005745,0.006148,7.0148,1774053762985
gate,bybit,VANRYUSDT,0.005745,0.006148,7.0148,1774053763285
gate,bybit,VANRYUSDT,0.005745,0.006148,7.0148,1774053763598
gate,bybit,VANRYUSDT,0.005745,0.006148,7.0148,1774053763905
gate,bybit,VANRYUSDT,0.005745,0.006148,7.0148,1774053764211
gate,bybit,VANRYUSDT,0.005745,0.006148,7.0148,1774053764515
gate,bybit,VANRYUSDT,0.005745,0.006148,7.0148,1774053764822
gate,bybit,VANRYUSDT,0.005745,0.006148,7.0148,1774053765133
gate,bybit,VANRYUSDT,0.005745,0.006148,7.0148,1774053765437
gate,bybit,VANRYUSDT,0.005745,0.006148,7.0148,1774053765740
gate,bybit,VANRYUSDT,0.005745,0.006148,7.0148,1774053766041
gate,bybit,VANRYUSDT,0.005745,0.006148,7.0148,1774053766342
gate,bybit,VANRYUSDT,0.005745,0.006148,7.0148,1774053766642
gate,bybit,VANRYUSDT,0.005746,0.006148,6.9962,1774053766942
gate,bybit,VANRYUSDT,0.005746,0.006148,6.9962,1774053767260
gate,bybit,VANRYUSDT,0.005746,0.006149,7.0136,1774053767572
gate,bybit,VANRYUSDT,0.005746,0.006153,7.0832,1774053767884
gate,bybit,VANRYUSDT,0.005747,0.006153,7.0646,1774053768196
gate,bybit,VANRYUSDT,0.005747,0.006153,7.0646,1774053768505
gate,bybit,VANRYUSDT,0.005747,0.006153,7.0646,1774053768821
gate,bybit,VANRYUSDT,0.005749,0.006153,7.0273,1774053769157
gate,bybit,VANRYUSDT,0.005749,0.006153,7.0273,1774053769463
gate,bybit,VANRYUSDT,0.005749,0.006153,7.0273,1774053769780
gate,bybit,VANRYUSDT,0.005749,0.006153,7.0273,1774053770093
gate,bybit,VANRYUSDT,0.00575,0.006153,7.0087,1774053770399
gate,bybit,VANRYUSDT,0.005751,0.006153,6.9901,1774053770711
gate,bybit,VANRYUSDT,0.00575,0.006153,7.0087,1774053771024
gate,bybit,VANRYUSDT,0.00575,0.006153,7.0087,1774053771341
gate,bybit,VANRYUSDT,0.005751,0.006153,6.9901,1774053771658
gate,bybit,VANRYUSDT,0.005751,0.006153,6.9901,1774053771965
gate,bybit,VANRYUSDT,0.005751,0.006153,6.9901,1774053772276
gate,bybit,VANRYUSDT,0.005751,0.006153,6.9901,1774053772586
gate,bybit,VANRYUSDT,0.005751,0.006153,6.9901,1774053772890
gate,bybit,VANRYUSDT,0.005751,0.006153,6.9901,1774053773195
gate,bybit,VANRYUSDT,0.005751,0.006153,6.9901,1774053773503
gate,bybit,VANRYUSDT,0.005751,0.006153,6.9901,1774053773815
gate,bybit,VANRYUSDT,0.005751,0.006153,6.9901,1774053774125
gate,bybit,VANRYUSDT,0.005751,0.006153,6.9901,1774053774438
gate,bybit,VANRYUSDT,0.005751,0.006153,6.9901,1774053774746
gate,bybit,VANRYUSDT,0.005751,0.006153,6.9901,1774053775069
gate,bybit,VANRYUSDT,0.005751,0.006153,6.9901,1774053775390
gate,bybit,VANRYUSDT,0.005752,0.006153,6.9715,1774053775697
gate,bybit,VANRYUSDT,0.005752,0.006153,6.9715,1774053776005
gate,bybit,VANRYUSDT,0.005753,0.006154,6.9703,1774053776318
gate,bybit,VANRYUSDT,0.005753,0.006154,6.9703,1774053776630
gate,bybit,VANRYUSDT,0.005753,0.006154,6.9703,1774053776948
gate,bybit,VANRYUSDT,0.005753,0.006154,6.9703,1774053777256
gate,bybit,VANRYUSDT,0.005753,0.006154,6.9703,1774053777571
gate,bybit,VANRYUSDT,0.005753,0.006154,6.9703,1774053777876
gate,bybit,VANRYUSDT,0.005753,0.006154,6.9703,1774053778194
gate,bybit,VANRYUSDT,0.005753,0.006154,6.9703,1774053778494
gate,bybit,VANRYUSDT,0.005743,0.006143,6.965,1774053778795
gate,bybit,VANRYUSDT,0.005743,0.006143,6.965,1774053779096
gate,bybit,VANRYUSDT,0.005743,0.006143,6.965,1774053779403
gate,bybit,VANRYUSDT,0.005743,0.006143,6.965,1774053779716
gate,bybit,VANRYUSDT,0.005744,0.006143,6.9464,1774053780029
gate,bybit,VANRYUSDT,0.005744,0.006143,6.9464,1774053780342
gate,bybit,VANRYUSDT,0.005746,0.006144,6.9266,1774053780656
gate,bybit,VANRYUSDT,0.005747,0.006145,6.9254,1774053780967
gate,bybit,VANRYUSDT,0.005746,0.006145,6.944,1774053781279
gate,bybit,VANRYUSDT,0.005746,0.006145,6.944,1774053781594
gate,bybit,VANRYUSDT,0.005746,0.006145,6.944,1774053781899
gate,bybit,VANRYUSDT,0.005746,0.006145,6.944,1774053782210
gate,bybit,VANRYUSDT,0.005746,0.006145,6.944,1774053782523
gate,bybit,VANRYUSDT,0.005745,0.006144,6.9452,1774053782830
gate,bybit,VANRYUSDT,0.005745,0.006144,6.9452,1774053783144
gate,bybit,VANRYUSDT,0.005745,0.006144,6.9452,1774053783444
gate,bybit,VANRYUSDT,0.005745,0.006144,6.9452,1774053783744
gate,bybit,VANRYUSDT,0.005745,0.006144,6.9452,1774053784047
gate,bybit,VANRYUSDT,0.005745,0.006144,6.9452,1774053784347
gate,bybit,VANRYUSDT,0.005745,0.006144,6.9452,1774053784648
gate,bybit,VANRYUSDT,0.005745,0.006144,6.9452,1774053784948
gate,bybit,VANRYUSDT,0.005745,0.006144,6.9452,1774053785252
gate,bybit,VANRYUSDT,0.005745,0.006144,6.9452,1774053785553
gate,bybit,VANRYUSDT,0.005745,0.006144,6.9452,1774053785853
gate,bybit,VANRYUSDT,0.005745,0.006144,6.9452,1774053786153
gate,bybit,VANRYUSDT,0.005745,0.006144,6.9452,1774053786453
gate,bybit,VANRYUSDT,0.005745,0.006144,6.9452,1774053786753
gate,bybit,VANRYUSDT,0.005745,0.006143,6.9278,1774053787054
gate,bybit,VANRYUSDT,0.005745,0.006143,6.9278,1774053787354
gate,bybit,VANRYUSDT,0.005745,0.006143,6.9278,1774053787655
gate,bybit,VANRYUSDT,0.005745,0.006143,6.9278,1774053787955
gate,bybit,VANRYUSDT,0.005745,0.006143,6.9278,1774053788255
gate,bybit,VANRYUSDT,0.005745,0.006143,6.9278,1774053788558
gate,bybit,VANRYUSDT,0.005743,0.006143,6.965,1774053788858
gate,bybit,VANRYUSDT,0.005744,0.006143,6.9464,1774053789158
gate,bybit,VANRYUSDT,0.005744,0.006143,6.9464,1774053789459
gate,bybit,VANRYUSDT,0.005744,0.006143,6.9464,1774053789766
gate,bybit,VANRYUSDT,0.005744,0.006143,6.9464,1774053790078
gate,bybit,VANRYUSDT,0.005744,0.006143,6.9464,1774053790390
gate,bybit,VANRYUSDT,0.005744,0.006143,6.9464,1774053790701
gate,bybit,VANRYUSDT,0.005744,0.006143,6.9464,1774053791006
gate,bybit,VANRYUSDT,0.005744,0.006143,6.9464,1774053791314
gate,bybit,VANRYUSDT,0.005744,0.006143,6.9464,1774053791617
gate,bybit,VANRYUSDT,0.005744,0.006143,6.9464,1774053791919
gate,bybit,VANRYUSDT,0.005744,0.006143,6.9464,1774053792232
gate,bybit,VANRYUSDT,0.005744,0.006143,6.9464,1774053792541
gate,bybit,VANRYUSDT,0.005744,0.006143,6.9464,1774053792850
gate,bybit,VANRYUSDT,0.005744,0.006143,6.9464,1774053793159
gate,bybit,VANRYUSDT,0.005744,0.006143,6.9464,1774053793461
gate,bybit,VANRYUSDT,0.005744,0.006143,6.9464,1774053793762
gate,bybit,VANRYUSDT,0.005744,0.006143,6.9464,1774053794062
gate,bybit,VANRYUSDT,0.005744,0.006143,6.9464,1774053794363
gate,bybit,VANRYUSDT,0.005744,0.006143,6.9464,1774053794663
gate,bybit,VANRYUSDT,0.005744,0.006143,6.9464,1774053794964
gate,bybit,VANRYUSDT,0.005744,0.006143,6.9464,1774053795266
gate,bybit,VANRYUSDT,0.005744,0.006143,6.9464,1774053795566
gate,bybit,VANRYUSDT,0.005744,0.006143,6.9464,1774053795866
gate,bybit,VANRYUSDT,0.005744,0.006143,6.9464,1774053796166
gate,bybit,VANRYUSDT,0.005744,0.006143,6.9464,1774053796466
gate,bybit,VANRYUSDT,0.005744,0.006143,6.9464,1774053796767
gate,bybit,VANRYUSDT,0.005744,0.006143,6.9464,1774053797067
gate,bybit,VANRYUSDT,0.005744,0.006143,6.9464,1774053797367
gate,bybit,VANRYUSDT,0.005744,0.006143,6.9464,1774053797667
gate,bybit,VANRYUSDT,0.005744,0.006143,6.9464,1774053797967
gate,bybit,VANRYUSDT,0.005744,0.006143,6.9464,1774053798267
gate,bybit,VANRYUSDT,0.005744,0.006143,6.9464,1774053798567
gate,bybit,VANRYUSDT,0.005744,0.006143,6.9464,1774053798868
gate,bybit,VANRYUSDT,0.005744,0.006143,6.9464,1774053799168
gate,bybit,VANRYUSDT,0.005744,0.006143,6.9464,1774053799468
gate,bybit,VANRYUSDT,0.005744,0.006143,6.9464,1774053799768
gate,bybit,VANRYUSDT,0.005744,0.006143,6.9464,1774053800068
gate,bybit,VANRYUSDT,0.005744,0.006143,6.9464,1774053800368
gate,bybit,VANRYUSDT,0.005744,0.006143,6.9464,1774053800669
gate,bybit,VANRYUSDT,0.005744,0.006143,6.9464,1774053800980
gate,bybit,VANRYUSDT,0.005745,0.006143,6.9278,1774053801296
gate,bybit,VANRYUSDT,0.005745,0.006143,6.9278,1774053801604
gate,bybit,VANRYUSDT,0.005745,0.006143,6.9278,1774053801908
gate,bybit,VANRYUSDT,0.005745,0.006143,6.9278,1774053802209
gate,bybit,VANRYUSDT,0.005745,0.006143,6.9278,1774053802511
gate,bybit,VANRYUSDT,0.005744,0.006143,6.9464,1774053802815
gate,bybit,VANRYUSDT,0.005744,0.006143,6.9464,1774053803116
gate,bybit,VANRYUSDT,0.005744,0.006143,6.9464,1774053803419
gate,bybit,VANRYUSDT,0.005744,0.006143,6.9464,1774053803723
gate,bybit,VANRYUSDT,0.005744,0.006143,6.9464,1774053804026
gate,bybit,VANRYUSDT,0.005744,0.006143,6.9464,1774053804331
gate,bybit,VANRYUSDT,0.005744,0.006143,6.9464,1774053804633
gate,bybit,VANRYUSDT,0.005744,0.006143,6.9464,1774053804934
gate,bybit,VANRYUSDT,0.005744,0.006143,6.9464,1774053805235
gate,bybit,VANRYUSDT,0.005744,0.006143,6.9464,1774053805535
gate,bybit,VANRYUSDT,0.005744,0.006143,6.9464,1774053805835
gate,bybit,VANRYUSDT,0.005744,0.006143,6.9464,1774053806146
gate,bybit,VANRYUSDT,0.005744,0.006143,6.9464,1774053806449
gate,bybit,VANRYUSDT,0.005744,0.006143,6.9464,1774053806749
gate,bybit,VANRYUSDT,0.005744,0.006143,6.9464,1774053807049
gate,bybit,VANRYUSDT,0.005744,0.006143,6.9464,1774053807350
gate,bybit,VANRYUSDT,0.005744,0.006143,6.9464,1774053807650
gate,bybit,VANRYUSDT,0.005744,0.006143,6.9464,1774053807950
gate,bybit,VANRYUSDT,0.005744,0.006143,6.9464,1774053808250
gate,bybit,VANRYUSDT,0.005744,0.006143,6.9464,1774053808550
gate,bybit,VANRYUSDT,0.005744,0.006143,6.9464,1774053808864
gate,bybit,VANRYUSDT,0.005744,0.006143,6.9464,1774053809177
gate,bybit,VANRYUSDT,0.005744,0.006143,6.9464,1774053809491
gate,bybit,VANRYUSDT,0.005744,0.006143,6.9464,1774053809796
gate,bybit,VANRYUSDT,0.005744,0.006143,6.9464,1774053810098
gate,bybit,VANRYUSDT,0.005744,0.006143,6.9464,1774053810402
gate,bybit,VANRYUSDT,0.005744,0.006143,6.9464,1774053810708
gate,bybit,VANRYUSDT,0.005744,0.006143,6.9464,1774053811008
gate,bybit,VANRYUSDT,0.005744,0.006143,6.9464,1774053811309
gate,bybit,VANRYUSDT,0.005744,0.006143,6.9464,1774053811609
gate,bybit,VANRYUSDT,0.005744,0.006143,6.9464,1774053811909
gate,bybit,VANRYUSDT,0.005744,0.006143,6.9464,1774053812209
gate,bybit,VANRYUSDT,0.005744,0.006143,6.9464,1774053812511
gate,bybit,VANRYUSDT,0.005744,0.006143,6.9464,1774053812812
gate,bybit,VANRYUSDT,0.005744,0.006143,6.9464,1774053813119
gate,bybit,VANRYUSDT,0.005744,0.006143,6.9464,1774053813423
gate,bybit,VANRYUSDT,0.005744,0.006143,6.9464,1774053813728
gate,bybit,VANRYUSDT,0.005744,0.006143,6.9464,1774053814033
gate,bybit,VANRYUSDT,0.005744,0.006143,6.9464,1774053814344
gate,bybit,VANRYUSDT,0.005744,0.006143,6.9464,1774053814644
gate,bybit,VANRYUSDT,0.005744,0.006143,6.9464,1774053814945
gate,bybit,VANRYUSDT,0.005744,0.006143,6.9464,1774053815254
gate,bybit,VANRYUSDT,0.005744,0.006143,6.9464,1774053815555
gate,bybit,VANRYUSDT,0.005744,0.006143,6.9464,1774053815855
gate,bybit,VANRYUSDT,0.005744,0.006143,6.9464,1774053816155
gate,bybit,VANRYUSDT,0.005744,0.006143,6.9464,1774053816456
gate,bybit,VANRYUSDT,0.005744,0.006143,6.9464,1774053816757
gate,bybit,VANRYUSDT,0.005744,0.006143,6.9464,1774053817057
gate,bybit,VANRYUSDT,0.005744,0.006143,6.9464,1774053817358
gate,bybit,VANRYUSDT,0.005744,0.006143,6.9464,1774053817658
gate,bybit,VANRYUSDT,0.005744,0.006143,6.9464,1774053817958
gate,bybit,VANRYUSDT,0.005744,0.006143,6.9464,1774053818259
gate,bybit,VANRYUSDT,0.005744,0.006143,6.9464,1774053818559
gate,bybit,VANRYUSDT,0.005743,0.006143,6.965,1774053818859
gate,bybit,VANRYUSDT,0.005743,0.006143,6.965,1774053819159
gate,bybit,VANRYUSDT,0.005743,0.006143,6.965,1774053819459
gate,bybit,VANRYUSDT,0.005743,0.006143,6.965,1774053819761
gate,bybit,VANRYUSDT,0.005743,0.006143,6.965,1774053820061
gate,bybit,VANRYUSDT,0.005743,0.006143,6.965,1774053820361
gate,bybit,VANRYUSDT,0.005743,0.006143,6.965,1774053820662
gate,bybit,VANRYUSDT,0.005743,0.006143,6.965,1774053820967
gate,bybit,VANRYUSDT,0.005743,0.006143,6.965,1774053821282
gate,bybit,VANRYUSDT,0.005743,0.006143,6.965,1774053821592
gate,bybit,VANRYUSDT,0.005743,0.006143,6.965,1774053821894
gate,bybit,VANRYUSDT,0.005743,0.006143,6.965,1774053822194
gate,bybit,VANRYUSDT,0.005743,0.006143,6.965,1774053822494
gate,bybit,VANRYUSDT,0.005743,0.006143,6.965,1774053822794
gate,bybit,VANRYUSDT,0.005743,0.006143,6.965,1774053823095
gate,bybit,VANRYUSDT,0.005743,0.006143,6.965,1774053823395
gate,bybit,VANRYUSDT,0.005743,0.006143,6.965,1774053823695
gate,bybit,VANRYUSDT,0.005743,0.006143,6.965,1774053824002
gate,bybit,VANRYUSDT,0.005743,0.006143,6.965,1774053824308
gate,bybit,VANRYUSDT,0.005743,0.006143,6.965,1774053824609
gate,bybit,VANRYUSDT,0.005743,0.006143,6.965,1774053824909
gate,bybit,VANRYUSDT,0.005743,0.006143,6.965,1774053825211
gate,bybit,VANRYUSDT,0.005743,0.006143,6.965,1774053825513
gate,bybit,VANRYUSDT,0.005743,0.006143,6.965,1774053825814
gate,bybit,VANRYUSDT,0.005743,0.006143,6.965,1774053826117
gate,bybit,VANRYUSDT,0.005743,0.006143,6.965,1774053826419
gate,bybit,VANRYUSDT,0.005743,0.006143,6.965,1774053826719
gate,bybit,VANRYUSDT,0.005743,0.006143,6.965,1774053827021
gate,bybit,VANRYUSDT,0.005743,0.006143,6.965,1774053827324
gate,bybit,VANRYUSDT,0.005743,0.006143,6.965,1774053827628
gate,bybit,VANRYUSDT,0.005743,0.006143,6.965,1774053827928
gate,bybit,VANRYUSDT,0.005743,0.006143,6.965,1774053828233
gate,bybit,VANRYUSDT,0.005743,0.006143,6.965,1774053828533
gate,bybit,VANRYUSDT,0.005743,0.006143,6.965,1774053828833
gate,bybit,VANRYUSDT,0.005743,0.006143,6.965,1774053829135
gate,bybit,VANRYUSDT,0.005743,0.006143,6.965,1774053829436
gate,bybit,VANRYUSDT,0.005743,0.006143,6.965,1774053829736
gate,bybit,VANRYUSDT,0.005743,0.006143,6.965,1774053830036
gate,bybit,VANRYUSDT,0.005743,0.006143,6.965,1774053830336
gate,bybit,VANRYUSDT,0.005743,0.006143,6.965,1774053830636
gate,bybit,VANRYUSDT,0.005743,0.006143,6.965,1774053830936
gate,bybit,VANRYUSDT,0.005743,0.006143,6.965,1774053831237
gate,bybit,VANRYUSDT,0.005743,0.006143,6.965,1774053831538
gate,bybit,VANRYUSDT,0.005743,0.006143,6.965,1774053831838
gate,bybit,VANRYUSDT,0.005743,0.006143,6.965,1774053832140
gate,bybit,VANRYUSDT,0.005743,0.006143,6.965,1774053832444
gate,bybit,VANRYUSDT,0.005743,0.006143,6.965,1774053832760
gate,bybit,VANRYUSDT,0.005743,0.006143,6.965,1774053833060
gate,bybit,VANRYUSDT,0.005737,0.006131,6.8677,1774053833361
gate,bybit,VANRYUSDT,0.005735,0.006131,6.905,1774053833661
gate,bybit,VANRYUSDT,0.005735,0.006131,6.905,1774053833961
gate,bybit,VANRYUSDT,0.005735,0.006131,6.905,1774053834262
gate,bybit,VANRYUSDT,0.005735,0.006131,6.905,1774053834563
gate,bybit,VANRYUSDT,0.005735,0.006131,6.905,1774053834863
gate,bybit,VANRYUSDT,0.005735,0.006131,6.905,1774053835163
gate,bybit,VANRYUSDT,0.005735,0.006131,6.905,1774053835463
gate,bybit,VANRYUSDT,0.005735,0.006131,6.905,1774053835764
gate,bybit,VANRYUSDT,0.005735,0.006131,6.905,1774053836065
gate,bybit,VANRYUSDT,0.005735,0.006131,6.905,1774053836366
gate,bybit,VANRYUSDT,0.005735,0.006131,6.905,1774053836666
gate,bybit,VANRYUSDT,0.005735,0.006131,6.905,1774053836966
gate,bybit,VANRYUSDT,0.005735,0.006131,6.905,1774053837268
gate,bybit,VANRYUSDT,0.005735,0.006131,6.905,1774053837568
gate,bybit,VANRYUSDT,0.005735,0.006131,6.905,1774053837868
gate,bybit,VANRYUSDT,0.005735,0.006131,6.905,1774053838168
gate,bybit,VANRYUSDT,0.005735,0.006131,6.905,1774053838468
gate,bybit,VANRYUSDT,0.005735,0.006131,6.905,1774053838768
gate,bybit,VANRYUSDT,0.005735,0.006131,6.905,1774053839069
gate,bybit,VANRYUSDT,0.005735,0.006131,6.905,1774053839369
gate,bybit,VANRYUSDT,0.005735,0.006131,6.905,1774053839669
gate,bybit,VANRYUSDT,0.005735,0.006131,6.905,1774053839969
gate,bybit,VANRYUSDT,0.005735,0.006131,6.905,1774053840280
gate,bybit,VANRYUSDT,0.005735,0.006131,6.905,1774053840595
gate,bybit,VANRYUSDT,0.005736,0.006131,6.8863,1774053840907
gate,bybit,VANRYUSDT,0.005736,0.006132,6.9038,1774053841221
gate,bybit,VANRYUSDT,0.005737,0.006132,6.8851,1774053841533
gate,bybit,VANRYUSDT,0.005737,0.006132,6.8851,1774053841842
gate,bybit,VANRYUSDT,0.005737,0.006132,6.8851,1774053842152
gate,bybit,VANRYUSDT,0.005738,0.006132,6.8665,1774053842456
gate,bybit,VANRYUSDT,0.005738,0.006132,6.8665,1774053842756
gate,bybit,VANRYUSDT,0.005738,0.006132,6.8665,1774053843056
gate,bybit,VANRYUSDT,0.005738,0.006132,6.8665,1774053843357
gate,bybit,VANRYUSDT,0.005738,0.006132,6.8665,1774053843658
gate,bybit,VANRYUSDT,0.005737,0.006131,6.8677,1774053843958
gate,bybit,VANRYUSDT,0.005737,0.006131,6.8677,1774053844259
gate,bybit,VANRYUSDT,0.005739,0.006134,6.8827,1774053844559
gate,bybit,VANRYUSDT,0.005739,0.006134,6.8827,1774053844859
gate,bybit,VANRYUSDT,0.005739,0.006134,6.8827,1774053845166
gate,bybit,VANRYUSDT,0.005739,0.006134,6.8827,1774053845467
gate,bybit,VANRYUSDT,0.005739,0.006134,6.8827,1774053845768
gate,bybit,VANRYUSDT,0.005739,0.006134,6.8827,1774053846068
gate,bybit,VANRYUSDT,0.005739,0.006134,6.8827,1774053846371
gate,bybit,VANRYUSDT,0.005739,0.006134,6.8827,1774053846672
gate,bybit,VANRYUSDT,0.005739,0.006134,6.8827,1774053846972
gate,bybit,VANRYUSDT,0.005739,0.006134,6.8827,1774053847273
gate,bybit,VANRYUSDT,0.005739,0.006134,6.8827,1774053847573
gate,bybit,VANRYUSDT,0.005739,0.006134,6.8827,1774053847873
gate,bybit,VANRYUSDT,0.005739,0.006134,6.8827,1774053848173
gate,bybit,VANRYUSDT,0.005739,0.006134,6.8827,1774053848473
gate,bybit,VANRYUSDT,0.005739,0.006134,6.8827,1774053848773
gate,bybit,VANRYUSDT,0.005739,0.006134,6.8827,1774053849075
gate,bybit,VANRYUSDT,0.005739,0.006134,6.8827,1774053849376
gate,bybit,VANRYUSDT,0.005739,0.006134,6.8827,1774053849676
gate,bybit,VANRYUSDT,0.005739,0.006134,6.8827,1774053849976
gate,bybit,VANRYUSDT,0.005739,0.006134,6.8827,1774053850276
gate,bybit,VANRYUSDT,0.005738,0.006133,6.8839,1774053850576
gate,bybit,VANRYUSDT,0.005738,0.006133,6.8839,1774053850877
gate,bybit,VANRYUSDT,0.005737,0.006133,6.9026,1774053851177
gate,bybit,VANRYUSDT,0.005737,0.006133,6.9026,1774053851478
gate,bybit,VANRYUSDT,0.005738,0.006133,6.8839,1774053851779
gate,bybit,VANRYUSDT,0.005738,0.006133,6.8839,1774053852079
gate,bybit,VANRYUSDT,0.005738,0.006133,6.8839,1774053852379
gate,bybit,VANRYUSDT,0.005737,0.006133,6.9026,1774053852679
gate,bybit,VANRYUSDT,0.005737,0.006133,6.9026,1774053852979
gate,bybit,VANRYUSDT,0.005739,0.006133,6.8653,1774053853279
gate,bybit,VANRYUSDT,0.005739,0.006133,6.8653,1774053853593
gate,bybit,VANRYUSDT,0.005739,0.006133,6.8653,1774053853893
gate,bybit,VANRYUSDT,0.005739,0.006133,6.8653,1774053854193
gate,bybit,VANRYUSDT,0.005738,0.006133,6.8839,1774053854493
gate,bybit,VANRYUSDT,0.005738,0.006133,6.8839,1774053854793
gate,bybit,VANRYUSDT,0.005738,0.006133,6.8839,1774053855094
gate,bybit,VANRYUSDT,0.005738,0.006133,6.8839,1774053855395
gate,bybit,VANRYUSDT,0.005738,0.006133,6.8839,1774053855695
gate,bybit,VANRYUSDT,0.005738,0.006133,6.8839,1774053855996
gate,bybit,VANRYUSDT,0.005738,0.006133,6.8839,1774053856299
gate,bybit,VANRYUSDT,0.005738,0.006133,6.8839,1774053856602
gate,bybit,VANRYUSDT,0.005738,0.006133,6.8839,1774053856902
gate,bybit,VANRYUSDT,0.005738,0.006133,6.8839,1774053857206
gate,bybit,VANRYUSDT,0.005738,0.006133,6.8839,1774053857507
gate,bybit,VANRYUSDT,0.005738,0.006133,6.8839,1774053857807
gate,bybit,VANRYUSDT,0.005738,0.006133,6.8839,1774053858110
gate,bybit,VANRYUSDT,0.005738,0.006133,6.8839,1774053858410
gate,bybit,VANRYUSDT,0.005738,0.006133,6.8839,1774053858711
gate,bybit,VANRYUSDT,0.005738,0.006133,6.8839,1774053859013
gate,bybit,VANRYUSDT,0.005738,0.006133,6.8839,1774053859315
gate,bybit,VANRYUSDT,0.005738,0.006133,6.8839,1774053859616
gate,bybit,VANRYUSDT,0.005737,0.006133,6.9026,1774053859918
gate,bybit,VANRYUSDT,0.005737,0.006133,6.9026,1774053860220
gate,bybit,VANRYUSDT,0.005737,0.006133,6.9026,1774053860521
gate,bybit,VANRYUSDT,0.005737,0.006133,6.9026,1774053860822
gate,bybit,VANRYUSDT,0.005737,0.006133,6.9026,1774053861124
gate,bybit,VANRYUSDT,0.005737,0.006133,6.9026,1774053861428
gate,bybit,VANRYUSDT,0.005737,0.006133,6.9026,1774053861728
gate,bybit,VANRYUSDT,0.005737,0.006133,6.9026,1774053862028
gate,bybit,VANRYUSDT,0.005737,0.006133,6.9026,1774053862331
gate,bybit,VANRYUSDT,0.005737,0.006133,6.9026,1774053862632
gate,bybit,VANRYUSDT,0.005737,0.006133,6.9026,1774053862932
gate,bybit,VANRYUSDT,0.005737,0.006133,6.9026,1774053863232
gate,bybit,VANRYUSDT,0.005737,0.006133,6.9026,1774053863532
gate,bybit,VANRYUSDT,0.005737,0.006133,6.9026,1774053863832
gate,bybit,VANRYUSDT,0.005737,0.006133,6.9026,1774053864132
gate,bybit,VANRYUSDT,0.005737,0.006133,6.9026,1774053864432
gate,bybit,VANRYUSDT,0.005737,0.006133,6.9026,1774053864733
gate,bybit,VANRYUSDT,0.005737,0.006133,6.9026,1774053865035
gate,bybit,VANRYUSDT,0.005737,0.006133,6.9026,1774053865347
gate,bybit,VANRYUSDT,0.005737,0.006133,6.9026,1774053865647
gate,bybit,VANRYUSDT,0.005737,0.006133,6.9026,1774053865947
gate,bybit,VANRYUSDT,0.005737,0.006133,6.9026,1774053866248
gate,bybit,VANRYUSDT,0.005737,0.006133,6.9026,1774053866548
gate,bybit,VANRYUSDT,0.005737,0.006133,6.9026,1774053866848
gate,bybit,VANRYUSDT,0.005737,0.006133,6.9026,1774053867148
gate,bybit,VANRYUSDT,0.005737,0.006133,6.9026,1774053867448
gate,bybit,VANRYUSDT,0.005737,0.006133,6.9026,1774053867748
gate,bybit,VANRYUSDT,0.005737,0.006133,6.9026,1774053868048
gate,bybit,VANRYUSDT,0.005737,0.006133,6.9026,1774053868348
gate,bybit,VANRYUSDT,0.005737,0.006133,6.9026,1774053868649
gate,bybit,VANRYUSDT,0.005737,0.006133,6.9026,1774053868949
gate,bybit,VANRYUSDT,0.005737,0.006133,6.9026,1774053869249
gate,bybit,VANRYUSDT,0.005737,0.006133,6.9026,1774053869550
gate,bybit,VANRYUSDT,0.005737,0.006133,6.9026,1774053869850
gate,bybit,VANRYUSDT,0.005737,0.006133,6.9026,1774053870150
gate,bybit,VANRYUSDT,0.005737,0.006133,6.9026,1774053870450
gate,bybit,VANRYUSDT,0.005737,0.006133,6.9026,1774053870750
gate,bybit,VANRYUSDT,0.005737,0.006133,6.9026,1774053871051
gate,bybit,VANRYUSDT,0.005737,0.006133,6.9026,1774053871351
gate,bybit,VANRYUSDT,0.005737,0.006133,6.9026,1774053871652
gate,bybit,VANRYUSDT,0.005737,0.006133,6.9026,1774053871952
gate,bybit,VANRYUSDT,0.005737,0.006133,6.9026,1774053872252
gate,bybit,VANRYUSDT,0.005737,0.006133,6.9026,1774053872552
gate,bybit,VANRYUSDT,0.005737,0.006133,6.9026,1774053872853
gate,bybit,VANRYUSDT,0.005738,0.006133,6.8839,1774053873153
gate,bybit,VANRYUSDT,0.005737,0.006133,6.9026,1774053873453
gate,bybit,VANRYUSDT,0.005737,0.006133,6.9026,1774053873754
gate,bybit,VANRYUSDT,0.005738,0.006133,6.8839,1774053874058
gate,bybit,VANRYUSDT,0.005737,0.006133,6.9026,1774053874358
gate,bybit,VANRYUSDT,0.005737,0.006133,6.9026,1774053874658
gate,bybit,VANRYUSDT,0.005737,0.006133,6.9026,1774053874959
gate,bybit,VANRYUSDT,0.005737,0.006133,6.9026,1774053875259
gate,bybit,VANRYUSDT,0.005737,0.006133,6.9026,1774053875559
gate,bybit,VANRYUSDT,0.005737,0.006133,6.9026,1774053875859
gate,bybit,VANRYUSDT,0.005737,0.006133,6.9026,1774053876159
gate,bybit,VANRYUSDT,0.005737,0.006133,6.9026,1774053876459
gate,bybit,VANRYUSDT,0.005737,0.006133,6.9026,1774053876760
gate,bybit,VANRYUSDT,0.005737,0.006133,6.9026,1774053877060
gate,bybit,VANRYUSDT,0.005737,0.006133,6.9026,1774053877360
gate,bybit,VANRYUSDT,0.005737,0.006133,6.9026,1774053877661
gate,bybit,VANRYUSDT,0.005737,0.006133,6.9026,1774053877961
gate,bybit,VANRYUSDT,0.005737,0.006133,6.9026,1774053878261
gate,bybit,VANRYUSDT,0.005737,0.006133,6.9026,1774053878562
gate,bybit,VANRYUSDT,0.005737,0.006133,6.9026,1774053878862
gate,bybit,VANRYUSDT,0.005737,0.006133,6.9026,1774053879162
gate,bybit,VANRYUSDT,0.005737,0.006133,6.9026,1774053879462
gate,bybit,VANRYUSDT,0.005737,0.006133,6.9026,1774053879762
gate,bybit,VANRYUSDT,0.005738,0.006133,6.8839,1774053880063
gate,bybit,VANRYUSDT,0.005738,0.006133,6.8839,1774053880363
gate,bybit,VANRYUSDT,0.005738,0.006133,6.8839,1774053880663
gate,bybit,VANRYUSDT,0.005738,0.006133,6.8839,1774053880963
gate,bybit,VANRYUSDT,0.005738,0.006133,6.8839,1774053881264
gate,bybit,VANRYUSDT,0.005738,0.006133,6.8839,1774053881564
gate,bybit,VANRYUSDT,0.005738,0.006133,6.8839,1774053881864
gate,bybit,VANRYUSDT,0.005738,0.006133,6.8839,1774053882165
gate,bybit,VANRYUSDT,0.005738,0.006133,6.8839,1774053882465
gate,bybit,VANRYUSDT,0.005738,0.006133,6.8839,1774053882765
gate,bybit,VANRYUSDT,0.005738,0.006133,6.8839,1774053883065
gate,bybit,VANRYUSDT,0.005738,0.006133,6.8839,1774053883366
gate,bybit,VANRYUSDT,0.005738,0.006133,6.8839,1774053883674
gate,bybit,VANRYUSDT,0.005738,0.006133,6.8839,1774053883974
gate,bybit,VANRYUSDT,0.005738,0.006133,6.8839,1774053884274
gate,bybit,VANRYUSDT,0.005738,0.006133,6.8839,1774053884574
gate,bybit,VANRYUSDT,0.005738,0.006133,6.8839,1774053884874
gate,bybit,VANRYUSDT,0.005738,0.006133,6.8839,1774053885175
gate,bybit,VANRYUSDT,0.005738,0.006133,6.8839,1774053885475
gate,bybit,VANRYUSDT,0.005738,0.006133,6.8839,1774053885776
gate,bybit,VANRYUSDT,0.005738,0.006133,6.8839,1774053886076
gate,bybit,VANRYUSDT,0.005738,0.006133,6.8839,1774053886379
gate,bybit,VANRYUSDT,0.005738,0.006133,6.8839,1774053886690
gate,bybit,VANRYUSDT,0.005737,0.006133,6.9026,1774053887003
gate,bybit,VANRYUSDT,0.005736,0.006133,6.9212,1774053887316
gate,bybit,VANRYUSDT,0.005736,0.006133,6.9212,1774053887626
gate,bybit,VANRYUSDT,0.005737,0.006133,6.9026,1774053887942
gate,bybit,VANRYUSDT,0.005737,0.006133,6.9026,1774053888254
gate,bybit,VANRYUSDT,0.005737,0.006133,6.9026,1774053888563
gate,bybit,VANRYUSDT,0.005737,0.006133,6.9026,1774053888868
gate,bybit,VANRYUSDT,0.005737,0.006133,6.9026,1774053889174
gate,bybit,VANRYUSDT,0.005737,0.006133,6.9026,1774053889482
gate,bybit,VANRYUSDT,0.005737,0.006133,6.9026,1774053889783
gate,bybit,VANRYUSDT,0.005737,0.006133,6.9026,1774053890083
gate,bybit,VANRYUSDT,0.005737,0.006133,6.9026,1774053890383
gate,bybit,VANRYUSDT,0.005737,0.006133,6.9026,1774053890683
gate,bybit,VANRYUSDT,0.005737,0.006133,6.9026,1774053890983
gate,bybit,VANRYUSDT,0.005737,0.006133,6.9026,1774053891284
gate,bybit,VANRYUSDT,0.005737,0.006133,6.9026,1774053891584
gate,bybit,VANRYUSDT,0.005737,0.006133,6.9026,1774053891884
gate,bybit,VANRYUSDT,0.005737,0.006133,6.9026,1774053892184
gate,bybit,VANRYUSDT,0.005737,0.006133,6.9026,1774053892484
gate,bybit,VANRYUSDT,0.005737,0.006133,6.9026,1774053892784
gate,bybit,VANRYUSDT,0.005737,0.006133,6.9026,1774053893089
gate,bybit,VANRYUSDT,0.005737,0.006133,6.9026,1774053893389
gate,bybit,VANRYUSDT,0.005737,0.006133,6.9026,1774053893690
gate,bybit,VANRYUSDT,0.005737,0.006133,6.9026,1774053893990
gate,bybit,VANRYUSDT,0.005737,0.006133,6.9026,1774053894290
gate,bybit,VANRYUSDT,0.005737,0.006133,6.9026,1774053894591
gate,bybit,VANRYUSDT,0.005737,0.006133,6.9026,1774053894891
gate,bybit,VANRYUSDT,0.005737,0.006133,6.9026,1774053895191
gate,bybit,VANRYUSDT,0.005737,0.006133,6.9026,1774053895491
gate,bybit,VANRYUSDT,0.005737,0.006133,6.9026,1774053895791
gate,bybit,VANRYUSDT,0.005737,0.006133,6.9026,1774053896092
gate,bybit,VANRYUSDT,0.005737,0.006133,6.9026,1774053896392
gate,bybit,VANRYUSDT,0.005737,0.006133,6.9026,1774053896693
gate,bybit,VANRYUSDT,0.005737,0.006133,6.9026,1774053896993
gate,bybit,VANRYUSDT,0.005737,0.006133,6.9026,1774053897293
gate,bybit,VANRYUSDT,0.005737,0.006133,6.9026,1774053897593
gate,bybit,VANRYUSDT,0.005737,0.006133,6.9026,1774053897894
gate,bybit,VANRYUSDT,0.005737,0.006133,6.9026,1774053898194
gate,bybit,VANRYUSDT,0.005737,0.006133,6.9026,1774053898494
gate,bybit,VANRYUSDT,0.005737,0.006133,6.9026,1774053898810
gate,bybit,VANRYUSDT,0.005737,0.006133,6.9026,1774053899121
gate,bybit,VANRYUSDT,0.005737,0.006132,6.8851,1774053899424
gate,bybit,VANRYUSDT,0.005736,0.006132,6.9038,1774053899732
gate,bybit,VANRYUSDT,0.005736,0.006132,6.9038,1774053900040
gate,bybit,VANRYUSDT,0.005736,0.006132,6.9038,1774053900354
gate,bybit,VANRYUSDT,0.005736,0.006132,6.9038,1774053900663
gate,bybit,VANRYUSDT,0.005736,0.006132,6.9038,1774053900981
gate,bybit,VANRYUSDT,0.005736,0.006132,6.9038,1774053901294
gate,bybit,VANRYUSDT,0.005736,0.006132,6.9038,1774053901598
gate,bybit,VANRYUSDT,0.005736,0.006132,6.9038,1774053901902
gate,bybit,VANRYUSDT,0.005736,0.006132,6.9038,1774053902206
gate,bybit,VANRYUSDT,0.005736,0.006132,6.9038,1774053902509
gate,bybit,VANRYUSDT,0.005736,0.006132,6.9038,1774053902812
gate,bybit,VANRYUSDT,0.005736,0.006132,6.9038,1774053903117
gate,bybit,VANRYUSDT,0.005736,0.006132,6.9038,1774053903425
gate,bybit,VANRYUSDT,0.005736,0.006132,6.9038,1774053903729
gate,bybit,VANRYUSDT,0.005736,0.006132,6.9038,1774053904039
gate,bybit,VANRYUSDT,0.005736,0.006132,6.9038,1774053904340
gate,bybit,VANRYUSDT,0.005736,0.006132,6.9038,1774053904642
gate,bybit,VANRYUSDT,0.005736,0.006132,6.9038,1774053904942
gate,bybit,VANRYUSDT,0.005736,0.006132,6.9038,1774053905247
gate,bybit,VANRYUSDT,0.005736,0.006132,6.9038,1774053905549
gate,bybit,VANRYUSDT,0.005737,0.006133,6.9026,1774053905849
gate,bybit,VANRYUSDT,0.005737,0.006133,6.9026,1774053906166
gate,bybit,VANRYUSDT,0.005737,0.006133,6.9026,1774053906466
gate,bybit,VANRYUSDT,0.005737,0.006133,6.9026,1774053906776
gate,bybit,VANRYUSDT,0.005737,0.006133,6.9026,1774053907077
gate,bybit,VANRYUSDT,0.005737,0.006133,6.9026,1774053907378
gate,bybit,VANRYUSDT,0.005737,0.006133,6.9026,1774053907678
gate,bybit,VANRYUSDT,0.005737,0.006133,6.9026,1774053907978
gate,bybit,VANRYUSDT,0.005737,0.006133,6.9026,1774053908278
gate,bybit,VANRYUSDT,0.005737,0.006133,6.9026,1774053908580
gate,bybit,VANRYUSDT,0.005737,0.006133,6.9026,1774053908880
gate,bybit,VANRYUSDT,0.005736,0.006132,6.9038,1774053909180
gate,bybit,VANRYUSDT,0.005736,0.006132,6.9038,1774053909481
gate,bybit,VANRYUSDT,0.005736,0.006132,6.9038,1774053909781
gate,bybit,VANRYUSDT,0.005736,0.006132,6.9038,1774053910081
gate,bybit,VANRYUSDT,0.005736,0.006132,6.9038,1774053910381
gate,bybit,VANRYUSDT,0.005736,0.006132,6.9038,1774053910682
gate,bybit,VANRYUSDT,0.005736,0.006132,6.9038,1774053910982
gate,bybit,VANRYUSDT,0.005736,0.006132,6.9038,1774053911283
gate,bybit,VANRYUSDT,0.005736,0.006132,6.9038,1774053911583
gate,bybit,VANRYUSDT,0.005734,0.006132,6.9411,1774053911896
gate,bybit,VANRYUSDT,0.005732,0.006131,6.9609,1774053912207
gate,bybit,VANRYUSDT,0.005731,0.006128,6.9272,1774053912518
gate,bybit,VANRYUSDT,0.005731,0.006128,6.9272,1774053912833
gate,bybit,VANRYUSDT,0.005729,0.006127,6.9471,1774053913149
gate,bybit,VANRYUSDT,0.005729,0.006127,6.9471,1774053913465
gate,bybit,VANRYUSDT,0.005729,0.006127,6.9471,1774053913780
gate,bybit,VANRYUSDT,0.005729,0.006127,6.9471,1774053914098
gate,bybit,VANRYUSDT,0.005729,0.006127,6.9471,1774053914412
gate,bybit,VANRYUSDT,0.005729,0.006127,6.9471,1774053914722
gate,bybit,VANRYUSDT,0.005729,0.006127,6.9471,1774053915031
gate,bybit,VANRYUSDT,0.005729,0.006127,6.9471,1774053915342
gate,bybit,VANRYUSDT,0.005729,0.006127,6.9471,1774053915649
gate,bybit,VANRYUSDT,0.005729,0.006127,6.9471,1774053915962
gate,bybit,VANRYUSDT,0.005729,0.006127,6.9471,1774053916283
gate,bybit,VANRYUSDT,0.005729,0.006127,6.9471,1774053916595
gate,bybit,VANRYUSDT,0.005729,0.006127,6.9471,1774053916897
gate,bybit,VANRYUSDT,0.005729,0.006127,6.9471,1774053917222
gate,bybit,VANRYUSDT,0.005729,0.006127,6.9471,1774053917533
gate,bybit,VANRYUSDT,0.005729,0.006127,6.9471,1774053917846
gate,bybit,VANRYUSDT,0.005729,0.006127,6.9471,1774053918154
gate,bybit,VANRYUSDT,0.005729,0.006127,6.9471,1774053918462
gate,bybit,VANRYUSDT,0.005729,0.006127,6.9471,1774053918797
gate,bybit,VANRYUSDT,0.005729,0.006127,6.9471,1774053919104
gate,bybit,VANRYUSDT,0.005729,0.006127,6.9471,1774053919417
gate,bybit,VANRYUSDT,0.005729,0.006127,6.9471,1774053919726
gate,bybit,VANRYUSDT,0.005729,0.006127,6.9471,1774053920029
gate,bybit,VANRYUSDT,0.005729,0.006127,6.9471,1774053920337
gate,bybit,VANRYUSDT,0.005729,0.006127,6.9471,1774053920640
gate,bybit,VANRYUSDT,0.005729,0.006127,6.9471,1774053920940
gate,bybit,VANRYUSDT,0.005733,0.006127,6.8725,1774053921241
gate,bybit,VANRYUSDT,0.005732,0.006127,6.8911,1774053921541
gate,bybit,VANRYUSDT,0.005732,0.006127,6.8911,1774053921842
gate,bybit,VANRYUSDT,0.005732,0.006127,6.8911,1774053922143
gate,bybit,VANRYUSDT,0.005732,0.006127,6.8911,1774053922443
gate,bybit,VANRYUSDT,0.005732,0.006127,6.8911,1774053922743
gate,bybit,VANRYUSDT,0.005732,0.006127,6.8911,1774053923045
gate,bybit,VANRYUSDT,0.005732,0.006127,6.8911,1774053923345
gate,bybit,VANRYUSDT,0.005733,0.006127,6.8725,1774053923645
gate,bybit,VANRYUSDT,0.005733,0.006127,6.8725,1774053923945
gate,bybit,VANRYUSDT,0.005733,0.006127,6.8725,1774053924247
gate,bybit,VANRYUSDT,0.005733,0.006127,6.8725,1774053924547
gate,bybit,VANRYUSDT,0.005733,0.006127,6.8725,1774053924848
gate,bybit,VANRYUSDT,0.005733,0.006127,6.8725,1774053925149
gate,bybit,VANRYUSDT,0.005733,0.006127,6.8725,1774053925449
gate,bybit,VANRYUSDT,0.005733,0.006127,6.8725,1774053925749
gate,bybit,VANRYUSDT,0.005732,0.006127,6.8911,1774053926049
gate,bybit,VANRYUSDT,0.005732,0.006127,6.8911,1774053926349
gate,bybit,VANRYUSDT,0.005732,0.006127,6.8911,1774053926649
gate,bybit,VANRYUSDT,0.005732,0.006127,6.8911,1774053926950
gate,bybit,VANRYUSDT,0.005732,0.006127,6.8911,1774053927250
gate,bybit,VANRYUSDT,0.005732,0.006127,6.8911,1774053927550
gate,bybit,VANRYUSDT,0.005732,0.006127,6.8911,1774053927850
gate,bybit,VANRYUSDT,0.005732,0.006127,6.8911,1774053928151
gate,bybit,VANRYUSDT,0.005731,0.006127,6.9098,1774053928452
gate,bybit,VANRYUSDT,0.005731,0.006127,6.9098,1774053928752
gate,bybit,VANRYUSDT,0.005731,0.006127,6.9098,1774053929052
gate,bybit,VANRYUSDT,0.005731,0.006127,6.9098,1774053929353
gate,bybit,VANRYUSDT,0.005731,0.006127,6.9098,1774053929653
gate,bybit,VANRYUSDT,0.005732,0.006127,6.8911,1774053929962
gate,bybit,VANRYUSDT,0.005732,0.006127,6.8911,1774053930272
gate,bybit,VANRYUSDT,0.005732,0.006127,6.8911,1774053930583
gate,bybit,VANRYUSDT,0.005732,0.006127,6.8911,1774053930890
gate,bybit,VANRYUSDT,0.005732,0.006127,6.8911,1774053931196
gate,bybit,VANRYUSDT,0.005732,0.006127,6.8911,1774053931501
gate,bybit,VANRYUSDT,0.005732,0.006127,6.8911,1774053931814
gate,bybit,VANRYUSDT,0.005732,0.006127,6.8911,1774053932127
gate,bybit,VANRYUSDT,0.005732,0.006127,6.8911,1774053932436
gate,bybit,VANRYUSDT,0.005732,0.006127,6.8911,1774053932737
gate,bybit,VANRYUSDT,0.005732,0.006127,6.8911,1774053933040
gate,bybit,VANRYUSDT,0.005732,0.006127,6.8911,1774053933359
gate,bybit,VANRYUSDT,0.005732,0.006127,6.8911,1774053933668
gate,bybit,VANRYUSDT,0.00573,0.006126,6.911,1774053933975
gate,bybit,VANRYUSDT,0.00573,0.006126,6.911,1774053934275
gate,bybit,VANRYUSDT,0.00573,0.006126,6.911,1774053934576
gate,bybit,VANRYUSDT,0.00573,0.006126,6.911,1774053934877
gate,bybit,VANRYUSDT,0.00573,0.006126,6.911,1774053935177
gate,bybit,VANRYUSDT,0.00573,0.006126,6.911,1774053935477
gate,bybit,VANRYUSDT,0.00573,0.006126,6.911,1774053935777
gate,bybit,VANRYUSDT,0.00573,0.006126,6.911,1774053936078
gate,bybit,VANRYUSDT,0.00573,0.006126,6.911,1774053936378
gate,bybit,VANRYUSDT,0.00573,0.006126,6.911,1774053936678
gate,bybit,VANRYUSDT,0.00573,0.006126,6.911,1774053936978
gate,bybit,VANRYUSDT,0.00573,0.006126,6.911,1774053937279
gate,bybit,VANRYUSDT,0.00573,0.006126,6.911,1774053937579
gate,bybit,VANRYUSDT,0.00573,0.006126,6.911,1774053937879
gate,bybit,VANRYUSDT,0.00573,0.006126,6.911,1774053938180
gate,bybit,VANRYUSDT,0.00573,0.006126,6.911,1774053938480
gate,bybit,VANRYUSDT,0.00573,0.006126,6.911,1774053938780
gate,bybit,VANRYUSDT,0.00573,0.006126,6.911,1774053939080
gate,bybit,VANRYUSDT,0.00573,0.006126,6.911,1774053939380
gate,bybit,VANRYUSDT,0.00573,0.006126,6.911,1774053939680
gate,bybit,VANRYUSDT,0.00573,0.006126,6.911,1774053939981
gate,bybit,VANRYUSDT,0.00573,0.006126,6.911,1774053940281
gate,bybit,VANRYUSDT,0.00573,0.006126,6.911,1774053940581
gate,bybit,VANRYUSDT,0.00573,0.006126,6.911,1774053940881
gate,bybit,VANRYUSDT,0.00573,0.006126,6.911,1774053941181
gate,bybit,VANRYUSDT,0.00573,0.006126,6.911,1774053941482
gate,bybit,VANRYUSDT,0.00573,0.006126,6.911,1774053941782
gate,bybit,VANRYUSDT,0.00573,0.006126,6.911,1774053942082
gate,bybit,VANRYUSDT,0.00573,0.006126,6.911,1774053942382
gate,bybit,VANRYUSDT,0.00573,0.006126,6.911,1774053942683
gate,bybit,VANRYUSDT,0.00573,0.006126,6.911,1774053942983
gate,bybit,VANRYUSDT,0.00573,0.006126,6.911,1774053943283
gate,bybit,VANRYUSDT,0.00573,0.006126,6.911,1774053943583
gate,bybit,VANRYUSDT,0.00573,0.006126,6.911,1774053943884
gate,bybit,VANRYUSDT,0.00573,0.006126,6.911,1774053944184
gate,bybit,VANRYUSDT,0.00573,0.006126,6.911,1774053944484
gate,bybit,VANRYUSDT,0.00573,0.006126,6.911,1774053944785
gate,bybit,VANRYUSDT,0.00573,0.006126,6.911,1774053945085
gate,bybit,VANRYUSDT,0.00573,0.006126,6.911,1774053945385
gate,bybit,VANRYUSDT,0.00573,0.006126,6.911,1774053945685
gate,bybit,VANRYUSDT,0.00573,0.006126,6.911,1774053945985
gate,bybit,VANRYUSDT,0.00573,0.006126,6.911,1774053946286
gate,bybit,VANRYUSDT,0.00573,0.006126,6.911,1774053946586
gate,bybit,VANRYUSDT,0.00573,0.006126,6.911,1774053946886
gate,bybit,VANRYUSDT,0.00573,0.006126,6.911,1774053947187
gate,bybit,VANRYUSDT,0.00573,0.006126,6.911,1774053947487
gate,bybit,VANRYUSDT,0.00573,0.006126,6.911,1774053947787
gate,bybit,VANRYUSDT,0.00573,0.006126,6.911,1774053948087
gate,bybit,VANRYUSDT,0.00573,0.006126,6.911,1774053948388
gate,bybit,VANRYUSDT,0.00573,0.006126,6.911,1774053948688
gate,bybit,VANRYUSDT,0.00573,0.006126,6.911,1774053948988
gate,bybit,VANRYUSDT,0.00573,0.006126,6.911,1774053949288
gate,bybit,VANRYUSDT,0.00573,0.006126,6.911,1774053949589
gate,bybit,VANRYUSDT,0.00573,0.006126,6.911,1774053949889
gate,bybit,VANRYUSDT,0.00573,0.006126,6.911,1774053950189
gate,bybit,VANRYUSDT,0.00573,0.006126,6.911,1774053950489
gate,bybit,VANRYUSDT,0.00573,0.006126,6.911,1774053950789
gate,bybit,VANRYUSDT,0.00573,0.006126,6.911,1774053951089
gate,bybit,VANRYUSDT,0.00573,0.006126,6.911,1774053951389
gate,bybit,VANRYUSDT,0.00573,0.006126,6.911,1774053951690
gate,bybit,VANRYUSDT,0.00573,0.006126,6.911,1774053952003
gate,bybit,VANRYUSDT,0.00573,0.006126,6.911,1774053952313
gate,bybit,VANRYUSDT,0.00573,0.006126,6.911,1774053952621
gate,bybit,VANRYUSDT,0.00573,0.006126,6.911,1774053952925
gate,bybit,VANRYUSDT,0.00573,0.006126,6.911,1774053953232
gate,bybit,VANRYUSDT,0.00573,0.006126,6.911,1774053953536
gate,bybit,VANRYUSDT,0.005731,0.006131,6.9796,1774053953839
gate,bybit,VANRYUSDT,0.005731,0.006131,6.9796,1774053954139
gate,bybit,VANRYUSDT,0.005731,0.006131,6.9796,1774053954439
gate,bybit,VANRYUSDT,0.005731,0.00613,6.9621,1774053954739
gate,bybit,VANRYUSDT,0.005731,0.00613,6.9621,1774053955040
gate,bybit,VANRYUSDT,0.005731,0.00613,6.9621,1774053955340
gate,bybit,VANRYUSDT,0.005731,0.006129,6.9447,1774053955640
gate,bybit,VANRYUSDT,0.005731,0.006129,6.9447,1774053955940
gate,bybit,VANRYUSDT,0.005731,0.006129,6.9447,1774053956240
gate,bybit,VANRYUSDT,0.005731,0.006129,6.9447,1774053956541
gate,bybit,VANRYUSDT,0.005731,0.006129,6.9447,1774053956841
gate,bybit,VANRYUSDT,0.005731,0.006129,6.9447,1774053957143
gate,bybit,VANRYUSDT,0.005731,0.006129,6.9447,1774053957443
gate,bybit,VANRYUSDT,0.005731,0.006129,6.9447,1774053957743
gate,bybit,VANRYUSDT,0.005731,0.006129,6.9447,1774053958043
gate,bybit,VANRYUSDT,0.005731,0.006129,6.9447,1774053958343
gate,bybit,VANRYUSDT,0.005731,0.006129,6.9447,1774053958644
gate,bybit,VANRYUSDT,0.005731,0.006129,6.9447,1774053958944
gate,bybit,VANRYUSDT,0.005732,0.006129,6.926,1774053959244
gate,bybit,VANRYUSDT,0.005731,0.006129,6.9447,1774053959544
gate,bybit,VANRYUSDT,0.005731,0.006129,6.9447,1774053959844
gate,bybit,VANRYUSDT,0.005731,0.006129,6.9447,1774053960147
gate,bybit,VANRYUSDT,0.005732,0.006129,6.926,1774053960456
gate,bybit,VANRYUSDT,0.005731,0.006129,6.9447,1774053960762
gate,bybit,VANRYUSDT,0.005731,0.006129,6.9447,1774053961069
gate,bybit,VANRYUSDT,0.005731,0.006128,6.9272,1774053961380
gate,bybit,VANRYUSDT,0.005731,0.006128,6.9272,1774053961700
gate,bybit,VANRYUSDT,0.005731,0.006128,6.9272,1774053962011
gate,bybit,VANRYUSDT,0.005733,0.006128,6.8899,1774053962322
gate,bybit,VANRYUSDT,0.005732,0.006128,6.9086,1774053962632
gate,bybit,VANRYUSDT,0.005732,0.006128,6.9086,1774053962946
gate,bybit,VANRYUSDT,0.005733,0.006128,6.8899,1774053963258
gate,bybit,VANRYUSDT,0.005733,0.006128,6.8899,1774053963567
gate,bybit,VANRYUSDT,0.005733,0.006128,6.8899,1774053963867
gate,bybit,VANRYUSDT,0.005733,0.006128,6.8899,1774053964167
gate,bybit,VANRYUSDT,0.005733,0.006128,6.8899,1774053964467
gate,bybit,VANRYUSDT,0.005733,0.006128,6.8899,1774053964768
gate,bybit,VANRYUSDT,0.005733,0.006128,6.8899,1774053965068
gate,bybit,VANRYUSDT,0.005732,0.006128,6.9086,1774053965368
gate,bybit,VANRYUSDT,0.005732,0.006128,6.9086,1774053965668
gate,bybit,VANRYUSDT,0.005732,0.006128,6.9086,1774053965968
gate,bybit,VANRYUSDT,0.005732,0.006128,6.9086,1774053966269
gate,bybit,VANRYUSDT,0.005732,0.006128,6.9086,1774053966569
gate,bybit,VANRYUSDT,0.005732,0.006128,6.9086,1774053966869
gate,bybit,VANRYUSDT,0.005732,0.006128,6.9086,1774053967169
gate,bybit,VANRYUSDT,0.005732,0.006128,6.9086,1774053967469
gate,bybit,VANRYUSDT,0.005732,0.006128,6.9086,1774053967769
gate,bybit,VANRYUSDT,0.005732,0.006128,6.9086,1774053968070
gate,bybit,VANRYUSDT,0.005732,0.006128,6.9086,1774053968370
gate,bybit,VANRYUSDT,0.005732,0.006128,6.9086,1774053968678
gate,bybit,VANRYUSDT,0.005732,0.006128,6.9086,1774053968978
gate,bybit,VANRYUSDT,0.005732,0.006128,6.9086,1774053969278
gate,bybit,VANRYUSDT,0.005732,0.006128,6.9086,1774053969579
gate,bybit,VANRYUSDT,0.005732,0.006128,6.9086,1774053969879
gate,bybit,VANRYUSDT,0.005732,0.006128,6.9086,1774053970179
gate,bybit,VANRYUSDT,0.005732,0.006128,6.9086,1774053970479
gate,bybit,VANRYUSDT,0.005732,0.006128,6.9086,1774053970779
gate,bybit,VANRYUSDT,0.005732,0.006128,6.9086,1774053971079
gate,bybit,VANRYUSDT,0.005732,0.006128,6.9086,1774053971380
gate,bybit,VANRYUSDT,0.005732,0.006128,6.9086,1774053971681
gate,bybit,VANRYUSDT,0.005732,0.006128,6.9086,1774053971982
gate,bybit,VANRYUSDT,0.005732,0.006128,6.9086,1774053972291
gate,bybit,VANRYUSDT,0.005731,0.006128,6.9272,1774053972591
gate,bybit,VANRYUSDT,0.005731,0.006128,6.9272,1774053972891
gate,bybit,VANRYUSDT,0.005731,0.006128,6.9272,1774053973197
gate,bybit,VANRYUSDT,0.005731,0.006128,6.9272,1774053973511
gate,bybit,VANRYUSDT,0.005731,0.006128,6.9272,1774053973826
gate,bybit,VANRYUSDT,0.005731,0.006128,6.9272,1774053974133
gate,bybit,VANRYUSDT,0.005731,0.006128,6.9272,1774053974438
gate,bybit,VANRYUSDT,0.005731,0.006128,6.9272,1774053974738
gate,bybit,VANRYUSDT,0.005731,0.006128,6.9272,1774053975039
gate,bybit,VANRYUSDT,0.005731,0.006128,6.9272,1774053975339
gate,bybit,VANRYUSDT,0.005731,0.006128,6.9272,1774053975640
gate,bybit,VANRYUSDT,0.005731,0.006128,6.9272,1774053975940
gate,bybit,VANRYUSDT,0.005731,0.006128,6.9272,1774053976240
gate,bybit,VANRYUSDT,0.005731,0.006128,6.9272,1774053976540
gate,bybit,VANRYUSDT,0.005731,0.006128,6.9272,1774053976841
gate,bybit,VANRYUSDT,0.005731,0.006128,6.9272,1774053977141
gate,bybit,VANRYUSDT,0.005731,0.006128,6.9272,1774053977441
gate,bybit,VANRYUSDT,0.005731,0.006128,6.9272,1774053977741
gate,bybit,VANRYUSDT,0.005731,0.006128,6.9272,1774053978042
gate,bybit,VANRYUSDT,0.005731,0.006128,6.9272,1774053978342
gate,bybit,VANRYUSDT,0.005731,0.006128,6.9272,1774053978647
gate,bybit,VANRYUSDT,0.005731,0.006128,6.9272,1774053978947
gate,bybit,VANRYUSDT,0.005731,0.006128,6.9272,1774053979247
gate,bybit,VANRYUSDT,0.005731,0.006128,6.9272,1774053979548
gate,bybit,VANRYUSDT,0.005731,0.006128,6.9272,1774053979848
gate,bybit,VANRYUSDT,0.005731,0.006128,6.9272,1774053980148
gate,bybit,VANRYUSDT,0.005731,0.006128,6.9272,1774053980448
gate,bybit,VANRYUSDT,0.005731,0.006128,6.9272,1774053980748
gate,bybit,VANRYUSDT,0.005731,0.006128,6.9272,1774053981048
gate,bybit,VANRYUSDT,0.005731,0.006128,6.9272,1774053981349
gate,bybit,VANRYUSDT,0.005731,0.006128,6.9272,1774053981649
gate,bybit,VANRYUSDT,0.005731,0.006128,6.9272,1774053981949
gate,bybit,VANRYUSDT,0.005731,0.006128,6.9272,1774053982249
gate,bybit,VANRYUSDT,0.005731,0.006128,6.9272,1774053982549
gate,bybit,VANRYUSDT,0.005731,0.006128,6.9272,1774053982851
gate,bybit,VANRYUSDT,0.005731,0.006128,6.9272,1774053983167
gate,bybit,VANRYUSDT,0.005731,0.006128,6.9272,1774053983468
gate,bybit,VANRYUSDT,0.005731,0.006128,6.9272,1774053983768
gate,bybit,VANRYUSDT,0.005731,0.006128,6.9272,1774053984068
gate,bybit,VANRYUSDT,0.005731,0.006128,6.9272,1774053984368
gate,bybit,VANRYUSDT,0.005731,0.006128,6.9272,1774053984669
gate,bybit,VANRYUSDT,0.005731,0.006128,6.9272,1774053984969
gate,bybit,VANRYUSDT,0.005731,0.006128,6.9272,1774053985270
gate,bybit,VANRYUSDT,0.005731,0.006128,6.9272,1774053985570
gate,bybit,VANRYUSDT,0.005731,0.006128,6.9272,1774053985870
gate,bybit,VANRYUSDT,0.005731,0.006128,6.9272,1774053986170
gate,bybit,VANRYUSDT,0.005731,0.006128,6.9272,1774053986471
gate,bybit,VANRYUSDT,0.005731,0.006128,6.9272,1774053986771
gate,bybit,VANRYUSDT,0.005731,0.006128,6.9272,1774053987071
gate,bybit,VANRYUSDT,0.005731,0.006128,6.9272,1774053987372
gate,bybit,VANRYUSDT,0.005731,0.006128,6.9272,1774053987672
gate,bybit,VANRYUSDT,0.005731,0.006128,6.9272,1774053987972
gate,bybit,VANRYUSDT,0.005731,0.006128,6.9272,1774053988272
gate,bybit,VANRYUSDT,0.005731,0.006128,6.9272,1774053988573
gate,bybit,VANRYUSDT,0.005731,0.006128,6.9272,1774053988873
gate,bybit,VANRYUSDT,0.005731,0.006128,6.9272,1774053989193
gate,bybit,VANRYUSDT,0.005731,0.006128,6.9272,1774053989505
gate,bybit,VANRYUSDT,0.005731,0.006128,6.9272,1774053989822
gate,bybit,VANRYUSDT,0.005731,0.006128,6.9272,1774053990134
gate,bybit,VANRYUSDT,0.005731,0.006128,6.9272,1774053990450
gate,bybit,VANRYUSDT,0.005731,0.006128,6.9272,1774053990756
gate,bybit,VANRYUSDT,0.005731,0.006128,6.9272,1774053991056
gate,bybit,VANRYUSDT,0.005731,0.006128,6.9272,1774053991357
gate,bybit,VANRYUSDT,0.005731,0.006128,6.9272,1774053991657
gate,bybit,VANRYUSDT,0.005731,0.006128,6.9272,1774053991957
gate,bybit,VANRYUSDT,0.005731,0.006128,6.9272,1774053992258
gate,bybit,VANRYUSDT,0.005732,0.006128,6.9086,1774053992558
gate,bybit,VANRYUSDT,0.005732,0.006128,6.9086,1774053992858
gate,bybit,VANRYUSDT,0.005732,0.006128,6.9086,1774053993159
gate,bybit,VANRYUSDT,0.005732,0.006128,6.9086,1774053993459
gate,bybit,VANRYUSDT,0.005732,0.006128,6.9086,1774053993760
gate,bybit,VANRYUSDT,0.005731,0.006128,6.9272,1774053994060
gate,bybit,VANRYUSDT,0.005731,0.006128,6.9272,1774053994361
gate,bybit,VANRYUSDT,0.005731,0.006128,6.9272,1774053994661
gate,bybit,VANRYUSDT,0.005731,0.006128,6.9272,1774053994961
gate,bybit,VANRYUSDT,0.005731,0.006128,6.9272,1774053995261
gate,bybit,VANRYUSDT,0.005731,0.006128,6.9272,1774053995561
gate,bybit,VANRYUSDT,0.005731,0.006128,6.9272,1774053995862
gate,bybit,VANRYUSDT,0.005731,0.006128,6.9272,1774053996162
gate,bybit,VANRYUSDT,0.005731,0.006128,6.9272,1774053996462
gate,bybit,VANRYUSDT,0.005731,0.006128,6.9272,1774053996762
gate,bybit,VANRYUSDT,0.005731,0.006128,6.9272,1774053997066
gate,bybit,VANRYUSDT,0.005731,0.006128,6.9272,1774053997366
gate,bybit,VANRYUSDT,0.005731,0.006128,6.9272,1774053997667
gate,bybit,VANRYUSDT,0.005731,0.006128,6.9272,1774053997967
gate,bybit,VANRYUSDT,0.005731,0.006128,6.9272,1774053998267
gate,bybit,VANRYUSDT,0.005731,0.006128,6.9272,1774053998567
gate,bybit,VANRYUSDT,0.005731,0.006128,6.9272,1774053998868
gate,bybit,VANRYUSDT,0.005731,0.006128,6.9272,1774053999169
gate,bybit,VANRYUSDT,0.005731,0.006128,6.9272,1774053999469
gate,bybit,VANRYUSDT,0.005731,0.006128,6.9272,1774053999769
gate,bybit,VANRYUSDT,0.005731,0.006128,6.9272,1774054000070
gate,bybit,VANRYUSDT,0.005731,0.006128,6.9272,1774054000370
gate,bybit,VANRYUSDT,0.005731,0.006128,6.9272,1774054000670
gate,bybit,VANRYUSDT,0.005731,0.006128,6.9272,1774054000979
gate,bybit,VANRYUSDT,0.005731,0.006128,6.9272,1774054001290
gate,bybit,VANRYUSDT,0.005731,0.006128,6.9272,1774054001592
gate,bybit,VANRYUSDT,0.005731,0.006128,6.9272,1774054001892
gate,bybit,VANRYUSDT,0.005731,0.006128,6.9272,1774054002192
gate,bybit,VANRYUSDT,0.005731,0.006128,6.9272,1774054002492
gate,bybit,VANRYUSDT,0.005731,0.006128,6.9272,1774054002792
gate,bybit,VANRYUSDT,0.005731,0.006128,6.9272,1774054003093
gate,bybit,VANRYUSDT,0.005731,0.006128,6.9272,1774054003393
gate,bybit,VANRYUSDT,0.005731,0.006128,6.9272,1774054003693
gate,bybit,VANRYUSDT,0.005731,0.006128,6.9272,1774054003994
gate,bybit,VANRYUSDT,0.005731,0.006128,6.9272,1774054004295
gate,bybit,VANRYUSDT,0.005731,0.006128,6.9272,1774054004595
gate,bybit,VANRYUSDT,0.005731,0.006128,6.9272,1774054004895
gate,bybit,VANRYUSDT,0.005731,0.006128,6.9272,1774054005195
gate,bybit,VANRYUSDT,0.005731,0.006128,6.9272,1774054005495
gate,bybit,VANRYUSDT,0.005731,0.006128,6.9272,1774054005799
gate,bybit,VANRYUSDT,0.005731,0.006128,6.9272,1774054006102
gate,bybit,VANRYUSDT,0.005731,0.006128,6.9272,1774054006406
gate,bybit,VANRYUSDT,0.005731,0.006128,6.9272,1774054006709
gate,bybit,VANRYUSDT,0.005731,0.006128,6.9272,1774054007010
gate,bybit,VANRYUSDT,0.005731,0.006128,6.9272,1774054007312
gate,bybit,VANRYUSDT,0.005731,0.006128,6.9272,1774054007614
gate,bybit,VANRYUSDT,0.005731,0.006128,6.9272,1774054007917
gate,bybit,VANRYUSDT,0.005731,0.006128,6.9272,1774054008222
gate,bybit,VANRYUSDT,0.005731,0.006128,6.9272,1774054008523
gate,bybit,VANRYUSDT,0.005731,0.006128,6.9272,1774054008825
gate,bybit,VANRYUSDT,0.005731,0.006128,6.9272,1774054009130
gate,bybit,VANRYUSDT,0.005731,0.006128,6.9272,1774054009430
gate,bybit,VANRYUSDT,0.005731,0.006128,6.9272,1774054009731
gate,bybit,VANRYUSDT,0.005731,0.006128,6.9272,1774054010032
gate,bybit,VANRYUSDT,0.005731,0.006128,6.9272,1774054010336
gate,bybit,VANRYUSDT,0.005731,0.006128,6.9272,1774054010636
gate,bybit,VANRYUSDT,0.005731,0.006128,6.9272,1774054010937
gate,bybit,VANRYUSDT,0.005731,0.006128,6.9272,1774054011238
gate,bybit,VANRYUSDT,0.005731,0.006128,6.9272,1774054011539
gate,bybit,VANRYUSDT,0.005731,0.006128,6.9272,1774054011839
gate,bybit,VANRYUSDT,0.005731,0.006128,6.9272,1774054012139
gate,bybit,VANRYUSDT,0.005731,0.006128,6.9272,1774054012439
gate,bybit,VANRYUSDT,0.005731,0.006128,6.9272,1774054012740
gate,bybit,VANRYUSDT,0.005731,0.006128,6.9272,1774054013040
gate,bybit,VANRYUSDT,0.005731,0.006128,6.9272,1774054013341
gate,bybit,VANRYUSDT,0.005731,0.006128,6.9272,1774054013641
gate,bybit,VANRYUSDT,0.005731,0.006128,6.9272,1774054013942
gate,bybit,VANRYUSDT,0.005731,0.006128,6.9272,1774054014243
gate,bybit,VANRYUSDT,0.005731,0.006128,6.9272,1774054014543
gate,bybit,VANRYUSDT,0.005731,0.006128,6.9272,1774054014843
gate,bybit,VANRYUSDT,0.005731,0.006128,6.9272,1774054015143
gate,bybit,VANRYUSDT,0.005731,0.006128,6.9272,1774054015444
gate,bybit,VANRYUSDT,0.005731,0.006128,6.9272,1774054015744
gate,bybit,VANRYUSDT,0.005731,0.006128,6.9272,1774054016044
gate,bybit,VANRYUSDT,0.005731,0.006128,6.9272,1774054016345
gate,bybit,VANRYUSDT,0.005731,0.006128,6.9272,1774054016645
gate,bybit,VANRYUSDT,0.005731,0.006128,6.9272,1774054016945
gate,bybit,VANRYUSDT,0.005731,0.006128,6.9272,1774054017245
gate,bybit,VANRYUSDT,0.005731,0.006128,6.9272,1774054017545
gate,bybit,VANRYUSDT,0.005731,0.006128,6.9272,1774054017846
gate,bybit,VANRYUSDT,0.005731,0.006128,6.9272,1774054018147
gate,bybit,VANRYUSDT,0.005731,0.006128,6.9272,1774054018447
gate,bybit,VANRYUSDT,0.005731,0.006128,6.9272,1774054018747
gate,bybit,VANRYUSDT,0.005731,0.006128,6.9272,1774054019047
gate,bybit,VANRYUSDT,0.005731,0.006128,6.9272,1774054019347
gate,bybit,VANRYUSDT,0.005731,0.006128,6.9272,1774054019648
gate,bybit,VANRYUSDT,0.005731,0.006128,6.9272,1774054019949
gate,bybit,VANRYUSDT,0.005731,0.006128,6.9272,1774054020253
gate,bybit,VANRYUSDT,0.005731,0.006128,6.9272,1774054020560
gate,bybit,VANRYUSDT,0.005731,0.006128,6.9272,1774054020868
gate,bybit,VANRYUSDT,0.005731,0.006128,6.9272,1774054021168
gate,bybit,VANRYUSDT,0.005731,0.006128,6.9272,1774054021469
gate,bybit,VANRYUSDT,0.005731,0.006128,6.9272,1774054021777
gate,bybit,VANRYUSDT,0.005731,0.006128,6.9272,1774054022089
gate,bybit,VANRYUSDT,0.005731,0.006127,6.9098,1774054022401
gate,bybit,VANRYUSDT,0.005731,0.006127,6.9098,1774054022717
gate,bybit,VANRYUSDT,0.005731,0.006127,6.9098,1774054023030
gate,bybit,VANRYUSDT,0.005731,0.006127,6.9098,1774054023342
gate,bybit,VANRYUSDT,0.005731,0.006127,6.9098,1774054023653
gate,bybit,VANRYUSDT,0.005731,0.006127,6.9098,1774054023969
gate,bybit,VANRYUSDT,0.005731,0.006127,6.9098,1774054024280
gate,bybit,VANRYUSDT,0.005731,0.006127,6.9098,1774054024599
gate,bybit,VANRYUSDT,0.005731,0.006127,6.9098,1774054024905
gate,bybit,VANRYUSDT,0.005731,0.006127,6.9098,1774054025220
gate,bybit,VANRYUSDT,0.005731,0.006127,6.9098,1774054025535
gate,bybit,VANRYUSDT,0.005731,0.006127,6.9098,1774054025850
gate,bybit,VANRYUSDT,0.005731,0.006127,6.9098,1774054026157
gate,bybit,VANRYUSDT,0.005731,0.006127,6.9098,1774054026466
gate,bybit,VANRYUSDT,0.005731,0.006127,6.9098,1774054026795
gate,bybit,VANRYUSDT,0.005731,0.006127,6.9098,1774054027100
gate,bybit,VANRYUSDT,0.005731,0.006127,6.9098,1774054027409
gate,bybit,VANRYUSDT,0.005731,0.006127,6.9098,1774054027720
gate,bybit,VANRYUSDT,0.005731,0.006127,6.9098,1774054028028
gate,bybit,VANRYUSDT,0.005731,0.006127,6.9098,1774054028340
gate,bybit,VANRYUSDT,0.005731,0.006127,6.9098,1774054028642
gate,bybit,VANRYUSDT,0.005731,0.006127,6.9098,1774054028942
gate,bybit,VANRYUSDT,0.005731,0.006127,6.9098,1774054029242
gate,bybit,VANRYUSDT,0.005731,0.006127,6.9098,1774054029542
gate,bybit,VANRYUSDT,0.005731,0.006127,6.9098,1774054029843
gate,bybit,VANRYUSDT,0.005731,0.006127,6.9098,1774054030148
gate,bybit,VANRYUSDT,0.005731,0.006127,6.9098,1774054030448
gate,bybit,VANRYUSDT,0.005731,0.006127,6.9098,1774054030748
gate,bybit,VANRYUSDT,0.005731,0.006127,6.9098,1774054031048
gate,bybit,VANRYUSDT,0.005731,0.006127,6.9098,1774054031349
gate,bybit,VANRYUSDT,0.005731,0.006127,6.9098,1774054031651
gate,bybit,VANRYUSDT,0.005731,0.006127,6.9098,1774054031951
gate,bybit,VANRYUSDT,0.005731,0.006127,6.9098,1774054032251
