spot_exch,fut_exch,symbol,ask_spot,bid_futures,spread_pct,ts,fr,fr_next,fr_time,s_b1,s_b2,s_b3,s_b4,s_b5,s_b6,s_b7,s_b8,s_b9,s_b10,s_bq1,s_bq2,s_bq3,s_bq4,s_bq5,s_bq6,s_bq7,s_bq8,s_bq9,s_bq10,s_a1,s_a2,s_a3,s_a4,s_a5,s_a6,s_a7,s_a8,s_a9,s_a10,s_aq1,s_aq2,s_aq3,s_aq4,s_aq5,s_aq6,s_aq7,s_aq8,s_aq9,s_aq10,f_b1,f_b2,f_b3,f_b4,f_b5,f_b6,f_b7,f_b8,f_b9,f_b10,f_bq1,f_bq2,f_bq3,f_bq4,f_bq5,f_bq6,f_bq7,f_bq8,f_bq9,f_bq10,f_a1,f_a2,f_a3,f_a4,f_a5,f_a6,f_a7,f_a8,f_a9,f_a10,f_aq1,f_aq2,f_aq3,f_aq4,f_aq5,f_aq6,f_aq7,f_aq8,f_aq9,f_aq10
binance,gate,FUNUSDT,0.00146000,0.03215,2102.0548,1774095612280,,,,0.00145700,145870.00000000,0.00145600,572448.00000000,0.00145500,7207191.00000000,0.00145400,927916.00000000,0.00145300,514403.00000000,0.00145200,888922.00000000,0.00145100,573887.00000000,0.00145000,3060090.00000000,0.00144900,191423.00000000,0.00144800,527603.00000000,0.00146000,9125.00000000,0.00146100,539992.00000000,0.00146200,526363.00000000,0.00146300,72292.00000000,0.00146400,1541279.00000000,0.00146500,81129.00000000,0.00146600,88756.00000000,0.00146700,251750.00000000,0.00146800,861010.00000000,0.00146900,513445.00000000,0.03215,15,0.03214,75,0.03212,15,0.03211,141,0.03209,14,0.03208,90,0.03202,15,0.03201,75,0.032,14,0.03199,10,0.03222,14,0.03223,88,0.03224,14,0.03225,89,0.03227,15,0.03228,75,0.0323,1,0.03232,14,0.03233,10,0.03234,89
binance,gate,FUNUSDT,0.00146000,0.03215,2102.0548,1774095612581,,,,0.00145700,190252.00000000,0.00145600,572448.00000000,0.00145500,7207191.00000000,0.00145400,927916.00000000,0.00145300,514403.00000000,0.00145200,888922.00000000,0.00145100,573887.00000000,0.00145000,3060090.00000000,0.00144900,191423.00000000,0.00144800,527603.00000000,0.00146000,9125.00000000,0.00146100,539992.00000000,0.00146200,526363.00000000,0.00146300,72292.00000000,0.00146400,1541279.00000000,0.00146500,81129.00000000,0.00146600,88756.00000000,0.00146700,251750.00000000,0.00146800,861010.00000000,0.00146900,513445.00000000,0.03215,15,0.03214,75,0.03212,15,0.03211,141,0.03209,14,0.03208,90,0.03202,15,0.03201,75,0.032,14,0.03199,10,0.03222,14,0.03223,88,0.03224,14,0.03225,89,0.03227,15,0.03228,75,0.0323,1,0.03232,14,0.03233,10,0.03234,89
binance,gate,FUNUSDT,0.00146000,0.03215,2102.0548,1774095612881,,,,0.00145700,190252.00000000,0.00145600,572448.00000000,0.00145500,7207191.00000000,0.00145400,1136245.00000000,0.00145300,514403.00000000,0.00145200,888922.00000000,0.00145100,573887.00000000,0.00145000,3060090.00000000,0.00144900,191423.00000000,0.00144800,527603.00000000,0.00146000,9125.00000000,0.00146100,539992.00000000,0.00146200,526363.00000000,0.00146300,72292.00000000,0.00146400,1541279.00000000,0.00146500,81129.00000000,0.00146600,88756.00000000,0.00146700,251750.00000000,0.00146800,861010.00000000,0.00146900,513445.00000000,0.03215,15,0.03214,75,0.03212,15,0.03211,141,0.03209,14,0.03208,90,0.03202,15,0.03201,75,0.032,14,0.03199,10,0.03222,14,0.03223,88,0.03224,14,0.03225,89,0.03227,15,0.03228,75,0.0323,1,0.03232,14,0.03233,10,0.03234,89
binance,gate,FUNUSDT,0.00146000,0.03215,2102.0548,1774095613182,,,,0.00145700,190252.00000000,0.00145600,572448.00000000,0.00145500,7207191.00000000,0.00145400,1136245.00000000,0.00145300,514403.00000000,0.00145200,888922.00000000,0.00145100,573887.00000000,0.00145000,3060090.00000000,0.00144900,191423.00000000,0.00144800,527603.00000000,0.00146000,9125.00000000,0.00146100,539992.00000000,0.00146200,526363.00000000,0.00146300,72292.00000000,0.00146400,1541279.00000000,0.00146500,81129.00000000,0.00146600,88756.00000000,0.00146700,251750.00000000,0.00146800,861010.00000000,0.00146900,513445.00000000,0.03215,15,0.03214,75,0.03212,15,0.03211,141,0.03209,14,0.03208,90,0.03202,15,0.03201,75,0.032,14,0.03199,10,0.03222,14,0.03223,88,0.03224,14,0.03225,89,0.03227,15,0.03228,75,0.0323,1,0.03232,14,0.03233,10,0.03234,89
binance,gate,FUNUSDT,0.00146000,0.03215,2102.0548,1774095613482,,,,0.00145700,190252.00000000,0.00145600,572448.00000000,0.00145500,7207191.00000000,0.00145400,1136245.00000000,0.00145300,514403.00000000,0.00145200,888922.00000000,0.00145100,573887.00000000,0.00145000,3060090.00000000,0.00144900,191423.00000000,0.00144800,527603.00000000,0.00146000,9125.00000000,0.00146100,539992.00000000,0.00146200,526363.00000000,0.00146300,72292.00000000,0.00146400,1541279.00000000,0.00146500,81129.00000000,0.00146600,88756.00000000,0.00146700,251750.00000000,0.00146800,861010.00000000,0.00146900,513445.00000000,0.03215,15,0.03214,75,0.03212,15,0.03211,141,0.03209,14,0.03208,90,0.03202,15,0.03201,75,0.032,14,0.03199,10,0.03222,14,0.03223,88,0.03224,14,0.03225,89,0.03227,15,0.03228,75,0.0323,1,0.03232,14,0.03233,10,0.03234,89
binance,gate,FUNUSDT,0.00146000,0.03215,2102.0548,1774095613782,,,,0.00145700,190252.00000000,0.00145600,572448.00000000,0.00145500,7207191.00000000,0.00145400,1136245.00000000,0.00145300,514403.00000000,0.00145200,888922.00000000,0.00145100,573887.00000000,0.00145000,3060090.00000000,0.00144900,191423.00000000,0.00144800,527603.00000000,0.00146000,9125.00000000,0.00146100,539992.00000000,0.00146200,526363.00000000,0.00146300,72292.00000000,0.00146400,1541279.00000000,0.00146500,81129.00000000,0.00146600,88756.00000000,0.00146700,251750.00000000,0.00146800,861010.00000000,0.00146900,513445.00000000,0.03215,15,0.03214,75,0.03212,15,0.03211,141,0.03209,14,0.03208,90,0.03202,15,0.03201,75,0.032,14,0.03199,10,0.03222,14,0.03223,88,0.03224,14,0.03225,89,0.03227,15,0.03228,75,0.0323,1,0.03232,14,0.03233,10,0.03234,89
binance,gate,FUNUSDT,0.00146000,0.03215,2102.0548,1774095614082,,,,0.00145700,190252.00000000,0.00145600,572448.00000000,0.00145500,7207191.00000000,0.00145400,1136245.00000000,0.00145300,514403.00000000,0.00145200,888922.00000000,0.00145100,573887.00000000,0.00145000,2987298.00000000,0.00144900,191423.00000000,0.00144800,527603.00000000,0.00146000,9125.00000000,0.00146100,539992.00000000,0.00146200,526363.00000000,0.00146300,72292.00000000,0.00146400,2217870.00000000,0.00146500,81129.00000000,0.00146600,88756.00000000,0.00146700,251750.00000000,0.00146800,861010.00000000,0.00146900,513445.00000000,0.03215,15,0.03214,75,0.03212,15,0.03211,141,0.03209,14,0.03208,90,0.03202,15,0.03201,75,0.032,14,0.03199,10,0.03222,14,0.03223,88,0.03224,14,0.03225,89,0.03227,15,0.03228,75,0.0323,1,0.03232,14,0.03233,10,0.03234,89
binance,gate,FUNUSDT,0.00146000,0.03215,2102.0548,1774095614382,,,,0.00145700,190252.00000000,0.00145600,572448.00000000,0.00145500,7207191.00000000,0.00145400,1136245.00000000,0.00145300,514403.00000000,0.00145200,888922.00000000,0.00145100,573887.00000000,0.00145000,2987298.00000000,0.00144900,191423.00000000,0.00144800,527603.00000000,0.00146000,9125.00000000,0.00146100,539992.00000000,0.00146200,526363.00000000,0.00146300,72292.00000000,0.00146400,2217870.00000000,0.00146500,81129.00000000,0.00146600,88756.00000000,0.00146700,251750.00000000,0.00146800,861010.00000000,0.00146900,513445.00000000,0.03215,15,0.03214,75,0.03212,15,0.03211,141,0.03209,14,0.03208,90,0.03202,15,0.03201,75,0.032,14,0.03199,10,0.03222,14,0.03223,88,0.03224,14,0.03225,89,0.03227,15,0.03228,75,0.0323,1,0.03232,14,0.03233,10,0.03234,89
binance,gate,FUNUSDT,0.00146000,0.03215,2102.0548,1774095614683,,,,0.00145700,190252.00000000,0.00145600,572448.00000000,0.00145500,7207191.00000000,0.00145400,1136245.00000000,0.00145300,514403.00000000,0.00145200,888922.00000000,0.00145100,573887.00000000,0.00145000,2987298.00000000,0.00144900,191423.00000000,0.00144800,527603.00000000,0.00146000,9125.00000000,0.00146100,539992.00000000,0.00146200,526363.00000000,0.00146300,72292.00000000,0.00146400,2217870.00000000,0.00146500,81129.00000000,0.00146600,88756.00000000,0.00146700,251750.00000000,0.00146800,861010.00000000,0.00146900,513445.00000000,0.03215,15,0.03214,75,0.03212,15,0.03211,141,0.03209,14,0.03208,90,0.03202,15,0.03201,75,0.032,14,0.03199,10,0.03222,14,0.03223,88,0.03224,14,0.03225,89,0.03227,15,0.03228,75,0.0323,1,0.03232,14,0.03233,10,0.03234,89
binance,gate,FUNUSDT,0.00146000,0.03215,2102.0548,1774095614983,,,,0.00145700,190252.00000000,0.00145600,572448.00000000,0.00145500,7207191.00000000,0.00145400,1136245.00000000,0.00145300,514403.00000000,0.00145200,888922.00000000,0.00145100,573887.00000000,0.00145000,2987298.00000000,0.00144900,191423.00000000,0.00144800,527603.00000000,0.00146000,9125.00000000,0.00146100,539992.00000000,0.00146200,526363.00000000,0.00146300,72292.00000000,0.00146400,2217870.00000000,0.00146500,81129.00000000,0.00146600,88756.00000000,0.00146700,251750.00000000,0.00146800,861010.00000000,0.00146900,513445.00000000,0.03215,15,0.03214,75,0.03212,15,0.03211,141,0.03209,14,0.03208,90,0.03202,15,0.03201,75,0.032,14,0.03199,10,0.03222,14,0.03223,88,0.03224,14,0.03225,89,0.03227,15,0.03228,75,0.0323,1,0.03232,14,0.03233,10,0.03234,89
binance,gate,FUNUSDT,0.00146000,0.03215,2102.0548,1774095615284,,,,0.00145700,190252.00000000,0.00145600,572448.00000000,0.00145500,7207191.00000000,0.00145400,1136245.00000000,0.00145300,514403.00000000,0.00145200,888922.00000000,0.00145100,573887.00000000,0.00145000,2987298.00000000,0.00144900,191423.00000000,0.00144800,527603.00000000,0.00146000,9125.00000000,0.00146100,539992.00000000,0.00146200,526363.00000000,0.00146300,72292.00000000,0.00146400,2217870.00000000,0.00146500,81129.00000000,0.00146600,88756.00000000,0.00146700,251750.00000000,0.00146800,861010.00000000,0.00146900,513445.00000000,0.03215,15,0.03214,75,0.03212,15,0.03211,141,0.03209,14,0.03208,90,0.03202,15,0.03201,75,0.032,14,0.03199,10,0.03222,14,0.03223,88,0.03224,14,0.03225,89,0.03227,15,0.03228,75,0.0323,1,0.03232,14,0.03233,10,0.03234,89
binance,gate,FUNUSDT,0.00146000,0.03215,2102.0548,1774095615584,,,,0.00145700,190252.00000000,0.00145600,572448.00000000,0.00145500,7207191.00000000,0.00145400,1136245.00000000,0.00145300,514403.00000000,0.00145200,888922.00000000,0.00145100,573887.00000000,0.00145000,2987298.00000000,0.00144900,191423.00000000,0.00144800,527603.00000000,0.00146000,9125.00000000,0.00146100,539992.00000000,0.00146200,526363.00000000,0.00146300,72292.00000000,0.00146400,2217870.00000000,0.00146500,81129.00000000,0.00146600,88756.00000000,0.00146700,251750.00000000,0.00146800,861010.00000000,0.00146900,513445.00000000,0.03215,15,0.03214,75,0.03212,15,0.03211,141,0.03209,14,0.03208,90,0.03202,15,0.03201,75,0.032,14,0.03199,10,0.03222,14,0.03223,88,0.03224,14,0.03225,89,0.03227,15,0.03228,75,0.0323,1,0.03232,14,0.03233,10,0.03234,89
binance,gate,FUNUSDT,0.00146000,0.03215,2102.0548,1774095615885,,,,0.00145700,190252.00000000,0.00145600,572448.00000000,0.00145500,7207191.00000000,0.00145400,1136245.00000000,0.00145300,514403.00000000,0.00145200,888922.00000000,0.00145100,573887.00000000,0.00145000,2987298.00000000,0.00144900,191423.00000000,0.00144800,527603.00000000,0.00146000,9125.00000000,0.00146100,539992.00000000,0.00146200,526363.00000000,0.00146300,72292.00000000,0.00146400,2217870.00000000,0.00146500,81129.00000000,0.00146600,88756.00000000,0.00146700,251750.00000000,0.00146800,861010.00000000,0.00146900,513445.00000000,0.03215,15,0.03214,75,0.03212,15,0.03211,141,0.03209,14,0.03208,90,0.03202,15,0.03201,75,0.032,14,0.03199,10,0.03222,14,0.03223,88,0.03224,14,0.03225,89,0.03227,15,0.03228,75,0.0323,1,0.03232,14,0.03233,10,0.03234,89
binance,gate,FUNUSDT,0.00146000,0.03215,2102.0548,1774095616185,,,,0.00145700,190252.00000000,0.00145600,572448.00000000,0.00145500,7207191.00000000,0.00145400,1136245.00000000,0.00145300,514403.00000000,0.00145200,888922.00000000,0.00145100,573887.00000000,0.00145000,2987298.00000000,0.00144900,191423.00000000,0.00144800,527603.00000000,0.00146000,9125.00000000,0.00146100,539992.00000000,0.00146200,526363.00000000,0.00146300,72292.00000000,0.00146400,2217870.00000000,0.00146500,81129.00000000,0.00146600,88756.00000000,0.00146700,251750.00000000,0.00146800,861010.00000000,0.00146900,513445.00000000,0.03215,15,0.03214,75,0.03212,15,0.03211,141,0.03209,14,0.03208,90,0.03202,15,0.03201,75,0.032,14,0.03199,10,0.03222,14,0.03223,88,0.03224,14,0.03225,89,0.03227,15,0.03228,75,0.0323,1,0.03232,14,0.03233,10,0.03234,89
binance,gate,FUNUSDT,0.00146000,0.03215,2102.0548,1774095616485,,,,0.00145700,190252.00000000,0.00145600,572448.00000000,0.00145500,7207191.00000000,0.00145400,1136245.00000000,0.00145300,514403.00000000,0.00145200,888922.00000000,0.00145100,573887.00000000,0.00145000,2987298.00000000,0.00144900,191423.00000000,0.00144800,527603.00000000,0.00146000,9125.00000000,0.00146100,539992.00000000,0.00146200,526363.00000000,0.00146300,72292.00000000,0.00146400,2217870.00000000,0.00146500,81129.00000000,0.00146600,88756.00000000,0.00146700,251750.00000000,0.00146800,861010.00000000,0.00146900,513445.00000000,0.03215,15,0.03214,75,0.03212,15,0.03211,141,0.03209,14,0.03208,90,0.03202,15,0.03201,75,0.032,14,0.03199,10,0.03222,14,0.03223,88,0.03224,14,0.03225,89,0.03227,15,0.03228,75,0.0323,1,0.03232,14,0.03233,10,0.03234,89
binance,gate,FUNUSDT,0.00146000,0.03215,2102.0548,1774095616786,,,,0.00145700,190252.00000000,0.00145600,572448.00000000,0.00145500,7207191.00000000,0.00145400,1136245.00000000,0.00145300,514403.00000000,0.00145200,888922.00000000,0.00145100,573887.00000000,0.00145000,2987298.00000000,0.00144900,191423.00000000,0.00144800,527603.00000000,0.00146000,9125.00000000,0.00146100,539992.00000000,0.00146200,526363.00000000,0.00146300,72292.00000000,0.00146400,2217870.00000000,0.00146500,81129.00000000,0.00146600,88756.00000000,0.00146700,251750.00000000,0.00146800,861010.00000000,0.00146900,513445.00000000,0.03215,15,0.03214,75,0.03212,15,0.03211,141,0.03209,14,0.03208,90,0.03202,15,0.03201,75,0.032,14,0.03199,10,0.03222,14,0.03223,88,0.03224,14,0.03225,89,0.03227,15,0.03228,75,0.0323,1,0.03232,14,0.03233,10,0.03234,89
binance,gate,FUNUSDT,0.00146000,0.03215,2102.0548,1774095617086,,,,0.00145700,190252.00000000,0.00145600,572448.00000000,0.00145500,7207191.00000000,0.00145400,1136245.00000000,0.00145300,514403.00000000,0.00145200,826783.00000000,0.00145100,573887.00000000,0.00145000,2987298.00000000,0.00144900,191423.00000000,0.00144800,527603.00000000,0.00146000,72764.00000000,0.00146100,539992.00000000,0.00146200,526363.00000000,0.00146300,72292.00000000,0.00146400,2217870.00000000,0.00146500,81129.00000000,0.00146600,88756.00000000,0.00146700,251750.00000000,0.00146800,861010.00000000,0.00146900,513445.00000000,0.03215,15,0.03214,75,0.03212,15,0.03211,141,0.03209,14,0.03208,90,0.03202,15,0.03201,75,0.032,14,0.03199,10,0.03222,14,0.03223,88,0.03224,14,0.03225,89,0.03227,15,0.03228,75,0.0323,1,0.03232,14,0.03233,10,0.03234,89
binance,gate,FUNUSDT,0.00146000,0.03215,2102.0548,1774095617386,,,,0.00145700,190252.00000000,0.00145600,572448.00000000,0.00145500,7207191.00000000,0.00145400,1136245.00000000,0.00145300,514403.00000000,0.00145200,826783.00000000,0.00145100,573887.00000000,0.00145000,2987298.00000000,0.00144900,191423.00000000,0.00144800,527603.00000000,0.00146000,72764.00000000,0.00146100,539992.00000000,0.00146200,526363.00000000,0.00146300,72292.00000000,0.00146400,2217870.00000000,0.00146500,81129.00000000,0.00146600,88756.00000000,0.00146700,251750.00000000,0.00146800,861010.00000000,0.00146900,513445.00000000,0.03215,15,0.03214,75,0.03212,15,0.03211,141,0.03209,14,0.03208,90,0.03202,15,0.03201,75,0.032,14,0.03199,10,0.03222,14,0.03223,88,0.03224,14,0.03225,89,0.03227,15,0.03228,75,0.0323,1,0.03232,14,0.03233,10,0.03234,89
binance,gate,FUNUSDT,0.00146000,0.03215,2102.0548,1774095617686,,,,0.00145700,190252.00000000,0.00145600,572448.00000000,0.00145500,7207191.00000000,0.00145400,1136245.00000000,0.00145300,514403.00000000,0.00145200,826783.00000000,0.00145100,573887.00000000,0.00145000,2987298.00000000,0.00144900,191423.00000000,0.00144800,527603.00000000,0.00146000,72764.00000000,0.00146100,539992.00000000,0.00146200,526363.00000000,0.00146300,72292.00000000,0.00146400,2217870.00000000,0.00146500,81129.00000000,0.00146600,88756.00000000,0.00146700,251750.00000000,0.00146800,861010.00000000,0.00146900,513445.00000000,0.03215,15,0.03214,75,0.03212,15,0.03211,141,0.03209,14,0.03208,90,0.03202,15,0.03201,75,0.032,14,0.03199,10,0.03222,14,0.03223,88,0.03224,14,0.03225,89,0.03227,15,0.03228,75,0.0323,1,0.03232,14,0.03233,10,0.03234,89
binance,gate,FUNUSDT,0.00146000,0.03215,2102.0548,1774095617986,,,,0.00145700,71854.00000000,0.00145600,572448.00000000,0.00145500,7207191.00000000,0.00145400,1113354.00000000,0.00145300,514403.00000000,0.00145200,826783.00000000,0.00145100,573887.00000000,0.00145000,2987298.00000000,0.00144900,264685.00000000,0.00144800,527603.00000000,0.00146000,72764.00000000,0.00146100,539992.00000000,0.00146200,526363.00000000,0.00146300,532141.00000000,0.00146400,1746228.00000000,0.00146500,81129.00000000,0.00146600,88756.00000000,0.00146700,251750.00000000,0.00146800,861010.00000000,0.00146900,513445.00000000,0.03215,15,0.03214,75,0.03212,15,0.03211,89,0.0321,52,0.03209,14,0.03208,90,0.03202,15,0.03201,75,0.032,14,0.03222,15,0.03223,88,0.03224,14,0.03225,89,0.03227,15,0.03228,75,0.0323,1,0.03232,14,0.03233,10,0.03234,89
binance,gate,FUNUSDT,0.00146000,0.03215,2102.0548,1774095618287,,,,0.00145700,71854.00000000,0.00145600,572448.00000000,0.00145500,7207191.00000000,0.00145400,1113354.00000000,0.00145300,514403.00000000,0.00145200,826783.00000000,0.00145100,573887.00000000,0.00145000,2987298.00000000,0.00144900,264685.00000000,0.00144800,527603.00000000,0.00146000,72764.00000000,0.00146100,539992.00000000,0.00146200,526363.00000000,0.00146300,532141.00000000,0.00146400,1746228.00000000,0.00146500,81129.00000000,0.00146600,88756.00000000,0.00146700,251750.00000000,0.00146800,861010.00000000,0.00146900,513445.00000000,0.03215,15,0.03214,75,0.03212,15,0.03211,89,0.0321,52,0.03209,14,0.03208,90,0.03202,15,0.03201,75,0.032,14,0.03222,15,0.03223,88,0.03224,14,0.03225,89,0.03227,15,0.03228,75,0.0323,1,0.03232,14,0.03233,10,0.03234,89
binance,gate,FUNUSDT,0.00146000,0.03215,2102.0548,1774095618587,,,,0.00145700,71854.00000000,0.00145600,572448.00000000,0.00145500,7207191.00000000,0.00145400,1113354.00000000,0.00145300,514403.00000000,0.00145200,826783.00000000,0.00145100,573887.00000000,0.00145000,2987298.00000000,0.00144900,264685.00000000,0.00144800,527603.00000000,0.00146000,72764.00000000,0.00146100,539992.00000000,0.00146200,526363.00000000,0.00146300,532141.00000000,0.00146400,1746228.00000000,0.00146500,81129.00000000,0.00146600,88756.00000000,0.00146700,251750.00000000,0.00146800,861010.00000000,0.00146900,513445.00000000,0.03215,15,0.03214,75,0.03212,15,0.03211,89,0.0321,52,0.03209,14,0.03208,90,0.03202,15,0.03201,75,0.032,14,0.03222,15,0.03223,88,0.03224,14,0.03225,89,0.03227,15,0.03228,75,0.0323,1,0.03232,14,0.03233,10,0.03234,89
binance,gate,FUNUSDT,0.00145900,0.03215,2103.5641,1774095618887,,,,0.00145700,71854.00000000,0.00145600,572448.00000000,0.00145500,7207191.00000000,0.00145400,1113354.00000000,0.00145300,514403.00000000,0.00145200,826783.00000000,0.00145100,573887.00000000,0.00145000,2987298.00000000,0.00144900,264685.00000000,0.00144800,527603.00000000,0.00145900,20714.00000000,0.00146000,131294.00000000,0.00146100,539992.00000000,0.00146200,526363.00000000,0.00146300,532141.00000000,0.00146400,1746228.00000000,0.00146500,81129.00000000,0.00146600,88756.00000000,0.00146700,251750.00000000,0.00146800,861010.00000000,0.03215,15,0.03214,75,0.03212,15,0.03211,89,0.0321,52,0.03209,14,0.03208,90,0.03202,15,0.03201,75,0.032,14,0.03222,15,0.03223,88,0.03224,14,0.03225,89,0.03227,15,0.03228,75,0.0323,1,0.03232,14,0.03233,10,0.03234,89
binance,gate,FUNUSDT,0.00145900,0.03215,2103.5641,1774095619188,,,,0.00145700,71854.00000000,0.00145600,572448.00000000,0.00145500,7207191.00000000,0.00145400,1113354.00000000,0.00145300,514403.00000000,0.00145200,826783.00000000,0.00145100,573887.00000000,0.00145000,2987298.00000000,0.00144900,264685.00000000,0.00144800,527603.00000000,0.00145900,20714.00000000,0.00146000,577865.00000000,0.00146100,539992.00000000,0.00146200,526363.00000000,0.00146300,532141.00000000,0.00146400,1746228.00000000,0.00146500,81129.00000000,0.00146600,88756.00000000,0.00146700,251750.00000000,0.00146800,861010.00000000,0.03215,15,0.03214,75,0.03212,15,0.03211,89,0.0321,52,0.03209,14,0.03208,90,0.03202,15,0.03201,75,0.032,14,0.03222,15,0.03223,88,0.03224,14,0.03225,89,0.03227,15,0.03228,75,0.0323,1,0.03232,14,0.03233,10,0.03234,89
binance,gate,FUNUSDT,0.00145900,0.03215,2103.5641,1774095619488,,,,0.00145700,71854.00000000,0.00145600,572448.00000000,0.00145500,7207191.00000000,0.00145400,1113354.00000000,0.00145300,514403.00000000,0.00145200,826783.00000000,0.00145100,573887.00000000,0.00145000,2987298.00000000,0.00144900,264685.00000000,0.00144800,527603.00000000,0.00145900,20714.00000000,0.00146000,577865.00000000,0.00146100,539992.00000000,0.00146200,526363.00000000,0.00146300,532141.00000000,0.00146400,1746228.00000000,0.00146500,81129.00000000,0.00146600,88756.00000000,0.00146700,251750.00000000,0.00146800,861010.00000000,0.03215,15,0.03214,75,0.03212,15,0.03211,89,0.0321,52,0.03209,14,0.03208,90,0.03202,15,0.03201,75,0.032,14,0.03222,15,0.03223,88,0.03224,14,0.03225,89,0.03227,15,0.03228,75,0.0323,1,0.03232,14,0.03233,10,0.03234,89
binance,gate,FUNUSDT,0.00145900,0.03215,2103.5641,1774095619788,,,,0.00145600,646678.00000000,0.00145500,7207191.00000000,0.00145400,1113354.00000000,0.00145300,514403.00000000,0.00145200,826783.00000000,0.00145100,515995.00000000,0.00145000,2513768.00000000,0.00144900,264685.00000000,0.00144800,595733.00000000,0.00144600,190899.00000000,0.00145900,93976.00000000,0.00146000,577865.00000000,0.00146100,985835.00000000,0.00146200,72292.00000000,0.00146300,532141.00000000,0.00146400,1746228.00000000,0.00146500,81129.00000000,0.00146600,88756.00000000,0.00146700,251750.00000000,0.00146800,797174.00000000,0.03215,15,0.03214,75,0.03212,15,0.03211,89,0.0321,52,0.03209,14,0.03208,90,0.03202,15,0.03201,75,0.032,14,0.03222,15,0.03223,88,0.03224,14,0.03225,89,0.03227,15,0.03228,75,0.0323,1,0.03232,14,0.03233,10,0.03234,89
binance,gate,FUNUSDT,0.00145900,0.03215,2103.5641,1774095620089,,,,0.00145600,646678.00000000,0.00145500,7207191.00000000,0.00145400,1113354.00000000,0.00145300,514403.00000000,0.00145200,826783.00000000,0.00145100,515995.00000000,0.00145000,2513768.00000000,0.00144900,264685.00000000,0.00144800,595733.00000000,0.00144600,190899.00000000,0.00145900,93976.00000000,0.00146000,577865.00000000,0.00146100,985835.00000000,0.00146200,72292.00000000,0.00146300,532141.00000000,0.00146400,1746228.00000000,0.00146500,81129.00000000,0.00146600,88756.00000000,0.00146700,251750.00000000,0.00146800,797174.00000000,0.03215,15,0.03214,75,0.03212,15,0.03211,89,0.0321,52,0.03209,14,0.03208,90,0.03202,15,0.03201,75,0.032,14,0.03222,15,0.03223,88,0.03224,14,0.03225,89,0.03227,15,0.03228,75,0.0323,1,0.03232,14,0.03233,10,0.03234,89
binance,gate,FUNUSDT,0.00145900,0.03215,2103.5641,1774095620390,,,,0.00145600,646678.00000000,0.00145500,7207191.00000000,0.00145400,1113354.00000000,0.00145300,514403.00000000,0.00145200,826783.00000000,0.00145100,515995.00000000,0.00145000,2322410.00000000,0.00144900,264685.00000000,0.00144800,595733.00000000,0.00144600,190899.00000000,0.00145900,93976.00000000,0.00146000,577865.00000000,0.00146100,985835.00000000,0.00146200,72292.00000000,0.00146300,532141.00000000,0.00146400,1746228.00000000,0.00146500,81129.00000000,0.00146600,88756.00000000,0.00146700,251750.00000000,0.00146800,797174.00000000,0.03215,15,0.03214,75,0.03212,15,0.03211,89,0.0321,52,0.03209,14,0.03208,90,0.03202,15,0.03201,75,0.032,14,0.03222,15,0.03223,88,0.03224,14,0.03225,89,0.03227,15,0.03228,75,0.0323,1,0.03232,14,0.03233,10,0.03234,89
binance,gate,FUNUSDT,0.00145900,0.03215,2103.5641,1774095620690,,,,0.00145600,646678.00000000,0.00145500,7207191.00000000,0.00145400,1113354.00000000,0.00145300,514403.00000000,0.00145200,826783.00000000,0.00145100,515995.00000000,0.00145000,2322410.00000000,0.00144900,264685.00000000,0.00144800,595733.00000000,0.00144600,190899.00000000,0.00145900,93976.00000000,0.00146000,577865.00000000,0.00146100,985835.00000000,0.00146200,72292.00000000,0.00146300,532141.00000000,0.00146400,1746228.00000000,0.00146500,81129.00000000,0.00146600,88756.00000000,0.00146700,251750.00000000,0.00146800,797174.00000000,0.03215,15,0.03214,75,0.03212,15,0.03211,89,0.0321,52,0.03209,14,0.03208,90,0.03202,15,0.03201,75,0.032,14,0.03222,15,0.03223,88,0.03224,14,0.03225,89,0.03227,15,0.03228,75,0.0323,1,0.03232,14,0.03233,10,0.03234,89
binance,gate,FUNUSDT,0.00145900,0.03215,2103.5641,1774095620991,,,,0.00145600,646678.00000000,0.00145500,7207191.00000000,0.00145400,1113354.00000000,0.00145300,514403.00000000,0.00145200,826783.00000000,0.00145100,515995.00000000,0.00145000,2322410.00000000,0.00144900,264685.00000000,0.00144800,595733.00000000,0.00144600,190899.00000000,0.00145900,93976.00000000,0.00146000,577865.00000000,0.00146100,985835.00000000,0.00146200,72292.00000000,0.00146300,532141.00000000,0.00146400,1746228.00000000,0.00146500,81129.00000000,0.00146600,88756.00000000,0.00146700,251750.00000000,0.00146800,797174.00000000,0.03215,15,0.03214,75,0.03212,15,0.03211,89,0.0321,52,0.03209,14,0.03208,90,0.03202,15,0.03201,75,0.032,14,0.03222,15,0.03223,88,0.03224,14,0.03225,89,0.03227,15,0.03228,75,0.0323,1,0.03232,14,0.03233,10,0.03234,89
binance,gate,FUNUSDT,0.00145900,0.03215,2103.5641,1774095621291,,,,0.00145600,646678.00000000,0.00145500,7207191.00000000,0.00145400,1113354.00000000,0.00145300,514403.00000000,0.00145200,826783.00000000,0.00145100,515995.00000000,0.00145000,2322410.00000000,0.00144900,264685.00000000,0.00144800,595733.00000000,0.00144600,190899.00000000,0.00145900,93976.00000000,0.00146000,577865.00000000,0.00146100,985835.00000000,0.00146200,72292.00000000,0.00146300,532141.00000000,0.00146400,1746228.00000000,0.00146500,81129.00000000,0.00146600,88756.00000000,0.00146700,251750.00000000,0.00146800,797174.00000000,0.03215,15,0.03214,75,0.03212,15,0.03211,89,0.0321,52,0.03209,14,0.03208,90,0.03202,15,0.03201,75,0.032,14,0.03222,15,0.03223,88,0.03224,14,0.03225,89,0.03227,15,0.03228,75,0.0323,1,0.03232,14,0.03233,10,0.03234,89
binance,gate,FUNUSDT,0.00145900,0.03215,2103.5641,1774095621592,,,,0.00145600,646678.00000000,0.00145500,7207191.00000000,0.00145400,1113354.00000000,0.00145300,514403.00000000,0.00145200,826783.00000000,0.00145100,515995.00000000,0.00145000,2322410.00000000,0.00144900,264685.00000000,0.00144800,595733.00000000,0.00144600,190899.00000000,0.00145900,93976.00000000,0.00146000,577865.00000000,0.00146100,985835.00000000,0.00146200,72292.00000000,0.00146300,532141.00000000,0.00146400,1746228.00000000,0.00146500,81129.00000000,0.00146600,88756.00000000,0.00146700,251750.00000000,0.00146800,797174.00000000,0.03215,15,0.03214,75,0.03212,15,0.03211,89,0.0321,52,0.03209,14,0.03208,90,0.03202,15,0.03201,75,0.032,14,0.03222,15,0.03223,88,0.03224,14,0.03225,89,0.03227,15,0.03228,75,0.0323,1,0.03232,14,0.03233,10,0.03234,89
binance,gate,FUNUSDT,0.00145900,0.03215,2103.5641,1774095621892,,,,0.00145600,646678.00000000,0.00145500,7207191.00000000,0.00145400,1113354.00000000,0.00145300,514403.00000000,0.00145200,826783.00000000,0.00145100,515995.00000000,0.00145000,2322410.00000000,0.00144900,264685.00000000,0.00144800,595733.00000000,0.00144600,190899.00000000,0.00145900,93976.00000000,0.00146000,577865.00000000,0.00146100,985835.00000000,0.00146200,72292.00000000,0.00146300,532141.00000000,0.00146400,1746228.00000000,0.00146500,81129.00000000,0.00146600,88756.00000000,0.00146700,251750.00000000,0.00146800,797174.00000000,0.03215,15,0.03214,75,0.03212,15,0.03211,89,0.0321,52,0.03209,14,0.03208,90,0.03202,15,0.03201,75,0.032,14,0.03222,15,0.03223,88,0.03224,14,0.03225,89,0.03227,15,0.03228,75,0.0323,1,0.03232,14,0.03233,10,0.03234,89
binance,gate,FUNUSDT,0.00145900,0.03215,2103.5641,1774095622192,,,,0.00145600,646678.00000000,0.00145500,7207191.00000000,0.00145400,1113354.00000000,0.00145300,514403.00000000,0.00145200,826783.00000000,0.00145100,515995.00000000,0.00145000,2322410.00000000,0.00144900,264685.00000000,0.00144800,595733.00000000,0.00144600,190899.00000000,0.00145900,93976.00000000,0.00146000,577865.00000000,0.00146100,985835.00000000,0.00146200,72292.00000000,0.00146300,532141.00000000,0.00146400,1746228.00000000,0.00146500,81129.00000000,0.00146600,88756.00000000,0.00146700,251750.00000000,0.00146800,797174.00000000,0.03215,15,0.03214,75,0.03212,15,0.03211,89,0.0321,52,0.03209,14,0.03208,90,0.03202,15,0.03201,75,0.032,14,0.03222,15,0.03223,88,0.03224,14,0.03225,89,0.03227,15,0.03228,75,0.0323,1,0.03232,14,0.03233,10,0.03234,89
binance,gate,FUNUSDT,0.00145900,0.03215,2103.5641,1774095622493,,,,0.00145600,646678.00000000,0.00145500,7207191.00000000,0.00145400,1113354.00000000,0.00145300,514403.00000000,0.00145200,826783.00000000,0.00145100,515995.00000000,0.00145000,2322410.00000000,0.00144900,264685.00000000,0.00144800,595733.00000000,0.00144600,190899.00000000,0.00145900,93976.00000000,0.00146000,577865.00000000,0.00146100,985835.00000000,0.00146200,72292.00000000,0.00146300,532141.00000000,0.00146400,1746228.00000000,0.00146500,81129.00000000,0.00146600,88756.00000000,0.00146700,251750.00000000,0.00146800,797174.00000000,0.03215,15,0.03214,75,0.03212,15,0.03211,89,0.0321,52,0.03209,14,0.03208,90,0.03202,15,0.03201,75,0.032,14,0.03222,15,0.03223,88,0.03224,14,0.03225,89,0.03227,15,0.03228,75,0.0323,1,0.03232,14,0.03233,10,0.03234,89
binance,gate,FUNUSDT,0.00145900,0.03215,2103.5641,1774095622794,,,,0.00145600,646678.00000000,0.00145500,7207191.00000000,0.00145400,1113354.00000000,0.00145300,514403.00000000,0.00145200,826783.00000000,0.00145100,515995.00000000,0.00145000,2322410.00000000,0.00144900,264685.00000000,0.00144800,595733.00000000,0.00144600,190899.00000000,0.00145900,93976.00000000,0.00146000,577865.00000000,0.00146100,985835.00000000,0.00146200,72292.00000000,0.00146300,532141.00000000,0.00146400,1746228.00000000,0.00146500,81129.00000000,0.00146600,88756.00000000,0.00146700,251750.00000000,0.00146800,797174.00000000,0.03215,15,0.03214,75,0.03212,15,0.03211,89,0.0321,52,0.03209,14,0.03208,90,0.03202,15,0.03201,75,0.032,14,0.03222,15,0.03223,88,0.03224,14,0.03225,89,0.03227,15,0.03228,75,0.0323,1,0.03232,14,0.03233,10,0.03234,89
binance,gate,FUNUSDT,0.00145900,0.03215,2103.5641,1774095623094,,,,0.00145600,646678.00000000,0.00145500,7207191.00000000,0.00145400,1113354.00000000,0.00145300,514403.00000000,0.00145200,826783.00000000,0.00145100,515995.00000000,0.00145000,2322410.00000000,0.00144900,264685.00000000,0.00144800,595733.00000000,0.00144600,190899.00000000,0.00145900,93976.00000000,0.00146000,577865.00000000,0.00146100,985835.00000000,0.00146200,72292.00000000,0.00146300,532141.00000000,0.00146400,1746228.00000000,0.00146500,81129.00000000,0.00146600,88756.00000000,0.00146700,251750.00000000,0.00146800,797174.00000000,0.03215,15,0.03214,75,0.03212,15,0.03211,89,0.0321,52,0.03209,14,0.03208,90,0.03202,15,0.03201,75,0.032,14,0.03223,74,0.03224,14,0.03225,89,0.03227,15,0.03228,75,0.0323,1,0.03232,14,0.03233,10,0.03234,89,0.03235,15
binance,gate,FUNUSDT,0.00145900,0.03215,2103.5641,1774095623395,,,,0.00145600,646678.00000000,0.00145500,7207191.00000000,0.00145400,1113354.00000000,0.00145300,514403.00000000,0.00145200,826783.00000000,0.00145100,515995.00000000,0.00145000,2322410.00000000,0.00144900,264685.00000000,0.00144800,595733.00000000,0.00144600,190899.00000000,0.00145900,93976.00000000,0.00146000,577865.00000000,0.00146100,985835.00000000,0.00146200,72292.00000000,0.00146300,532141.00000000,0.00146400,1746228.00000000,0.00146500,81129.00000000,0.00146600,88756.00000000,0.00146700,251750.00000000,0.00146800,797174.00000000,0.03215,15,0.03214,75,0.03212,15,0.03211,89,0.0321,52,0.03209,14,0.03208,90,0.03202,15,0.03201,75,0.032,14,0.03222,15,0.03223,74,0.03224,14,0.03225,89,0.03227,15,0.03228,75,0.0323,1,0.03232,14,0.03233,10,0.03234,89
binance,gate,FUNUSDT,0.00145900,0.03215,2103.5641,1774095623695,,,,0.00145600,646678.00000000,0.00145500,7207191.00000000,0.00145400,1113354.00000000,0.00145300,514403.00000000,0.00145200,826783.00000000,0.00145100,515995.00000000,0.00145000,2322410.00000000,0.00144900,264685.00000000,0.00144800,595733.00000000,0.00144600,190899.00000000,0.00145900,93976.00000000,0.00146000,577865.00000000,0.00146100,985835.00000000,0.00146200,72292.00000000,0.00146300,532141.00000000,0.00146400,1746228.00000000,0.00146500,81129.00000000,0.00146600,88756.00000000,0.00146700,251750.00000000,0.00146800,797174.00000000,0.03215,15,0.03214,75,0.03212,15,0.03211,89,0.0321,52,0.03209,14,0.03208,90,0.03202,15,0.03201,75,0.032,14,0.03222,15,0.03223,74,0.03224,14,0.03225,89,0.03227,15,0.03228,75,0.0323,1,0.03232,14,0.03233,10,0.03234,89
binance,gate,FUNUSDT,0.00145900,0.03215,2103.5641,1774095623996,,,,0.00145600,646678.00000000,0.00145500,7207191.00000000,0.00145400,1113354.00000000,0.00145300,514403.00000000,0.00145200,826783.00000000,0.00145100,515995.00000000,0.00145000,2322410.00000000,0.00144900,264685.00000000,0.00144800,595733.00000000,0.00144600,190899.00000000,0.00145900,93976.00000000,0.00146000,577865.00000000,0.00146100,985835.00000000,0.00146200,72292.00000000,0.00146300,532141.00000000,0.00146400,1746228.00000000,0.00146500,81129.00000000,0.00146600,88756.00000000,0.00146700,251750.00000000,0.00146800,797174.00000000,0.03215,15,0.03214,75,0.03212,15,0.03211,89,0.0321,52,0.03209,14,0.03208,90,0.03202,15,0.03201,75,0.032,14,0.03222,15,0.03223,74,0.03224,14,0.03225,89,0.03227,15,0.03228,75,0.0323,1,0.03232,14,0.03233,10,0.03234,89
binance,gate,FUNUSDT,0.00145900,0.03215,2103.5641,1774095624296,,,,0.00145600,646678.00000000,0.00145500,7207191.00000000,0.00145400,1113354.00000000,0.00145300,514403.00000000,0.00145200,826783.00000000,0.00145100,515995.00000000,0.00145000,2322410.00000000,0.00144900,264685.00000000,0.00144800,595733.00000000,0.00144600,190899.00000000,0.00145900,93976.00000000,0.00146000,577865.00000000,0.00146100,985835.00000000,0.00146200,72292.00000000,0.00146300,532141.00000000,0.00146400,1746228.00000000,0.00146500,81129.00000000,0.00146600,88756.00000000,0.00146700,251750.00000000,0.00146800,797174.00000000,0.03215,15,0.03214,75,0.03212,15,0.03211,89,0.0321,52,0.03209,14,0.03208,90,0.03202,15,0.03201,75,0.032,14,0.03222,15,0.03223,74,0.03224,14,0.03225,89,0.03227,15,0.03228,75,0.0323,1,0.03232,14,0.03233,10,0.03234,89
binance,gate,FUNUSDT,0.00145900,0.03215,2103.5641,1774095624596,,,,0.00145600,646678.00000000,0.00145500,7207191.00000000,0.00145400,1113354.00000000,0.00145300,514403.00000000,0.00145200,826783.00000000,0.00145100,515995.00000000,0.00145000,73333.00000000,0.00144900,264685.00000000,0.00144800,595733.00000000,0.00144600,190899.00000000,0.00145900,93976.00000000,0.00146000,577865.00000000,0.00146100,985835.00000000,0.00146200,72292.00000000,0.00146300,532141.00000000,0.00146400,1746228.00000000,0.00146500,81129.00000000,0.00146600,88756.00000000,0.00146700,251750.00000000,0.00146800,797174.00000000,0.03215,15,0.03214,75,0.03212,15,0.03211,89,0.0321,52,0.03209,14,0.03208,90,0.03202,15,0.03201,75,0.032,14,0.03222,15,0.03223,74,0.03224,14,0.03225,89,0.03227,15,0.03228,75,0.0323,1,0.03232,14,0.03233,10,0.03234,89
binance,gate,FUNUSDT,0.00145900,0.03215,2103.5641,1774095624897,,,,0.00145600,646678.00000000,0.00145500,7207191.00000000,0.00145400,1113354.00000000,0.00145300,514403.00000000,0.00145200,826783.00000000,0.00145100,515995.00000000,0.00145000,73333.00000000,0.00144900,264685.00000000,0.00144800,595733.00000000,0.00144600,190899.00000000,0.00145900,93976.00000000,0.00146000,577865.00000000,0.00146100,985835.00000000,0.00146200,72292.00000000,0.00146300,532141.00000000,0.00146400,1746228.00000000,0.00146500,81129.00000000,0.00146600,88756.00000000,0.00146700,251750.00000000,0.00146800,797174.00000000,0.03215,15,0.03214,75,0.03212,15,0.03211,89,0.0321,52,0.03209,14,0.03208,90,0.03202,15,0.03201,75,0.032,14,0.03222,15,0.03223,74,0.03224,14,0.03225,89,0.03227,15,0.03228,75,0.0323,1,0.03232,14,0.03233,10,0.03234,89
binance,gate,FUNUSDT,0.00145900,0.03215,2103.5641,1774095625197,,,,0.00145600,646678.00000000,0.00145500,7207191.00000000,0.00145400,1113354.00000000,0.00145300,514403.00000000,0.00145200,826783.00000000,0.00145100,515995.00000000,0.00145000,73333.00000000,0.00144900,264685.00000000,0.00144800,595733.00000000,0.00144600,190899.00000000,0.00145900,93976.00000000,0.00146000,577865.00000000,0.00146100,985835.00000000,0.00146200,72292.00000000,0.00146300,532141.00000000,0.00146400,1746228.00000000,0.00146500,81129.00000000,0.00146600,88756.00000000,0.00146700,251750.00000000,0.00146800,797174.00000000,0.03215,15,0.03214,75,0.03212,15,0.03211,89,0.0321,52,0.03209,14,0.03208,90,0.03202,15,0.03201,75,0.032,14,0.03222,15,0.03223,74,0.03224,14,0.03225,89,0.03227,15,0.03228,75,0.0323,1,0.03232,14,0.03233,10,0.03234,89
binance,gate,FUNUSDT,0.00145900,0.03215,2103.5641,1774095625497,,,,0.00145600,646678.00000000,0.00145500,7207191.00000000,0.00145400,1113354.00000000,0.00145300,514403.00000000,0.00145200,826783.00000000,0.00145100,515995.00000000,0.00145000,73333.00000000,0.00144900,264685.00000000,0.00144800,595733.00000000,0.00144600,190899.00000000,0.00145900,93976.00000000,0.00146000,577865.00000000,0.00146100,985835.00000000,0.00146200,72292.00000000,0.00146300,532141.00000000,0.00146400,1746228.00000000,0.00146500,81129.00000000,0.00146600,88756.00000000,0.00146700,251750.00000000,0.00146800,797174.00000000,0.03215,15,0.03214,75,0.03212,15,0.03211,89,0.0321,52,0.03209,14,0.03208,90,0.03202,15,0.03201,75,0.032,14,0.03222,15,0.03223,74,0.03224,14,0.03225,89,0.03227,15,0.03228,75,0.0323,1,0.03232,14,0.03233,10,0.03234,89
binance,gate,FUNUSDT,0.00145900,0.03215,2103.5641,1774095625797,,,,0.00145600,646678.00000000,0.00145500,7207191.00000000,0.00145400,1113354.00000000,0.00145300,514403.00000000,0.00145200,826783.00000000,0.00145100,515995.00000000,0.00145000,73333.00000000,0.00144900,264685.00000000,0.00144800,595733.00000000,0.00144600,190899.00000000,0.00145900,93976.00000000,0.00146000,577865.00000000,0.00146100,985835.00000000,0.00146200,72292.00000000,0.00146300,532141.00000000,0.00146400,1746228.00000000,0.00146500,81129.00000000,0.00146600,88756.00000000,0.00146700,251750.00000000,0.00146800,797174.00000000,0.03215,15,0.03214,75,0.03212,15,0.03211,89,0.0321,52,0.03209,14,0.03208,90,0.03202,15,0.03201,75,0.032,14,0.03222,15,0.03223,74,0.03224,14,0.03225,89,0.03227,15,0.03228,75,0.0323,1,0.03232,14,0.03233,10,0.03234,89
binance,gate,FUNUSDT,0.00145900,0.03215,2103.5641,1774095626097,,,,0.00145600,646678.00000000,0.00145500,7207191.00000000,0.00145400,1113354.00000000,0.00145300,514403.00000000,0.00145200,826783.00000000,0.00145100,515995.00000000,0.00145000,73333.00000000,0.00144900,264685.00000000,0.00144800,595733.00000000,0.00144600,190899.00000000,0.00145900,93976.00000000,0.00146000,577865.00000000,0.00146100,985835.00000000,0.00146200,72292.00000000,0.00146300,532141.00000000,0.00146400,1746228.00000000,0.00146500,81129.00000000,0.00146600,88756.00000000,0.00146700,251750.00000000,0.00146800,797174.00000000,0.03215,15,0.03214,75,0.03212,15,0.03211,89,0.0321,52,0.03209,14,0.03208,90,0.03202,15,0.03201,75,0.032,14,0.03222,15,0.03223,74,0.03224,14,0.03225,89,0.03227,15,0.03228,75,0.0323,1,0.03232,14,0.03233,10,0.03234,89
binance,gate,FUNUSDT,0.00145900,0.03215,2103.5641,1774095626398,,,,0.00145600,646678.00000000,0.00145500,7207191.00000000,0.00145400,1113354.00000000,0.00145300,514403.00000000,0.00145200,826783.00000000,0.00145100,515995.00000000,0.00145000,73333.00000000,0.00144900,264685.00000000,0.00144800,595733.00000000,0.00144600,190899.00000000,0.00145900,93976.00000000,0.00146000,577865.00000000,0.00146100,985835.00000000,0.00146200,72292.00000000,0.00146300,532141.00000000,0.00146400,1746228.00000000,0.00146500,81129.00000000,0.00146600,88756.00000000,0.00146700,251750.00000000,0.00146800,797174.00000000,0.03215,15,0.03214,75,0.03212,15,0.03211,89,0.0321,52,0.03209,14,0.03208,90,0.03202,15,0.03201,75,0.032,14,0.03222,15,0.03223,74,0.03224,14,0.03225,89,0.03227,15,0.03228,75,0.0323,1,0.03232,14,0.03233,10,0.03234,89
binance,gate,FUNUSDT,0.00145900,0.03215,2103.5641,1774095626698,,,,0.00145600,646678.00000000,0.00145500,7207191.00000000,0.00145400,1113354.00000000,0.00145300,514403.00000000,0.00145200,826783.00000000,0.00145100,515995.00000000,0.00145000,73333.00000000,0.00144900,264685.00000000,0.00144800,595733.00000000,0.00144600,190899.00000000,0.00145900,93976.00000000,0.00146000,577865.00000000,0.00146100,985835.00000000,0.00146200,72292.00000000,0.00146300,532141.00000000,0.00146400,1746228.00000000,0.00146500,81129.00000000,0.00146600,88756.00000000,0.00146700,251750.00000000,0.00146800,797174.00000000,0.03215,15,0.03214,75,0.03212,15,0.03211,89,0.0321,52,0.03209,14,0.03208,90,0.03202,15,0.03201,75,0.032,14,0.03222,15,0.03223,74,0.03224,14,0.03225,89,0.03227,15,0.03228,75,0.0323,1,0.03232,14,0.03233,10,0.03234,89
binance,gate,FUNUSDT,0.00145900,0.03215,2103.5641,1774095626998,,,,0.00145600,646678.00000000,0.00145500,7207191.00000000,0.00145400,1113354.00000000,0.00145300,514403.00000000,0.00145200,826783.00000000,0.00145100,515995.00000000,0.00145000,73333.00000000,0.00144900,264685.00000000,0.00144800,595733.00000000,0.00144600,190899.00000000,0.00145900,93976.00000000,0.00146000,577865.00000000,0.00146100,985835.00000000,0.00146200,72292.00000000,0.00146300,532141.00000000,0.00146400,1746228.00000000,0.00146500,81129.00000000,0.00146600,88756.00000000,0.00146700,251750.00000000,0.00146800,797174.00000000,0.03215,15,0.03214,75,0.03212,15,0.03211,89,0.0321,52,0.03209,14,0.03208,90,0.03202,15,0.03201,75,0.032,14,0.03222,15,0.03223,74,0.03224,14,0.03225,89,0.03227,15,0.03228,75,0.0323,1,0.03232,14,0.03233,10,0.03234,89
binance,gate,FUNUSDT,0.00145900,0.03215,2103.5641,1774095627299,,,,0.00145600,646678.00000000,0.00145500,7207191.00000000,0.00145400,1113354.00000000,0.00145300,514403.00000000,0.00145200,826783.00000000,0.00145100,515995.00000000,0.00145000,73333.00000000,0.00144900,264685.00000000,0.00144800,595733.00000000,0.00144600,190899.00000000,0.00145900,93976.00000000,0.00146000,577865.00000000,0.00146100,985835.00000000,0.00146200,72292.00000000,0.00146300,532141.00000000,0.00146400,1746228.00000000,0.00146500,81129.00000000,0.00146600,88756.00000000,0.00146700,251750.00000000,0.00146800,797174.00000000,0.03215,15,0.03214,75,0.03212,15,0.03211,89,0.0321,52,0.03209,14,0.03208,90,0.03202,15,0.03201,75,0.032,14,0.03222,15,0.03223,74,0.03224,14,0.03225,89,0.03227,15,0.03228,75,0.0323,1,0.03232,14,0.03233,10,0.03234,89
binance,gate,FUNUSDT,0.00145900,0.03215,2103.5641,1774095627602,,,,0.00145600,646678.00000000,0.00145500,7207191.00000000,0.00145400,1113354.00000000,0.00145300,514403.00000000,0.00145200,826783.00000000,0.00145100,515995.00000000,0.00145000,73333.00000000,0.00144900,264685.00000000,0.00144800,595733.00000000,0.00144600,190899.00000000,0.00145900,93976.00000000,0.00146000,577865.00000000,0.00146100,985835.00000000,0.00146200,72292.00000000,0.00146300,532141.00000000,0.00146400,1746228.00000000,0.00146500,81129.00000000,0.00146600,88756.00000000,0.00146700,251750.00000000,0.00146800,797174.00000000,0.03215,15,0.03214,75,0.03212,15,0.03211,89,0.0321,52,0.03209,14,0.03208,90,0.03202,15,0.03201,75,0.032,14,0.03222,15,0.03223,74,0.03224,14,0.03225,89,0.03227,15,0.03228,75,0.0323,1,0.03232,14,0.03233,10,0.03234,89
binance,gate,FUNUSDT,0.00145900,0.03215,2103.5641,1774095627902,,,,0.00145600,646678.00000000,0.00145500,7207191.00000000,0.00145400,1113354.00000000,0.00145300,514403.00000000,0.00145200,826783.00000000,0.00145100,515995.00000000,0.00145000,73333.00000000,0.00144900,264685.00000000,0.00144800,595733.00000000,0.00144600,190899.00000000,0.00145900,93976.00000000,0.00146000,577865.00000000,0.00146100,985835.00000000,0.00146200,72292.00000000,0.00146300,532141.00000000,0.00146400,1746228.00000000,0.00146500,81129.00000000,0.00146600,88756.00000000,0.00146700,251750.00000000,0.00146800,797174.00000000,0.03215,15,0.03214,75,0.03212,15,0.03211,89,0.0321,52,0.03209,14,0.03208,90,0.03202,15,0.03201,75,0.032,14,0.03222,15,0.03223,74,0.03224,14,0.03225,89,0.03227,15,0.03228,75,0.0323,1,0.03232,14,0.03233,10,0.03234,89
binance,gate,FUNUSDT,0.00145900,0.03215,2103.5641,1774095628205,,,,0.00145600,646678.00000000,0.00145500,7207191.00000000,0.00145400,1113354.00000000,0.00145300,514403.00000000,0.00145200,826783.00000000,0.00145100,515995.00000000,0.00145000,73333.00000000,0.00144900,264685.00000000,0.00144800,595733.00000000,0.00144600,190899.00000000,0.00145900,93976.00000000,0.00146000,577865.00000000,0.00146100,985835.00000000,0.00146200,72292.00000000,0.00146300,532141.00000000,0.00146400,1746228.00000000,0.00146500,81129.00000000,0.00146600,88756.00000000,0.00146700,251750.00000000,0.00146800,797174.00000000,0.03215,15,0.03214,75,0.03212,15,0.03211,89,0.0321,52,0.03209,14,0.03208,90,0.03202,15,0.03201,75,0.032,14,0.03222,15,0.03223,74,0.03224,14,0.03225,89,0.03227,15,0.03228,75,0.0323,1,0.03232,14,0.03233,10,0.03234,89
binance,gate,FUNUSDT,0.00145900,0.03215,2103.5641,1774095628506,,,,0.00145600,646678.00000000,0.00145500,7207191.00000000,0.00145400,1113354.00000000,0.00145300,514403.00000000,0.00145200,826783.00000000,0.00145100,515995.00000000,0.00145000,73333.00000000,0.00144900,264685.00000000,0.00144800,595733.00000000,0.00144600,190899.00000000,0.00145900,93976.00000000,0.00146000,577865.00000000,0.00146100,985835.00000000,0.00146200,72292.00000000,0.00146300,532141.00000000,0.00146400,1746228.00000000,0.00146500,81129.00000000,0.00146600,88756.00000000,0.00146700,251750.00000000,0.00146800,797174.00000000,0.03215,15,0.03214,75,0.03212,15,0.03211,89,0.0321,52,0.03209,14,0.03208,90,0.03202,15,0.03201,75,0.032,14,0.03223,14,0.03224,88,0.03225,89,0.03227,15,0.03228,75,0.0323,1,0.03232,14,0.03233,10,0.03234,89,0.03235,15
binance,gate,FUNUSDT,0.00145900,0.03215,2103.5641,1774095628808,,,,0.00145600,646678.00000000,0.00145500,7207191.00000000,0.00145400,1113354.00000000,0.00145300,514403.00000000,0.00145200,826783.00000000,0.00145100,515995.00000000,0.00145000,73333.00000000,0.00144900,264685.00000000,0.00144800,595733.00000000,0.00144600,190899.00000000,0.00145900,93976.00000000,0.00146000,577865.00000000,0.00146100,985835.00000000,0.00146200,72292.00000000,0.00146300,532141.00000000,0.00146400,1746228.00000000,0.00146500,81129.00000000,0.00146600,88756.00000000,0.00146700,251750.00000000,0.00146800,797174.00000000,0.03215,15,0.03214,75,0.03212,15,0.03211,89,0.0321,52,0.03209,14,0.03208,90,0.03202,15,0.03201,75,0.032,14,0.03223,14,0.03224,88,0.03225,89,0.03227,15,0.03228,75,0.0323,1,0.03232,14,0.03233,10,0.03234,89,0.03235,15
binance,gate,FUNUSDT,0.00145900,0.03215,2103.5641,1774095629113,,,,0.00145600,646678.00000000,0.00145500,7207191.00000000,0.00145400,668178.00000000,0.00145300,514403.00000000,0.00145200,826783.00000000,0.00145100,515995.00000000,0.00145000,73333.00000000,0.00144900,264685.00000000,0.00144800,595733.00000000,0.00144600,190899.00000000,0.00145900,93976.00000000,0.00146000,577865.00000000,0.00146100,539992.00000000,0.00146200,72292.00000000,0.00146300,532141.00000000,0.00146400,1293980.00000000,0.00146500,81129.00000000,0.00146600,88756.00000000,0.00146700,251750.00000000,0.00146800,797174.00000000,0.03215,15,0.03214,75,0.03212,15,0.03211,89,0.0321,52,0.03209,14,0.03208,90,0.03202,15,0.03201,75,0.032,14,0.03222,14,0.03223,88,0.03224,14,0.03225,89,0.03227,15,0.03228,75,0.0323,1,0.03232,14,0.03233,10,0.03234,89
binance,gate,FUNUSDT,0.00145900,0.03215,2103.5641,1774095629417,,,,0.00145600,646678.00000000,0.00145500,7207191.00000000,0.00145400,668178.00000000,0.00145300,514403.00000000,0.00145200,826783.00000000,0.00145100,515995.00000000,0.00145000,73333.00000000,0.00144900,264685.00000000,0.00144800,595733.00000000,0.00144600,190899.00000000,0.00145900,93976.00000000,0.00146000,577865.00000000,0.00146100,539992.00000000,0.00146200,72292.00000000,0.00146300,532141.00000000,0.00146400,1293980.00000000,0.00146500,81129.00000000,0.00146600,88756.00000000,0.00146700,251750.00000000,0.00146800,797174.00000000,0.03215,15,0.03214,75,0.03212,15,0.03211,89,0.0321,52,0.03209,14,0.03208,90,0.03202,15,0.03201,75,0.032,14,0.03222,14,0.03223,88,0.03224,14,0.03225,89,0.03227,15,0.03228,75,0.0323,1,0.03232,14,0.03233,10,0.03234,89
binance,gate,FUNUSDT,0.00145900,0.03215,2103.5641,1774095629719,,,,0.00145600,646678.00000000,0.00145500,7207191.00000000,0.00145400,668178.00000000,0.00145300,514403.00000000,0.00145200,826783.00000000,0.00145100,515995.00000000,0.00145000,73333.00000000,0.00144900,264685.00000000,0.00144800,595733.00000000,0.00144600,190899.00000000,0.00145900,93976.00000000,0.00146000,577865.00000000,0.00146100,539992.00000000,0.00146200,72292.00000000,0.00146300,532141.00000000,0.00146400,1293980.00000000,0.00146500,81129.00000000,0.00146600,88756.00000000,0.00146700,251750.00000000,0.00146800,797174.00000000,0.03215,15,0.03214,75,0.03212,15,0.03211,89,0.0321,52,0.03209,14,0.03208,90,0.03202,15,0.03201,75,0.032,14,0.03222,14,0.03223,88,0.03224,14,0.03225,89,0.03227,15,0.03228,75,0.0323,1,0.03232,14,0.03233,10,0.03234,89
binance,gate,FUNUSDT,0.00145900,0.03215,2103.5641,1774095630022,,,,0.00145600,646678.00000000,0.00145500,7207191.00000000,0.00145400,668178.00000000,0.00145300,514403.00000000,0.00145200,826783.00000000,0.00145100,515995.00000000,0.00145000,73333.00000000,0.00144900,264685.00000000,0.00144800,595733.00000000,0.00144600,190899.00000000,0.00145900,93976.00000000,0.00146000,577865.00000000,0.00146100,539992.00000000,0.00146200,72292.00000000,0.00146300,532141.00000000,0.00146400,1293980.00000000,0.00146500,81129.00000000,0.00146600,88756.00000000,0.00146700,251750.00000000,0.00146800,797174.00000000,0.03215,15,0.03214,75,0.03212,15,0.03211,89,0.0321,52,0.03209,14,0.03208,90,0.03202,15,0.03201,75,0.032,14,0.03222,14,0.03223,88,0.03224,14,0.03225,89,0.03227,15,0.03228,75,0.0323,1,0.03232,14,0.03233,10,0.03234,89
binance,gate,FUNUSDT,0.00145800,0.03215,2105.0754,1774095630325,,,,0.00145600,213047.00000000,0.00145500,7420793.00000000,0.00145300,1421126.00000000,0.00145200,8521.00000000,0.00145100,970052.00000000,0.00145000,73333.00000000,0.00144900,418202.00000000,0.00144800,595733.00000000,0.00144600,190899.00000000,0.00144500,4674838.00000000,0.00145800,9125.00000000,0.00145900,144234.00000000,0.00146000,1484588.00000000,0.00146100,539992.00000000,0.00146200,524958.00000000,0.00146300,72292.00000000,0.00146400,1293980.00000000,0.00146500,81129.00000000,0.00146600,88756.00000000,0.00146700,251750.00000000,0.03215,15,0.03214,75,0.03212,15,0.03211,89,0.0321,52,0.03209,14,0.03208,90,0.03202,15,0.03201,75,0.032,14,0.03222,14,0.03223,88,0.03224,14,0.03225,89,0.03227,15,0.03228,75,0.0323,1,0.03232,14,0.03233,10,0.03234,89
binance,gate,FUNUSDT,0.00145800,0.03215,2105.0754,1774095630626,,,,0.00145600,213047.00000000,0.00145500,7420793.00000000,0.00145300,1421126.00000000,0.00145200,8521.00000000,0.00145100,970052.00000000,0.00145000,73333.00000000,0.00144900,609625.00000000,0.00144800,595733.00000000,0.00144600,190899.00000000,0.00144500,4674838.00000000,0.00145800,9125.00000000,0.00145900,133238.00000000,0.00146000,1484588.00000000,0.00146100,539992.00000000,0.00146200,524958.00000000,0.00146300,72292.00000000,0.00146400,1293980.00000000,0.00146500,81129.00000000,0.00146600,88756.00000000,0.00146700,251750.00000000,0.03215,15,0.03214,75,0.03212,15,0.03211,89,0.0321,52,0.03209,14,0.03208,90,0.03202,15,0.03201,75,0.032,14,0.03222,14,0.03223,88,0.03224,14,0.03225,89,0.03227,15,0.03228,75,0.0323,1,0.03232,14,0.03233,10,0.03234,89
binance,gate,FUNUSDT,0.00145800,0.03215,2105.0754,1774095630926,,,,0.00145600,213047.00000000,0.00145500,7116433.00000000,0.00145300,514403.00000000,0.00145200,664666.00000000,0.00145100,970052.00000000,0.00145000,73333.00000000,0.00144900,418202.00000000,0.00144800,595733.00000000,0.00144700,62584.00000000,0.00144600,190899.00000000,0.00145800,82724.00000000,0.00145900,73262.00000000,0.00146000,1484588.00000000,0.00146100,539992.00000000,0.00146200,524958.00000000,0.00146300,72292.00000000,0.00146400,1293980.00000000,0.00146500,81129.00000000,0.00146600,280179.00000000,0.00146700,704475.00000000,0.03215,15,0.03214,75,0.03212,15,0.03211,89,0.0321,52,0.03209,14,0.03208,90,0.03202,15,0.03201,75,0.032,14,0.03222,14,0.03223,88,0.03224,14,0.03225,89,0.03227,15,0.03228,75,0.0323,1,0.03232,14,0.03233,10,0.03234,89
binance,gate,FUNUSDT,0.00145800,0.03215,2105.0754,1774095631228,,,,0.00145600,213047.00000000,0.00145500,7116433.00000000,0.00145300,514403.00000000,0.00145200,664666.00000000,0.00145100,970052.00000000,0.00145000,73333.00000000,0.00144900,418202.00000000,0.00144800,595733.00000000,0.00144700,62584.00000000,0.00144600,190899.00000000,0.00145800,82724.00000000,0.00145900,73262.00000000,0.00146000,1484588.00000000,0.00146100,539992.00000000,0.00146200,524958.00000000,0.00146300,72292.00000000,0.00146400,617389.00000000,0.00146500,81129.00000000,0.00146600,280179.00000000,0.00146700,704475.00000000,0.03215,15,0.03214,75,0.03212,15,0.03211,89,0.0321,52,0.03209,14,0.03208,90,0.03202,15,0.03201,75,0.032,14,0.03222,14,0.03223,88,0.03224,14,0.03225,89,0.03227,15,0.03228,75,0.0323,1,0.03232,14,0.03233,10,0.03234,89
binance,gate,FUNUSDT,0.00145800,0.03215,2105.0754,1774095631528,,,,0.00145600,213047.00000000,0.00145500,7116433.00000000,0.00145300,514403.00000000,0.00145200,664666.00000000,0.00145100,970052.00000000,0.00145000,73333.00000000,0.00144900,418202.00000000,0.00144800,595733.00000000,0.00144700,62584.00000000,0.00144600,190899.00000000,0.00145800,82724.00000000,0.00145900,73262.00000000,0.00146000,1484588.00000000,0.00146100,1159500.00000000,0.00146200,524958.00000000,0.00146300,72292.00000000,0.00146400,617389.00000000,0.00146500,81129.00000000,0.00146600,280179.00000000,0.00146700,704475.00000000,0.03215,15,0.03214,75,0.03212,15,0.03211,89,0.0321,52,0.03209,14,0.03208,90,0.03202,15,0.03201,75,0.032,14,0.03222,14,0.03223,88,0.03224,14,0.03225,89,0.03227,15,0.03228,75,0.0323,1,0.03232,14,0.03233,10,0.03234,89
binance,gate,FUNUSDT,0.00145800,0.03215,2105.0754,1774095631829,,,,0.00145600,213047.00000000,0.00145500,7116433.00000000,0.00145300,514403.00000000,0.00145200,664666.00000000,0.00145100,970052.00000000,0.00145000,73333.00000000,0.00144900,418202.00000000,0.00144800,595733.00000000,0.00144700,62584.00000000,0.00144600,190899.00000000,0.00145800,82724.00000000,0.00145900,73262.00000000,0.00146000,1484588.00000000,0.00146100,1159500.00000000,0.00146200,524958.00000000,0.00146300,72292.00000000,0.00146400,617389.00000000,0.00146500,81129.00000000,0.00146600,280179.00000000,0.00146700,704475.00000000,0.03215,15,0.03214,75,0.03212,15,0.03211,89,0.0321,52,0.03209,14,0.03208,90,0.03202,15,0.03201,75,0.032,14,0.03222,14,0.03223,88,0.03224,14,0.03225,89,0.03227,15,0.03228,75,0.0323,1,0.03232,14,0.03233,10,0.03234,89
binance,gate,FUNUSDT,0.00145800,0.03215,2105.0754,1774095632129,,,,0.00145600,213047.00000000,0.00145500,7116433.00000000,0.00145300,514403.00000000,0.00145200,664666.00000000,0.00145100,970052.00000000,0.00145000,73333.00000000,0.00144900,418202.00000000,0.00144800,595733.00000000,0.00144700,62584.00000000,0.00144600,190899.00000000,0.00145800,82724.00000000,0.00145900,73262.00000000,0.00146000,1484588.00000000,0.00146100,1159500.00000000,0.00146200,524958.00000000,0.00146300,72292.00000000,0.00146400,617389.00000000,0.00146500,81129.00000000,0.00146600,280179.00000000,0.00146700,704475.00000000,0.03215,15,0.03214,75,0.03212,15,0.03211,89,0.0321,52,0.03209,14,0.03208,90,0.03202,15,0.03201,75,0.032,14,0.03222,14,0.03223,88,0.03224,14,0.03225,89,0.03227,15,0.03228,75,0.0323,1,0.03232,14,0.03233,10,0.03234,89
binance,gate,FUNUSDT,0.00145800,0.03215,2105.0754,1774095632429,,,,0.00145600,213047.00000000,0.00145500,7116433.00000000,0.00145300,514403.00000000,0.00145200,664666.00000000,0.00145100,970052.00000000,0.00145000,73333.00000000,0.00144900,418202.00000000,0.00144800,595733.00000000,0.00144700,62584.00000000,0.00144600,190899.00000000,0.00145800,82724.00000000,0.00145900,73262.00000000,0.00146000,1484588.00000000,0.00146100,1159500.00000000,0.00146200,524958.00000000,0.00146300,72292.00000000,0.00146400,617389.00000000,0.00146500,81129.00000000,0.00146600,280179.00000000,0.00146700,704475.00000000,0.03215,15,0.03214,75,0.03212,15,0.03211,89,0.0321,52,0.03209,14,0.03208,90,0.03202,15,0.03201,75,0.032,14,0.03222,14,0.03223,88,0.03224,14,0.03225,89,0.03227,15,0.03228,75,0.0323,1,0.03232,14,0.03233,10,0.03234,89
binance,gate,FUNUSDT,0.00145800,0.03215,2105.0754,1774095632730,0.00005,0.00005,,0.00145600,213047.00000000,0.00145500,7116433.00000000,0.00145300,514403.00000000,0.00145200,461342.00000000,0.00145100,970052.00000000,0.00145000,73333.00000000,0.00144900,418202.00000000,0.00144800,595733.00000000,0.00144700,62584.00000000,0.00144600,190899.00000000,0.00145800,82724.00000000,0.00145900,73262.00000000,0.00146000,1484588.00000000,0.00146100,1159500.00000000,0.00146200,524958.00000000,0.00146300,72292.00000000,0.00146400,617389.00000000,0.00146500,81129.00000000,0.00146600,280179.00000000,0.00146700,704475.00000000,0.03215,15,0.03214,75,0.03212,15,0.03211,89,0.0321,52,0.03209,14,0.03208,90,0.03202,15,0.03201,75,0.032,14,0.03222,14,0.03223,88,0.03224,14,0.03225,89,0.03227,15,0.03228,75,0.0323,1,0.03232,14,0.03233,10,0.03234,89
binance,gate,FUNUSDT,0.00145800,0.03215,2105.0754,1774095633030,0.00005,0.00005,,0.00145600,213047.00000000,0.00145500,7116433.00000000,0.00145300,974874.00000000,0.00145200,461342.00000000,0.00145100,970052.00000000,0.00145000,73333.00000000,0.00144900,418202.00000000,0.00144800,595733.00000000,0.00144700,62584.00000000,0.00144600,190899.00000000,0.00145800,82724.00000000,0.00145900,73262.00000000,0.00146000,1484588.00000000,0.00146100,1159500.00000000,0.00146200,524958.00000000,0.00146300,72292.00000000,0.00146400,617389.00000000,0.00146500,81129.00000000,0.00146600,280179.00000000,0.00146700,704475.00000000,0.03215,15,0.03214,75,0.03212,15,0.03211,89,0.0321,52,0.03209,14,0.03208,90,0.03202,15,0.03201,75,0.032,14,0.03222,14,0.03223,88,0.03224,14,0.03225,89,0.03227,15,0.03228,75,0.0323,1,0.03232,14,0.03233,10,0.03234,89
binance,gate,FUNUSDT,0.00145800,0.03215,2105.0754,1774095633333,0.00005,0.00005,,0.00145600,213047.00000000,0.00145500,7116433.00000000,0.00145300,974874.00000000,0.00145200,461342.00000000,0.00145100,970052.00000000,0.00145000,73333.00000000,0.00144900,418202.00000000,0.00144800,595733.00000000,0.00144700,62584.00000000,0.00144600,190899.00000000,0.00145800,82724.00000000,0.00145900,73262.00000000,0.00146000,1484588.00000000,0.00146100,1159500.00000000,0.00146200,524958.00000000,0.00146300,72292.00000000,0.00146400,617389.00000000,0.00146500,81129.00000000,0.00146600,280179.00000000,0.00146700,704475.00000000,0.03215,15,0.03214,75,0.03212,15,0.03211,89,0.0321,52,0.03209,14,0.03208,90,0.03202,15,0.03201,75,0.032,14,0.03222,14,0.03223,88,0.03224,14,0.03225,89,0.03227,15,0.03228,75,0.0323,1,0.03232,14,0.03233,10,0.03234,89
binance,gate,FUNUSDT,0.00145800,0.03215,2105.0754,1774095633633,0.00005,0.00005,,0.00145600,213047.00000000,0.00145500,7116433.00000000,0.00145300,974874.00000000,0.00145200,461342.00000000,0.00145100,1171544.00000000,0.00145000,73333.00000000,0.00144900,418202.00000000,0.00144800,595733.00000000,0.00144700,62584.00000000,0.00144600,190899.00000000,0.00145800,82724.00000000,0.00145900,73262.00000000,0.00146000,1484588.00000000,0.00146100,1159500.00000000,0.00146200,524958.00000000,0.00146300,72292.00000000,0.00146400,617389.00000000,0.00146500,81129.00000000,0.00146600,280179.00000000,0.00146700,704475.00000000,0.03215,15,0.03214,75,0.03212,15,0.03211,89,0.0321,52,0.03209,14,0.03208,90,0.03202,15,0.03201,75,0.032,14,0.03222,14,0.03223,88,0.03224,14,0.03225,89,0.03227,15,0.03228,75,0.0323,1,0.03232,14,0.03233,10,0.03234,89
binance,gate,FUNUSDT,0.00145800,0.03215,2105.0754,1774095633933,0.00005,0.00005,,0.00145600,213047.00000000,0.00145500,7116433.00000000,0.00145300,974874.00000000,0.00145200,461342.00000000,0.00145100,1171544.00000000,0.00145000,73333.00000000,0.00144900,418202.00000000,0.00144800,595733.00000000,0.00144700,62584.00000000,0.00144600,190899.00000000,0.00145800,82724.00000000,0.00145900,73262.00000000,0.00146000,1484588.00000000,0.00146100,1159500.00000000,0.00146200,524958.00000000,0.00146300,72292.00000000,0.00146400,617389.00000000,0.00146500,81129.00000000,0.00146600,280179.00000000,0.00146700,704475.00000000,0.03215,15,0.03214,75,0.03212,15,0.03211,89,0.0321,52,0.03209,14,0.03208,90,0.03202,15,0.03201,75,0.032,14,0.03222,14,0.03223,88,0.03224,14,0.03225,89,0.03227,15,0.03228,75,0.0323,1,0.03232,14,0.03233,10,0.03234,89
binance,gate,FUNUSDT,0.00145800,0.03215,2105.0754,1774095634233,0.00005,0.00005,,0.00145600,213047.00000000,0.00145500,7116433.00000000,0.00145300,974874.00000000,0.00145200,461342.00000000,0.00145100,1171544.00000000,0.00145000,73333.00000000,0.00144900,418202.00000000,0.00144800,595733.00000000,0.00144700,62584.00000000,0.00144600,190899.00000000,0.00145800,82724.00000000,0.00145900,73262.00000000,0.00146000,1484588.00000000,0.00146100,1159500.00000000,0.00146200,524958.00000000,0.00146300,72292.00000000,0.00146400,617389.00000000,0.00146500,81129.00000000,0.00146600,280179.00000000,0.00146700,704475.00000000,0.03215,15,0.03214,75,0.03212,15,0.03211,89,0.0321,52,0.03209,14,0.03208,90,0.03202,15,0.03201,75,0.032,14,0.03223,74,0.03224,14,0.03225,89,0.03227,15,0.03228,75,0.0323,1,0.03232,14,0.03233,10,0.03234,89,0.03235,15
binance,gate,FUNUSDT,0.00145800,0.03215,2105.0754,1774095634534,0.00005,0.00005,,0.00145600,213047.00000000,0.00145500,7116433.00000000,0.00145300,974874.00000000,0.00145200,461342.00000000,0.00145100,1171544.00000000,0.00145000,73333.00000000,0.00144900,418202.00000000,0.00144800,595733.00000000,0.00144700,62584.00000000,0.00144600,190899.00000000,0.00145800,82724.00000000,0.00145900,73262.00000000,0.00146000,1484588.00000000,0.00146100,1159500.00000000,0.00146200,524958.00000000,0.00146300,72292.00000000,0.00146400,617389.00000000,0.00146500,81129.00000000,0.00146600,280179.00000000,0.00146700,704475.00000000,0.03215,15,0.03214,75,0.03212,15,0.03211,89,0.0321,52,0.03209,14,0.03208,90,0.03202,15,0.03201,75,0.032,14,0.03222,14,0.03223,74,0.03224,14,0.03225,89,0.03227,15,0.03228,75,0.0323,1,0.03232,14,0.03233,10,0.03234,89
binance,gate,FUNUSDT,0.00145800,0.03215,2105.0754,1774095634834,0.00005,0.00005,,0.00145600,213047.00000000,0.00145500,7116433.00000000,0.00145300,974874.00000000,0.00145200,461342.00000000,0.00145100,1171544.00000000,0.00145000,73333.00000000,0.00144900,418202.00000000,0.00144800,595733.00000000,0.00144700,62584.00000000,0.00144600,190899.00000000,0.00145800,82724.00000000,0.00145900,73262.00000000,0.00146000,1484588.00000000,0.00146100,1159500.00000000,0.00146200,524958.00000000,0.00146300,72292.00000000,0.00146400,617389.00000000,0.00146500,81129.00000000,0.00146600,280179.00000000,0.00146700,704475.00000000,0.03215,15,0.03214,75,0.03212,15,0.03211,89,0.0321,52,0.03209,14,0.03208,90,0.03202,15,0.03201,75,0.032,14,0.03222,14,0.03223,74,0.03224,14,0.03225,89,0.03227,15,0.03228,75,0.0323,1,0.03232,14,0.03233,10,0.03234,89
binance,gate,FUNUSDT,0.00145800,0.03215,2105.0754,1774095635142,0.00005,0.00005,,0.00145600,213047.00000000,0.00145500,7116433.00000000,0.00145300,974874.00000000,0.00145200,461342.00000000,0.00145100,1171544.00000000,0.00145000,73333.00000000,0.00144900,418202.00000000,0.00144800,595733.00000000,0.00144700,62584.00000000,0.00144600,190899.00000000,0.00145800,82724.00000000,0.00145900,73262.00000000,0.00146000,1484588.00000000,0.00146100,1159500.00000000,0.00146200,524958.00000000,0.00146300,72292.00000000,0.00146400,617389.00000000,0.00146500,81129.00000000,0.00146600,280179.00000000,0.00146700,704475.00000000,0.03215,15,0.03214,75,0.03212,15,0.03211,89,0.0321,52,0.03209,14,0.03208,90,0.03202,15,0.03201,75,0.032,14,0.03222,14,0.03223,74,0.03224,14,0.03225,89,0.03227,15,0.03228,75,0.0323,1,0.03232,14,0.03233,10,0.03234,89
binance,gate,FUNUSDT,0.00145700,0.03215,2106.5889,1774095635442,0.00005,0.00005,,0.00145600,213047.00000000,0.00145500,7116433.00000000,0.00145300,974874.00000000,0.00145200,461342.00000000,0.00145100,1171544.00000000,0.00145000,73333.00000000,0.00144900,418202.00000000,0.00144800,595733.00000000,0.00144700,62584.00000000,0.00144600,190899.00000000,0.00145700,29839.00000000,0.00145800,156805.00000000,0.00145900,73262.00000000,0.00146000,1484588.00000000,0.00146100,1159500.00000000,0.00146200,524958.00000000,0.00146300,72292.00000000,0.00146400,617389.00000000,0.00146500,81129.00000000,0.00146600,280179.00000000,0.03215,15,0.03214,75,0.03212,15,0.03211,89,0.0321,52,0.03209,14,0.03208,90,0.03202,15,0.03201,75,0.032,14,0.03222,14,0.03223,74,0.03224,14,0.03225,89,0.03227,15,0.03228,75,0.0323,1,0.03232,14,0.03233,10,0.03234,89
binance,gate,FUNUSDT,0.00145800,0.03215,2105.0754,1774095635743,0.00005,0.00005,,0.00145600,213047.00000000,0.00145500,7116433.00000000,0.00145300,974874.00000000,0.00145200,461342.00000000,0.00145100,1171544.00000000,0.00145000,73333.00000000,0.00144900,418202.00000000,0.00144800,595733.00000000,0.00144700,62584.00000000,0.00144600,190899.00000000,0.00145800,73599.00000000,0.00145900,73262.00000000,0.00146000,1484588.00000000,0.00146100,1159500.00000000,0.00146200,524958.00000000,0.00146300,72292.00000000,0.00146400,617389.00000000,0.00146500,81129.00000000,0.00146600,280179.00000000,0.00146700,704475.00000000,0.03215,15,0.03214,75,0.03212,15,0.03211,89,0.0321,52,0.03209,14,0.03208,90,0.03202,15,0.03201,75,0.032,14,0.03222,14,0.03223,74,0.03224,14,0.03225,89,0.03227,15,0.03228,75,0.0323,1,0.03232,14,0.03233,10,0.03234,89
binance,gate,FUNUSDT,0.00145800,0.03215,2105.0754,1774095636047,0.00005,0.00005,,0.00145600,213047.00000000,0.00145500,7116433.00000000,0.00145300,974874.00000000,0.00145200,461342.00000000,0.00145100,1171544.00000000,0.00145000,73333.00000000,0.00144900,418202.00000000,0.00144800,595733.00000000,0.00144700,62584.00000000,0.00144600,190899.00000000,0.00145800,73599.00000000,0.00145900,73262.00000000,0.00146000,1484588.00000000,0.00146100,1159500.00000000,0.00146200,524958.00000000,0.00146300,72292.00000000,0.00146400,617389.00000000,0.00146500,81129.00000000,0.00146600,280179.00000000,0.00146700,704475.00000000,0.03215,15,0.03214,75,0.03212,15,0.03211,89,0.0321,52,0.03209,14,0.03208,90,0.03202,15,0.03201,75,0.032,14,0.03222,14,0.03223,74,0.03224,14,0.03225,89,0.03227,15,0.03228,75,0.0323,1,0.03232,14,0.03233,10,0.03234,89
binance,gate,FUNUSDT,0.00145800,0.03215,2105.0754,1774095636348,0.00005,0.00005,,0.00145600,213047.00000000,0.00145500,7116433.00000000,0.00145300,974874.00000000,0.00145200,461342.00000000,0.00145100,1171544.00000000,0.00145000,73333.00000000,0.00144900,418202.00000000,0.00144800,595733.00000000,0.00144700,62584.00000000,0.00144600,190899.00000000,0.00145800,73599.00000000,0.00145900,73262.00000000,0.00146000,1484588.00000000,0.00146100,1159500.00000000,0.00146200,524958.00000000,0.00146300,72292.00000000,0.00146400,617389.00000000,0.00146500,81129.00000000,0.00146600,280179.00000000,0.00146700,704475.00000000,0.03215,15,0.03214,75,0.03212,15,0.03211,89,0.0321,52,0.03209,14,0.03208,90,0.03202,15,0.03201,75,0.032,14,0.03222,14,0.03223,74,0.03224,14,0.03225,89,0.03227,15,0.03228,75,0.0323,1,0.03232,14,0.03233,10,0.03234,89
binance,gate,FUNUSDT,0.00145800,0.03215,2105.0754,1774095636648,0.00005,0.00005,,0.00145600,213047.00000000,0.00145500,7116433.00000000,0.00145300,974874.00000000,0.00145200,461342.00000000,0.00145100,1171544.00000000,0.00145000,73333.00000000,0.00144900,418202.00000000,0.00144800,595733.00000000,0.00144700,62584.00000000,0.00144600,190899.00000000,0.00145800,73599.00000000,0.00145900,73262.00000000,0.00146000,1484588.00000000,0.00146100,1159500.00000000,0.00146200,524958.00000000,0.00146300,72292.00000000,0.00146400,617389.00000000,0.00146500,81129.00000000,0.00146600,280179.00000000,0.00146700,704475.00000000,0.03215,15,0.03214,75,0.03212,15,0.03211,89,0.0321,52,0.03209,14,0.03208,90,0.03202,15,0.03201,75,0.032,14,0.03222,14,0.03223,74,0.03224,14,0.03225,89,0.03227,15,0.03228,75,0.0323,1,0.03232,14,0.03233,10,0.03234,89
binance,gate,FUNUSDT,0.00145800,0.03215,2105.0754,1774095636961,0.00005,0.00005,,0.00145600,213047.00000000,0.00145500,7116433.00000000,0.00145300,974874.00000000,0.00145200,461342.00000000,0.00145100,1171544.00000000,0.00145000,73333.00000000,0.00144900,418202.00000000,0.00144800,595733.00000000,0.00144700,62584.00000000,0.00144600,190899.00000000,0.00145800,73599.00000000,0.00145900,73262.00000000,0.00146000,1484588.00000000,0.00146100,1159500.00000000,0.00146200,524958.00000000,0.00146300,72292.00000000,0.00146400,617389.00000000,0.00146500,81129.00000000,0.00146600,280179.00000000,0.00146700,704475.00000000,0.03215,15,0.03214,75,0.03212,15,0.03211,89,0.0321,52,0.03209,14,0.03208,90,0.03202,15,0.03201,75,0.032,14,0.03222,14,0.03223,74,0.03224,14,0.03225,89,0.03227,15,0.03228,75,0.0323,1,0.03232,14,0.03233,10,0.03234,89
binance,gate,FUNUSDT,0.00145800,0.03215,2105.0754,1774095637262,0.00005,0.00005,,0.00145600,213047.00000000,0.00145500,7116433.00000000,0.00145300,974874.00000000,0.00145200,461342.00000000,0.00145100,1171544.00000000,0.00145000,73333.00000000,0.00144900,418202.00000000,0.00144800,595733.00000000,0.00144700,62584.00000000,0.00144600,190899.00000000,0.00145800,73599.00000000,0.00145900,73262.00000000,0.00146000,1484588.00000000,0.00146100,1159500.00000000,0.00146200,524958.00000000,0.00146300,72292.00000000,0.00146400,617389.00000000,0.00146500,81129.00000000,0.00146600,280179.00000000,0.00146700,704475.00000000,0.03215,15,0.03214,75,0.03212,15,0.03211,89,0.0321,52,0.03209,14,0.03208,90,0.03202,15,0.03201,75,0.032,14,0.03222,14,0.03223,74,0.03224,14,0.03225,89,0.03227,15,0.03228,75,0.0323,1,0.03232,14,0.03233,10,0.03234,89
binance,gate,FUNUSDT,0.00145800,0.03215,2105.0754,1774095637563,0.00005,0.00005,,0.00145600,213047.00000000,0.00145500,7116433.00000000,0.00145300,974874.00000000,0.00145200,461342.00000000,0.00145100,1171544.00000000,0.00145000,73333.00000000,0.00144900,418202.00000000,0.00144800,595733.00000000,0.00144700,62584.00000000,0.00144600,190899.00000000,0.00145800,73599.00000000,0.00145900,73262.00000000,0.00146000,1484588.00000000,0.00146100,1159500.00000000,0.00146200,524958.00000000,0.00146300,72292.00000000,0.00146400,617389.00000000,0.00146500,81129.00000000,0.00146600,280179.00000000,0.00146700,704475.00000000,0.03215,15,0.03214,75,0.03212,15,0.03211,89,0.0321,52,0.03209,14,0.03208,90,0.03202,15,0.03201,75,0.032,14,0.03222,14,0.03223,74,0.03224,14,0.03225,89,0.03227,15,0.03228,75,0.0323,1,0.03232,14,0.03233,10,0.03234,89
binance,gate,FUNUSDT,0.00145800,0.03215,2105.0754,1774095637863,0.00005,0.00005,,0.00145600,213047.00000000,0.00145500,7116433.00000000,0.00145300,974874.00000000,0.00145200,461342.00000000,0.00145100,1171544.00000000,0.00145000,73333.00000000,0.00144900,418202.00000000,0.00144800,595733.00000000,0.00144700,62584.00000000,0.00144600,190899.00000000,0.00145800,73599.00000000,0.00145900,73262.00000000,0.00146000,1484588.00000000,0.00146100,1159500.00000000,0.00146200,524958.00000000,0.00146300,72292.00000000,0.00146400,617389.00000000,0.00146500,81129.00000000,0.00146600,280179.00000000,0.00146700,704475.00000000,0.03215,15,0.03214,75,0.03212,15,0.03211,89,0.0321,52,0.03209,14,0.03208,90,0.03202,15,0.03201,75,0.032,14,0.03222,14,0.03223,74,0.03224,14,0.03225,89,0.03227,15,0.03228,75,0.0323,1,0.03232,14,0.03233,10,0.03234,89
binance,gate,FUNUSDT,0.00145800,0.03215,2105.0754,1774095638163,0.00005,0.00005,,0.00145600,213047.00000000,0.00145500,7116433.00000000,0.00145300,974874.00000000,0.00145200,461342.00000000,0.00145100,1171544.00000000,0.00145000,73333.00000000,0.00144900,418202.00000000,0.00144800,595733.00000000,0.00144700,62584.00000000,0.00144600,190899.00000000,0.00145800,73599.00000000,0.00145900,73262.00000000,0.00146000,1484588.00000000,0.00146100,1159500.00000000,0.00146200,524958.00000000,0.00146300,72292.00000000,0.00146400,617389.00000000,0.00146500,81129.00000000,0.00146600,280179.00000000,0.00146700,704475.00000000,0.03215,15,0.03214,75,0.03212,15,0.03211,89,0.0321,52,0.03209,14,0.03208,90,0.03202,15,0.03201,75,0.032,14,0.03222,14,0.03223,74,0.03224,14,0.03225,89,0.03227,15,0.03228,75,0.0323,1,0.03232,14,0.03233,10,0.03234,89
binance,gate,FUNUSDT,0.00145800,0.03215,2105.0754,1774095638463,0.00005,0.00005,,0.00145600,213047.00000000,0.00145500,7116433.00000000,0.00145300,974874.00000000,0.00145200,461342.00000000,0.00145100,1171544.00000000,0.00145000,73333.00000000,0.00144900,418202.00000000,0.00144800,595733.00000000,0.00144700,62584.00000000,0.00144600,190899.00000000,0.00145800,73599.00000000,0.00145900,73262.00000000,0.00146000,1484588.00000000,0.00146100,1159500.00000000,0.00146200,524958.00000000,0.00146300,72292.00000000,0.00146400,617389.00000000,0.00146500,81129.00000000,0.00146600,280179.00000000,0.00146700,704475.00000000,0.03215,15,0.03214,75,0.03212,15,0.03211,89,0.0321,52,0.03209,14,0.03208,90,0.03202,15,0.03201,75,0.032,14,0.03222,14,0.03223,74,0.03224,14,0.03225,89,0.03227,15,0.03228,75,0.0323,1,0.03232,14,0.03233,10,0.03234,89
binance,gate,FUNUSDT,0.00145800,0.03215,2105.0754,1774095638763,0.00005,0.00005,,0.00145600,213047.00000000,0.00145500,7116433.00000000,0.00145300,974874.00000000,0.00145200,461342.00000000,0.00145100,1171544.00000000,0.00145000,73333.00000000,0.00144900,418202.00000000,0.00144800,595733.00000000,0.00144700,62584.00000000,0.00144600,190899.00000000,0.00145800,73599.00000000,0.00145900,73262.00000000,0.00146000,1484588.00000000,0.00146100,1159500.00000000,0.00146200,524958.00000000,0.00146300,72292.00000000,0.00146400,617389.00000000,0.00146500,81129.00000000,0.00146600,280179.00000000,0.00146700,704475.00000000,0.03215,15,0.03214,75,0.03212,15,0.03211,89,0.0321,52,0.03209,14,0.03208,90,0.03202,15,0.03201,75,0.032,14,0.03222,14,0.03223,74,0.03224,14,0.03225,89,0.03227,15,0.03228,75,0.0323,1,0.03232,14,0.03233,10,0.03234,89
binance,gate,FUNUSDT,0.00145800,0.03215,2105.0754,1774095639064,0.00005,0.00005,,0.00145600,213047.00000000,0.00145500,7116433.00000000,0.00145300,974874.00000000,0.00145200,461342.00000000,0.00145100,1171544.00000000,0.00145000,73333.00000000,0.00144900,418202.00000000,0.00144800,595733.00000000,0.00144700,62584.00000000,0.00144600,190899.00000000,0.00145800,73599.00000000,0.00145900,73262.00000000,0.00146000,1484588.00000000,0.00146100,1159500.00000000,0.00146200,524958.00000000,0.00146300,72292.00000000,0.00146400,617389.00000000,0.00146500,81129.00000000,0.00146600,280179.00000000,0.00146700,704475.00000000,0.03215,15,0.03214,75,0.03212,15,0.03211,89,0.0321,52,0.03209,14,0.03208,90,0.03202,15,0.03201,75,0.032,14,0.03222,14,0.03223,74,0.03224,14,0.03225,89,0.03227,15,0.03228,75,0.0323,1,0.03232,14,0.03233,10,0.03234,89
binance,gate,FUNUSDT,0.00145800,0.03215,2105.0754,1774095639364,0.00005,0.00005,,0.00145600,213047.00000000,0.00145500,7116433.00000000,0.00145300,974874.00000000,0.00145200,461342.00000000,0.00145100,1171544.00000000,0.00145000,73333.00000000,0.00144900,418202.00000000,0.00144800,595733.00000000,0.00144700,62584.00000000,0.00144600,190899.00000000,0.00145800,73599.00000000,0.00145900,73262.00000000,0.00146000,1484588.00000000,0.00146100,1159500.00000000,0.00146200,524958.00000000,0.00146300,72292.00000000,0.00146400,617389.00000000,0.00146500,81129.00000000,0.00146600,280179.00000000,0.00146700,704475.00000000,0.03215,15,0.03214,75,0.03212,15,0.03211,89,0.03209,14,0.03208,90,0.03202,15,0.03201,75,0.032,14,0.03199,10,0.03222,14,0.03224,14,0.03225,89,0.03227,15,0.03228,75,0.0323,1,0.03232,14,0.03233,10,0.03234,89,0.03235,15
binance,gate,FUNUSDT,0.00145800,0.03215,2105.0754,1774095639665,0.00005,0.00005,,0.00145600,213047.00000000,0.00145500,7116433.00000000,0.00145300,974874.00000000,0.00145200,461342.00000000,0.00145100,1171544.00000000,0.00145000,73333.00000000,0.00144900,418202.00000000,0.00144800,595733.00000000,0.00144700,62584.00000000,0.00144600,190899.00000000,0.00145800,73599.00000000,0.00145900,73262.00000000,0.00146000,1484588.00000000,0.00146100,1159500.00000000,0.00146200,524958.00000000,0.00146300,72292.00000000,0.00146400,617389.00000000,0.00146500,81129.00000000,0.00146600,280179.00000000,0.00146700,704475.00000000,0.03215,15,0.03214,75,0.03212,15,0.03211,89,0.0321,52,0.03209,14,0.03208,90,0.03202,15,0.03201,75,0.032,14,0.03222,14,0.03223,74,0.03224,14,0.03225,89,0.03227,15,0.03228,75,0.0323,1,0.03232,14,0.03233,10,0.03234,89
binance,gate,FUNUSDT,0.00145800,0.03215,2105.0754,1774095639965,0.00005,0.00005,,0.00145600,213047.00000000,0.00145500,7116433.00000000,0.00145300,974874.00000000,0.00145200,461342.00000000,0.00145100,1171544.00000000,0.00145000,73333.00000000,0.00144900,418202.00000000,0.00144800,595733.00000000,0.00144700,62584.00000000,0.00144600,190899.00000000,0.00145800,73599.00000000,0.00145900,73262.00000000,0.00146000,1484588.00000000,0.00146100,1159500.00000000,0.00146200,524958.00000000,0.00146300,72292.00000000,0.00146400,617389.00000000,0.00146500,81129.00000000,0.00146600,280179.00000000,0.00146700,704475.00000000,0.03215,15,0.03214,75,0.03212,15,0.03211,89,0.0321,52,0.03209,14,0.03208,90,0.03202,15,0.03201,75,0.032,14,0.03222,14,0.03223,74,0.03224,14,0.03225,89,0.03227,15,0.03228,75,0.0323,1,0.03232,14,0.03233,10,0.03234,89
binance,gate,FUNUSDT,0.00145700,0.03215,2106.5889,1774095640265,0.00005,0.00005,,0.00145600,213047.00000000,0.00145500,7116433.00000000,0.00145300,974874.00000000,0.00145200,461342.00000000,0.00145100,1171544.00000000,0.00145000,73333.00000000,0.00144900,418202.00000000,0.00144800,595733.00000000,0.00144700,62584.00000000,0.00144600,190899.00000000,0.00145700,29839.00000000,0.00145800,164989.00000000,0.00145900,73262.00000000,0.00146000,1484588.00000000,0.00146100,1159500.00000000,0.00146200,524958.00000000,0.00146300,72292.00000000,0.00146400,617389.00000000,0.00146500,81129.00000000,0.00146600,280179.00000000,0.03215,15,0.03214,75,0.03212,15,0.03211,89,0.0321,52,0.03209,14,0.03208,90,0.03202,15,0.03201,75,0.032,14,0.03222,14,0.03223,74,0.03224,14,0.03225,89,0.03227,15,0.03228,75,0.0323,1,0.03232,14,0.03233,10,0.03234,89
binance,gate,FUNUSDT,0.00145800,0.03215,2105.0754,1774095640566,0.00005,0.00005,,0.00145600,213047.00000000,0.00145500,7116433.00000000,0.00145300,974874.00000000,0.00145200,461342.00000000,0.00145100,1171544.00000000,0.00145000,73333.00000000,0.00144900,418202.00000000,0.00144800,595733.00000000,0.00144700,62584.00000000,0.00144600,190899.00000000,0.00145800,73599.00000000,0.00145900,73262.00000000,0.00146000,1484588.00000000,0.00146100,1159500.00000000,0.00146200,524958.00000000,0.00146300,72292.00000000,0.00146400,617389.00000000,0.00146500,81129.00000000,0.00146600,280179.00000000,0.00146700,704475.00000000,0.03215,15,0.03214,75,0.03212,15,0.03211,89,0.0321,52,0.03209,14,0.03208,90,0.03202,15,0.03201,75,0.032,14,0.03222,14,0.03223,74,0.03224,14,0.03225,89,0.03227,15,0.03228,75,0.0323,1,0.03232,14,0.03233,10,0.03234,89
binance,gate,FUNUSDT,0.00145800,0.03215,2105.0754,1774095640866,0.00005,0.00005,,0.00145600,213047.00000000,0.00145500,7116433.00000000,0.00145300,974874.00000000,0.00145200,461342.00000000,0.00145100,1171544.00000000,0.00145000,73333.00000000,0.00144900,418202.00000000,0.00144800,595733.00000000,0.00144700,62584.00000000,0.00144600,190899.00000000,0.00145800,73599.00000000,0.00145900,73262.00000000,0.00146000,1484588.00000000,0.00146100,1159500.00000000,0.00146200,524958.00000000,0.00146300,72292.00000000,0.00146400,617389.00000000,0.00146500,81129.00000000,0.00146600,280179.00000000,0.00146700,704475.00000000,0.03215,15,0.03214,75,0.03212,15,0.03211,89,0.0321,52,0.03209,14,0.03208,90,0.03202,15,0.03201,75,0.032,14,0.03222,14,0.03223,74,0.03224,14,0.03225,89,0.03227,15,0.03228,75,0.0323,1,0.03232,14,0.03233,10,0.03234,89
binance,gate,FUNUSDT,0.00145800,0.03215,2105.0754,1774095641167,0.00005,0.00005,,0.00145600,213047.00000000,0.00145500,7116433.00000000,0.00145300,974874.00000000,0.00145200,461342.00000000,0.00145100,1171544.00000000,0.00145000,73333.00000000,0.00144900,418202.00000000,0.00144800,595733.00000000,0.00144700,62584.00000000,0.00144600,190899.00000000,0.00145800,18843.00000000,0.00145900,166620.00000000,0.00146000,1484588.00000000,0.00146100,1159500.00000000,0.00146200,524958.00000000,0.00146300,72292.00000000,0.00146400,617389.00000000,0.00146500,81129.00000000,0.00146600,280179.00000000,0.00146700,771145.00000000,0.03215,15,0.03214,75,0.03212,15,0.03211,89,0.0321,52,0.03209,14,0.03208,90,0.03202,15,0.03201,75,0.032,14,0.03222,14,0.03223,74,0.03224,14,0.03225,89,0.03227,15,0.03228,75,0.0323,1,0.03232,14,0.03233,10,0.03234,89
binance,gate,FUNUSDT,0.00145800,0.03215,2105.0754,1774095641467,0.00005,0.00005,,0.00145600,213047.00000000,0.00145500,7116433.00000000,0.00145300,974874.00000000,0.00145200,461342.00000000,0.00145100,1171544.00000000,0.00145000,73333.00000000,0.00144900,418202.00000000,0.00144800,595733.00000000,0.00144700,62584.00000000,0.00144600,190899.00000000,0.00145800,18843.00000000,0.00145900,166620.00000000,0.00146000,1484588.00000000,0.00146100,1159500.00000000,0.00146200,524958.00000000,0.00146300,72292.00000000,0.00146400,617389.00000000,0.00146500,81129.00000000,0.00146600,280179.00000000,0.00146700,771145.00000000,0.03215,15,0.03214,75,0.03212,15,0.03211,89,0.0321,52,0.03209,14,0.03208,90,0.03202,15,0.03201,75,0.032,14,0.03222,14,0.03223,74,0.03224,14,0.03225,89,0.03227,15,0.03228,75,0.0323,1,0.03232,14,0.03233,10,0.03234,89
binance,gate,FUNUSDT,0.00145800,0.03215,2105.0754,1774095641767,0.00005,0.00005,,0.00145600,213047.00000000,0.00145500,7116433.00000000,0.00145300,974874.00000000,0.00145200,461342.00000000,0.00145100,1171544.00000000,0.00145000,73333.00000000,0.00144900,418202.00000000,0.00144800,595733.00000000,0.00144700,62584.00000000,0.00144600,190899.00000000,0.00145800,18843.00000000,0.00145900,166620.00000000,0.00146000,1484588.00000000,0.00146100,685484.00000000,0.00146200,1028533.00000000,0.00146300,72292.00000000,0.00146400,617389.00000000,0.00146500,81129.00000000,0.00146600,280179.00000000,0.00146700,771145.00000000,0.03215,15,0.03214,75,0.03212,15,0.03211,89,0.0321,52,0.03209,14,0.03208,90,0.03202,15,0.03201,75,0.032,14,0.03222,14,0.03223,74,0.03224,14,0.03225,89,0.03227,15,0.03228,75,0.0323,1,0.03232,14,0.03233,10,0.03234,89
binance,gate,FUNUSDT,0.00145800,0.03215,2105.0754,1774095642067,0.00005,0.00005,,0.00145600,213047.00000000,0.00145500,7116433.00000000,0.00145300,974874.00000000,0.00145200,461342.00000000,0.00145100,1171544.00000000,0.00145000,73333.00000000,0.00144900,418202.00000000,0.00144800,595733.00000000,0.00144700,62584.00000000,0.00144600,190899.00000000,0.00145800,18843.00000000,0.00145900,166620.00000000,0.00146000,1484588.00000000,0.00146100,685484.00000000,0.00146200,1028533.00000000,0.00146300,72292.00000000,0.00146400,617389.00000000,0.00146500,81129.00000000,0.00146600,280179.00000000,0.00146700,771145.00000000,0.03215,15,0.03214,75,0.03212,15,0.03211,89,0.0321,52,0.03209,14,0.03208,90,0.03202,15,0.03201,75,0.032,14,0.03222,14,0.03223,74,0.03224,14,0.03225,89,0.03227,15,0.03228,75,0.0323,1,0.03232,14,0.03233,10,0.03234,89
binance,gate,FUNUSDT,0.00145800,0.03215,2105.0754,1774095642368,0.00005,0.00005,,0.00145600,213047.00000000,0.00145500,7116433.00000000,0.00145300,974874.00000000,0.00145200,461342.00000000,0.00145100,1171544.00000000,0.00145000,73333.00000000,0.00144900,418202.00000000,0.00144800,595733.00000000,0.00144700,62584.00000000,0.00144600,190899.00000000,0.00145800,18843.00000000,0.00145900,166620.00000000,0.00146000,1484588.00000000,0.00146100,685484.00000000,0.00146200,1028533.00000000,0.00146300,72292.00000000,0.00146400,617389.00000000,0.00146500,81129.00000000,0.00146600,280179.00000000,0.00146700,771145.00000000,0.03215,15,0.03214,75,0.03212,15,0.03211,89,0.0321,52,0.03209,14,0.03208,90,0.03202,15,0.03201,75,0.032,14,0.03222,14,0.03223,74,0.03224,14,0.03225,89,0.03227,15,0.03228,75,0.0323,1,0.03232,14,0.03233,10,0.03234,89
binance,gate,FUNUSDT,0.00145800,0.03215,2105.0754,1774095642668,0.00005,0.00005,,0.00145600,213047.00000000,0.00145500,7116433.00000000,0.00145300,974874.00000000,0.00145200,461342.00000000,0.00145100,1171544.00000000,0.00145000,73333.00000000,0.00144900,418202.00000000,0.00144800,595733.00000000,0.00144700,62584.00000000,0.00144600,190899.00000000,0.00145800,18843.00000000,0.00145900,166620.00000000,0.00146000,1484588.00000000,0.00146100,685484.00000000,0.00146200,1028533.00000000,0.00146300,72292.00000000,0.00146400,617389.00000000,0.00146500,81129.00000000,0.00146600,280179.00000000,0.00146700,771145.00000000,0.03215,15,0.03214,75,0.03212,15,0.03211,89,0.0321,52,0.03209,14,0.03208,90,0.03202,15,0.03201,75,0.032,14,0.03222,14,0.03223,74,0.03224,14,0.03225,89,0.03227,15,0.03228,75,0.0323,1,0.03232,14,0.03233,10,0.03234,89
binance,gate,FUNUSDT,0.00145800,0.03215,2105.0754,1774095642968,0.00005,0.00005,,0.00145600,213047.00000000,0.00145500,7116433.00000000,0.00145300,974874.00000000,0.00145200,461342.00000000,0.00145100,1171544.00000000,0.00145000,73333.00000000,0.00144900,418202.00000000,0.00144800,595733.00000000,0.00144700,62584.00000000,0.00144600,190899.00000000,0.00145800,18843.00000000,0.00145900,166620.00000000,0.00146000,1484588.00000000,0.00146100,685484.00000000,0.00146200,1028533.00000000,0.00146300,72292.00000000,0.00146400,617389.00000000,0.00146500,81129.00000000,0.00146600,280179.00000000,0.00146700,771145.00000000,0.03215,15,0.03214,75,0.03212,15,0.03211,89,0.0321,52,0.03209,14,0.03208,90,0.03202,15,0.03201,75,0.032,14,0.03222,14,0.03223,74,0.03224,14,0.03225,89,0.03227,15,0.03228,75,0.0323,1,0.03232,14,0.03233,10,0.03234,89
binance,gate,FUNUSDT,0.00145800,0.03215,2105.0754,1774095643268,0.00005,0.00005,,0.00145600,213047.00000000,0.00145500,7116433.00000000,0.00145300,974874.00000000,0.00145200,461342.00000000,0.00145100,1171544.00000000,0.00145000,73333.00000000,0.00144900,418202.00000000,0.00144800,595733.00000000,0.00144700,62584.00000000,0.00144600,190899.00000000,0.00145800,18843.00000000,0.00145900,166620.00000000,0.00146000,1484588.00000000,0.00146100,685484.00000000,0.00146200,1028533.00000000,0.00146300,72292.00000000,0.00146400,617389.00000000,0.00146500,81129.00000000,0.00146600,280179.00000000,0.00146700,771145.00000000,0.03215,15,0.03214,75,0.03212,15,0.03211,89,0.0321,52,0.03209,14,0.03208,90,0.03202,15,0.03201,75,0.032,14,0.03222,14,0.03223,74,0.03224,14,0.03225,89,0.03227,15,0.03228,75,0.0323,1,0.03232,14,0.03233,10,0.03234,89
binance,gate,FUNUSDT,0.00145800,0.03215,2105.0754,1774095643569,0.00005,0.00005,,0.00145600,213047.00000000,0.00145500,7116433.00000000,0.00145300,974874.00000000,0.00145200,461342.00000000,0.00145100,1171544.00000000,0.00145000,73333.00000000,0.00144900,418202.00000000,0.00144800,595733.00000000,0.00144700,62584.00000000,0.00144600,190899.00000000,0.00145800,18843.00000000,0.00145900,166620.00000000,0.00146000,1484588.00000000,0.00146100,685484.00000000,0.00146200,1028533.00000000,0.00146300,72292.00000000,0.00146400,617389.00000000,0.00146500,81129.00000000,0.00146600,280179.00000000,0.00146700,771145.00000000,0.03215,15,0.03214,75,0.03212,15,0.03211,89,0.0321,52,0.03209,14,0.03208,90,0.03202,15,0.03201,75,0.032,14,0.03222,14,0.03223,74,0.03224,14,0.03225,89,0.03227,15,0.03228,75,0.0323,1,0.03232,14,0.03233,10,0.03234,89
binance,gate,FUNUSDT,0.00145800,0.03215,2105.0754,1774095643869,0.00005,0.00005,,0.00145600,213047.00000000,0.00145500,7116433.00000000,0.00145300,974874.00000000,0.00145200,461342.00000000,0.00145100,1171544.00000000,0.00145000,73333.00000000,0.00144900,418202.00000000,0.00144800,595733.00000000,0.00144700,62584.00000000,0.00144600,190899.00000000,0.00145800,18843.00000000,0.00145900,166620.00000000,0.00146000,1484588.00000000,0.00146100,685484.00000000,0.00146200,1028533.00000000,0.00146300,72292.00000000,0.00146400,617389.00000000,0.00146500,81129.00000000,0.00146600,280179.00000000,0.00146700,771145.00000000,0.03215,15,0.03214,75,0.03212,15,0.03211,89,0.0321,52,0.03209,14,0.03208,90,0.03202,15,0.03201,75,0.032,14,0.03222,14,0.03223,74,0.03224,14,0.03225,89,0.03227,15,0.03228,75,0.0323,1,0.03232,14,0.03233,10,0.03234,89
binance,gate,FUNUSDT,0.00145800,0.03215,2105.0754,1774095644169,0.00005,0.00005,,0.00145600,213047.00000000,0.00145500,7116433.00000000,0.00145300,974874.00000000,0.00145200,461342.00000000,0.00145100,1171544.00000000,0.00145000,73333.00000000,0.00144900,418202.00000000,0.00144800,595733.00000000,0.00144700,62584.00000000,0.00144600,190899.00000000,0.00145800,18843.00000000,0.00145900,166620.00000000,0.00146000,1484588.00000000,0.00146100,685484.00000000,0.00146200,1028533.00000000,0.00146300,72292.00000000,0.00146400,617389.00000000,0.00146500,81129.00000000,0.00146600,280179.00000000,0.00146700,771145.00000000,0.03215,15,0.03214,75,0.03212,15,0.03211,89,0.0321,52,0.03209,14,0.03208,90,0.03202,15,0.03201,75,0.032,14,0.03222,14,0.03223,74,0.03224,14,0.03225,89,0.03227,15,0.03228,75,0.0323,1,0.03232,14,0.03233,10,0.03234,89
binance,gate,FUNUSDT,0.00145800,0.03215,2105.0754,1774095644469,0.00005,0.00005,,0.00145600,213047.00000000,0.00145500,7116433.00000000,0.00145300,974874.00000000,0.00145200,461342.00000000,0.00145100,1171544.00000000,0.00145000,73333.00000000,0.00144900,418202.00000000,0.00144800,595733.00000000,0.00144700,62584.00000000,0.00144600,190899.00000000,0.00145800,18843.00000000,0.00145900,166620.00000000,0.00146000,1484588.00000000,0.00146100,685484.00000000,0.00146200,1028533.00000000,0.00146300,72292.00000000,0.00146400,617389.00000000,0.00146500,81129.00000000,0.00146600,280179.00000000,0.00146700,771145.00000000,0.03215,15,0.03214,75,0.03212,15,0.03211,89,0.0321,52,0.03209,14,0.03208,90,0.03202,15,0.03201,75,0.032,14,0.03222,14,0.03223,74,0.03224,14,0.03225,89,0.03227,15,0.03228,75,0.0323,1,0.03232,14,0.03233,10,0.03234,89
binance,gate,FUNUSDT,0.00145800,0.03215,2105.0754,1774095644770,0.00005,0.00005,,0.00145600,213047.00000000,0.00145500,7116433.00000000,0.00145300,974874.00000000,0.00145200,461342.00000000,0.00145100,1171544.00000000,0.00145000,73333.00000000,0.00144900,418202.00000000,0.00144800,595733.00000000,0.00144700,62584.00000000,0.00144600,190899.00000000,0.00145800,18843.00000000,0.00145900,166620.00000000,0.00146000,1484588.00000000,0.00146100,685484.00000000,0.00146200,1028533.00000000,0.00146300,72292.00000000,0.00146400,617389.00000000,0.00146500,81129.00000000,0.00146600,280179.00000000,0.00146700,771145.00000000,0.03215,15,0.03214,75,0.03212,15,0.03211,89,0.0321,52,0.03209,14,0.03208,90,0.03202,15,0.03201,75,0.032,14,0.03222,14,0.03223,74,0.03224,14,0.03225,89,0.03227,15,0.03228,75,0.0323,1,0.03232,14,0.03233,10,0.03234,89
binance,gate,FUNUSDT,0.00145800,0.03215,2105.0754,1774095645070,0.00005,0.00005,,0.00145600,213047.00000000,0.00145500,7116433.00000000,0.00145300,974874.00000000,0.00145200,461342.00000000,0.00145100,1171544.00000000,0.00145000,73333.00000000,0.00144900,418202.00000000,0.00144800,595733.00000000,0.00144700,62584.00000000,0.00144600,190899.00000000,0.00145800,18843.00000000,0.00145900,166620.00000000,0.00146000,1484588.00000000,0.00146100,685484.00000000,0.00146200,1028533.00000000,0.00146300,72292.00000000,0.00146400,617389.00000000,0.00146500,81129.00000000,0.00146600,280179.00000000,0.00146700,771145.00000000,0.03215,15,0.03214,75,0.03212,15,0.03211,89,0.0321,52,0.03209,14,0.03208,90,0.03202,15,0.03201,75,0.032,14,0.03222,14,0.03223,74,0.03224,14,0.03225,89,0.03227,15,0.03228,75,0.0323,1,0.03232,14,0.03233,10,0.03234,89
binance,gate,FUNUSDT,0.00145800,0.03215,2105.0754,1774095645370,0.00005,0.00005,,0.00145600,213047.00000000,0.00145500,7116433.00000000,0.00145300,974874.00000000,0.00145200,461342.00000000,0.00145100,1171544.00000000,0.00145000,73333.00000000,0.00144900,418202.00000000,0.00144800,595733.00000000,0.00144700,62584.00000000,0.00144600,190899.00000000,0.00145800,18843.00000000,0.00145900,166620.00000000,0.00146000,1484588.00000000,0.00146100,685484.00000000,0.00146200,1028533.00000000,0.00146300,72292.00000000,0.00146400,617389.00000000,0.00146500,81129.00000000,0.00146600,280179.00000000,0.00146700,771145.00000000,0.03215,15,0.03214,75,0.03212,15,0.03211,89,0.0321,52,0.03209,14,0.03208,90,0.03202,15,0.03201,75,0.032,14,0.03222,14,0.03223,74,0.03224,14,0.03225,89,0.03227,15,0.03228,75,0.0323,1,0.03232,14,0.03233,10,0.03234,89
binance,gate,FUNUSDT,0.00145800,0.03215,2105.0754,1774095645678,0.00005,0.00005,,0.00145600,213047.00000000,0.00145500,7116433.00000000,0.00145300,974874.00000000,0.00145200,461342.00000000,0.00145100,1171544.00000000,0.00145000,73333.00000000,0.00144900,418202.00000000,0.00144800,595733.00000000,0.00144700,62584.00000000,0.00144600,190899.00000000,0.00145800,18843.00000000,0.00145900,166620.00000000,0.00146000,1484588.00000000,0.00146100,685484.00000000,0.00146200,1028533.00000000,0.00146300,72292.00000000,0.00146400,617389.00000000,0.00146500,81129.00000000,0.00146600,280179.00000000,0.00146700,771145.00000000,0.03215,15,0.03214,75,0.03212,15,0.03211,89,0.0321,52,0.03209,14,0.03208,90,0.03202,15,0.03201,75,0.032,14,0.03222,14,0.03223,74,0.03224,14,0.03225,89,0.03227,15,0.03228,75,0.0323,1,0.03232,14,0.03233,10,0.03234,89
binance,gate,FUNUSDT,0.00145800,0.03215,2105.0754,1774095645978,0.00005,0.00005,,0.00145600,213047.00000000,0.00145500,7116433.00000000,0.00145300,974874.00000000,0.00145200,461342.00000000,0.00145100,1171544.00000000,0.00145000,73333.00000000,0.00144900,418202.00000000,0.00144800,595733.00000000,0.00144700,62584.00000000,0.00144600,190899.00000000,0.00145800,18843.00000000,0.00145900,166620.00000000,0.00146000,1484588.00000000,0.00146100,685484.00000000,0.00146200,1028533.00000000,0.00146300,72292.00000000,0.00146400,617389.00000000,0.00146500,81129.00000000,0.00146600,280179.00000000,0.00146700,771145.00000000,0.03215,15,0.03214,75,0.03212,15,0.03211,89,0.0321,52,0.03209,14,0.03208,90,0.03202,15,0.03201,75,0.032,14,0.03222,14,0.03223,74,0.03224,14,0.03225,89,0.03227,15,0.03228,75,0.0323,1,0.03232,14,0.03233,10,0.03234,89
binance,gate,FUNUSDT,0.00145800,0.03215,2105.0754,1774095646278,0.00005,0.00005,,0.00145600,213047.00000000,0.00145500,7116433.00000000,0.00145300,974874.00000000,0.00145200,461342.00000000,0.00145100,1171544.00000000,0.00145000,73333.00000000,0.00144900,418202.00000000,0.00144800,595733.00000000,0.00144700,62584.00000000,0.00144600,190899.00000000,0.00145800,18843.00000000,0.00145900,166620.00000000,0.00146000,1484588.00000000,0.00146100,685484.00000000,0.00146200,1028533.00000000,0.00146300,72292.00000000,0.00146400,617389.00000000,0.00146500,81129.00000000,0.00146600,280179.00000000,0.00146700,771145.00000000,0.03215,15,0.03214,75,0.03212,15,0.03211,89,0.0321,52,0.03209,14,0.03208,90,0.03202,15,0.03201,75,0.032,14,0.03222,14,0.03223,74,0.03224,14,0.03225,89,0.03227,15,0.03228,75,0.0323,1,0.03232,14,0.03233,10,0.03234,89
binance,gate,FUNUSDT,0.00145800,0.03215,2105.0754,1774095646578,0.00005,0.00005,,0.00145600,213047.00000000,0.00145500,7116433.00000000,0.00145300,974874.00000000,0.00145200,461342.00000000,0.00145100,1171544.00000000,0.00145000,73333.00000000,0.00144900,418202.00000000,0.00144800,595733.00000000,0.00144700,62584.00000000,0.00144600,190899.00000000,0.00145800,18843.00000000,0.00145900,166620.00000000,0.00146000,1484588.00000000,0.00146100,685484.00000000,0.00146200,1028533.00000000,0.00146300,72292.00000000,0.00146400,617389.00000000,0.00146500,81129.00000000,0.00146600,280179.00000000,0.00146700,771145.00000000,0.03215,15,0.03214,75,0.03212,15,0.03211,89,0.0321,52,0.03209,14,0.03208,90,0.03202,15,0.03201,75,0.032,14,0.03222,14,0.03223,74,0.03224,14,0.03225,89,0.03227,15,0.03228,75,0.0323,1,0.03232,14,0.03233,10,0.03234,89
binance,gate,FUNUSDT,0.00145800,0.03215,2105.0754,1774095646878,0.00005,0.00005,,0.00145600,213047.00000000,0.00145500,7116433.00000000,0.00145300,1184668.00000000,0.00145200,461342.00000000,0.00145100,970052.00000000,0.00145000,73333.00000000,0.00144900,418202.00000000,0.00144800,595733.00000000,0.00144700,62584.00000000,0.00144600,190899.00000000,0.00145800,18843.00000000,0.00145900,73262.00000000,0.00146000,1484588.00000000,0.00146100,685484.00000000,0.00146200,1028533.00000000,0.00146300,72292.00000000,0.00146400,617389.00000000,0.00146500,81129.00000000,0.00146600,280179.00000000,0.00146700,771145.00000000,0.03215,15,0.03214,75,0.03212,15,0.03211,89,0.0321,52,0.03209,14,0.03208,90,0.03202,15,0.03201,75,0.032,14,0.03222,14,0.03223,74,0.03224,14,0.03225,89,0.03227,15,0.03228,75,0.0323,1,0.03232,14,0.03233,10,0.03234,89
binance,gate,FUNUSDT,0.00145800,0.03215,2105.0754,1774095647179,0.00005,0.00005,,0.00145600,213047.00000000,0.00145500,7116433.00000000,0.00145300,1184668.00000000,0.00145200,461342.00000000,0.00145100,970052.00000000,0.00145000,73333.00000000,0.00144900,418202.00000000,0.00144800,595733.00000000,0.00144700,62584.00000000,0.00144600,190899.00000000,0.00145800,18843.00000000,0.00145900,73262.00000000,0.00146000,1484588.00000000,0.00146100,685484.00000000,0.00146200,1028533.00000000,0.00146300,72292.00000000,0.00146400,617389.00000000,0.00146500,81129.00000000,0.00146600,280179.00000000,0.00146700,771145.00000000,0.03215,15,0.03214,75,0.03212,15,0.03211,89,0.0321,52,0.03209,14,0.03208,90,0.03202,15,0.03201,75,0.032,14,0.03222,14,0.03223,74,0.03224,14,0.03225,89,0.03227,15,0.03228,75,0.0323,1,0.03232,14,0.03233,10,0.03234,89
binance,gate,FUNUSDT,0.00145800,0.03215,2105.0754,1774095647479,0.00005,0.00005,,0.00145600,213047.00000000,0.00145500,7116433.00000000,0.00145300,1184668.00000000,0.00145200,461342.00000000,0.00145100,970052.00000000,0.00145000,73333.00000000,0.00144900,418202.00000000,0.00144800,595733.00000000,0.00144700,62584.00000000,0.00144600,190899.00000000,0.00145800,18843.00000000,0.00145900,73262.00000000,0.00146000,1484588.00000000,0.00146100,685484.00000000,0.00146200,1028533.00000000,0.00146300,72292.00000000,0.00146400,617389.00000000,0.00146500,81129.00000000,0.00146600,280179.00000000,0.00146700,771145.00000000,0.03215,15,0.03214,75,0.03212,15,0.03211,89,0.0321,52,0.03209,14,0.03208,90,0.03202,15,0.03201,75,0.032,14,0.03222,14,0.03223,74,0.03224,14,0.03225,89,0.03227,15,0.03228,75,0.0323,1,0.03232,14,0.03233,10,0.03234,89
binance,gate,FUNUSDT,0.00145800,0.03215,2105.0754,1774095647779,0.00005,0.00005,,0.00145600,213047.00000000,0.00145500,7116433.00000000,0.00145300,1184668.00000000,0.00145200,461342.00000000,0.00145100,970052.00000000,0.00145000,73333.00000000,0.00144900,418202.00000000,0.00144800,595733.00000000,0.00144700,62584.00000000,0.00144600,190899.00000000,0.00145800,18843.00000000,0.00145900,73262.00000000,0.00146000,1484588.00000000,0.00146100,685484.00000000,0.00146200,1028533.00000000,0.00146300,72292.00000000,0.00146400,617389.00000000,0.00146500,81129.00000000,0.00146600,280179.00000000,0.00146700,771145.00000000,0.03215,15,0.03214,75,0.03212,15,0.03211,89,0.0321,52,0.03209,14,0.03208,90,0.03202,15,0.03201,75,0.032,14,0.03222,14,0.03223,74,0.03224,14,0.03225,89,0.03227,15,0.03228,75,0.0323,1,0.03232,14,0.03233,10,0.03234,89
binance,gate,FUNUSDT,0.00145800,0.03215,2105.0754,1774095648080,0.00005,0.00005,,0.00145600,213047.00000000,0.00145500,7116433.00000000,0.00145300,1184668.00000000,0.00145200,461342.00000000,0.00145100,970052.00000000,0.00145000,73333.00000000,0.00144900,418202.00000000,0.00144800,595733.00000000,0.00144700,62584.00000000,0.00144600,190899.00000000,0.00145800,18843.00000000,0.00145900,73262.00000000,0.00146000,1484588.00000000,0.00146100,685484.00000000,0.00146200,1028533.00000000,0.00146300,72292.00000000,0.00146400,617389.00000000,0.00146500,81129.00000000,0.00146600,280179.00000000,0.00146700,771145.00000000,0.03215,15,0.03214,75,0.03212,15,0.03211,89,0.0321,52,0.03209,14,0.03208,90,0.03202,15,0.03201,75,0.032,14,0.03222,14,0.03223,74,0.03224,14,0.03225,89,0.03227,15,0.03228,75,0.0323,1,0.03232,14,0.03233,10,0.03234,89
