spot_source_id,fut_source_id,symbol_id,ask_spot,bid_futures,spread_pct,ts,s_b1,s_b2,s_b3,s_b4,s_b5,s_b6,s_b7,s_b8,s_b9,s_b10,s_bq1,s_bq2,s_bq3,s_bq4,s_bq5,s_bq6,s_bq7,s_bq8,s_bq9,s_bq10,s_a1,s_a2,s_a3,s_a4,s_a5,s_a6,s_a7,s_a8,s_a9,s_a10,s_aq1,s_aq2,s_aq3,s_aq4,s_aq5,s_aq6,s_aq7,s_aq8,s_aq9,s_aq10,f_b1,f_b2,f_b3,f_b4,f_b5,f_b6,f_b7,f_b8,f_b9,f_b10,f_bq1,f_bq2,f_bq3,f_bq4,f_bq5,f_bq6,f_bq7,f_bq8,f_bq9,f_bq10,f_a1,f_a2,f_a3,f_a4,f_a5,f_a6,f_a7,f_a8,f_a9,f_a10,f_aq1,f_aq2,f_aq3,f_aq4,f_aq5,f_aq6,f_aq7,f_aq8,f_aq9,f_aq10,fr_r,fr_ft
0,5,225,26.18000000,26.22,0.1528,1774137679000,26.17000000,3.32000000,26.16000000,32.36600000,26.15000000,105.67600000,26.14000000,124.54100000,26.13000000,68.48500000,26.12000000,4.53900000,26.11000000,91.54600000,26.10000000,73.06800000,26.09000000,50.59200000,26.08000000,58.99400000,26.18000000,4.05000000,26.19000000,4.48900000,26.20000000,14.72800000,26.21000000,114.19100000,26.22000000,76.93600000,26.23000000,71.43500000,26.24000000,65.87900000,26.25000000,81.51100000,26.26000000,58.33000000,26.27000000,110.70800000,26.21,10,26.2,2422,26.19,6000,26.18,28358,26.17,1600,26.16,4877,26.15,1899,26.14,2413,26.13,2637,26.12,1769,26.22,861,26.23,2257,26.24,2980,26.25,2911,26.26,3482,26.27,2918,26.28,9408,26.29,2364,26.3,4370,26.31,2739,,
0,5,225,26.17000000,26.22,0.1911,1774137680000,26.20000000,2.93900000,26.19000000,6.98900000,26.18000000,10.42200000,26.17000000,154.17000000,26.16000000,52.45500000,26.15000000,144.24200000,26.14000000,45.55000000,26.13000000,68.48500000,26.12000000,46.75200000,26.11000000,73.29400000,26.21000000,0.38100000,26.22000000,7.42800000,26.23000000,71.43500000,26.24000000,99.88100000,26.25000000,70.13900000,26.26000000,69.73500000,26.27000000,110.70800000,26.28000000,54.28000000,26.29000000,76.04300000,26.30000000,76.95300000,26.21,385,26.2,2318,26.19,4168,26.18,28454,26.17,2120,26.16,4033,26.15,1525,26.14,6290,26.13,2637,26.12,2791,26.22,1513,26.23,3642,26.24,2332,26.25,2236,26.26,4373,26.27,2360,26.28,9408,26.29,2364,26.3,4370,26.31,2219,,
0,5,225,26.22000000,26.25,0.1144,1774137681000,26.16000000,22.47600000,26.15000000,41.66700000,26.14000000,95.29900000,26.13000000,68.48500000,26.12000000,4.53900000,26.11000000,91.32700000,26.10000000,73.06800000,26.09000000,8.37900000,26.08000000,58.99400000,26.07000000,115.64100000,26.17000000,4.87300000,26.18000000,12.29500000,26.19000000,18.31100000,26.20000000,48.59500000,26.21000000,72.42400000,26.22000000,82.26000000,26.23000000,68.49600000,26.24000000,69.68100000,26.25000000,77.68700000,26.26000000,58.33000000,26.19,573,26.18,26181,26.17,1868,26.16,3530,26.15,2216,26.14,2540,26.13,2637,26.12,2417,26.11,2600,26.1,4703,26.2,1144,26.21,3609,26.22,3572,26.23,6546,26.24,3726,26.25,2990,26.26,5874,26.27,3950,26.28,9797,26.29,2364,,
0,5,225,26.22000000,26.25,0.1144,1774137682000,26.19000000,7.32100000,26.18000000,34.34400000,26.17000000,85.48500000,26.16000000,25.72100000,26.15000000,148.06100000,26.14000000,30.27800000,26.13000000,68.48500000,26.12000000,12.08700000,26.11000000,65.74600000,26.10000000,74.97800000,26.20000000,0.00100000,26.21000000,4.48900000,26.22000000,10.71800000,26.23000000,68.49600000,26.24000000,58.33100000,26.25000000,70.13900000,26.26000000,69.74100000,26.27000000,110.70800000,26.28000000,54.28000000,26.29000000,68.49500000,26.21,3451,26.2,3391,26.19,4942,26.18,26936,26.17,1868,26.16,3866,26.15,1525,26.14,6852,26.13,2637,26.12,2143,26.22,3,26.23,5,26.24,2043,26.25,2961,26.26,3482,26.27,2734,26.28,9425,26.29,2364,26.3,4370,26.31,2219,,
0,5,225,26.22000000,26.25,0.1144,1774137683000,26.19000000,1.58500000,26.18000000,18.64500000,26.17000000,88.65200000,26.16000000,25.99000000,26.15000000,144.24200000,26.14000000,30.02900000,26.13000000,68.48500000,26.12000000,12.08700000,26.11000000,67.37700000,26.10000000,73.06800000,26.20000000,6.98900000,26.21000000,12.30800000,26.22000000,9.64300000,26.23000000,114.13100000,26.24000000,61.99800000,26.25000000,84.16200000,26.26000000,60.18800000,26.27000000,89.33800000,26.28000000,54.28000000,26.29000000,71.96600000,26.25,342,26.24,2122,26.23,2747,26.22,2745,26.21,4374,26.2,2745,26.19,4372,26.18,26831,26.17,1868,26.16,2883,26.26,2299,26.27,1493,26.28,4989,26.29,3165,26.3,8883,26.31,7811,26.32,7689,26.33,2952,26.34,5212,26.35,1338,,
0,5,225,26.22000000,26.25,0.1144,1774137684000,26.21000000,2.93900000,26.20000000,7.42800000,26.19000000,14.80600000,26.18000000,8.65500000,26.17000000,76.71200000,26.16000000,50.86900000,26.15000000,212.68600000,26.14000000,6.38500000,26.13000000,68.48500000,26.12000000,30.09500000,26.22000000,0.38100000,26.23000000,9.76500000,26.24000000,40.25700000,26.25000000,68.49600000,26.26000000,73.99600000,26.27000000,79.92200000,26.28000000,54.28000000,26.29000000,70.15200000,26.30000000,119.16600000,26.31000000,68.49400000,26.25,359,26.24,2394,26.23,2257,26.22,2364,26.21,4374,26.2,2745,26.19,4372,26.18,26831,26.17,1868,26.16,2883,26.26,1948,26.27,3311,26.28,6788,26.29,1864,26.3,5484,26.31,8191,26.32,4329,26.33,2210,26.34,3352,26.35,1338,,
0,5,225,26.21000000,26.25,0.1526,1774137685000,26.20000000,0.43900000,26.19000000,103.76900000,26.18000000,61.27100000,26.17000000,71.43600000,26.16000000,7.42800000,26.15000000,177.33000000,26.14000000,4.47800000,26.13000000,68.48500000,26.12000000,4.53900000,26.11000000,67.37700000,26.21000000,2.93900000,26.22000000,7.39900000,26.23000000,22.03900000,26.24000000,9.74300000,26.25000000,88.24500000,26.26000000,94.07900000,26.27000000,68.49500000,26.28000000,54.28000000,26.29000000,77.70000000,26.30000000,119.16600000,26.25,342,26.24,2122,26.23,2747,26.22,2745,26.21,4374,26.2,2745,26.19,4372,26.18,26831,26.17,1868,26.16,2883,26.26,2299,26.27,1493,26.28,4989,26.29,3165,26.3,8883,26.31,7811,26.32,7689,26.33,2952,26.34,5212,26.35,1338,,
0,5,225,26.21000000,26.25,0.1526,1774137687000,26.20000000,4.48900000,26.19000000,76.12900000,26.18000000,102.08100000,26.17000000,133.05000000,26.16000000,7.42800000,26.15000000,144.24200000,26.14000000,30.02800000,26.13000000,77.94100000,26.12000000,4.53900000,26.11000000,67.37700000,26.21000000,2.93900000,26.22000000,3.37800000,26.23000000,56.84100000,26.24000000,9.74300000,26.25000000,71.43000000,26.26000000,93.07600000,26.27000000,75.23600000,26.28000000,66.52500000,26.29000000,70.15200000,26.30000000,119.16600000,26.25,341,26.24,2502,26.23,2618,26.22,2745,26.21,4374,26.2,2745,26.19,4372,26.18,26831,26.17,1868,26.16,2883,26.26,1272,26.27,3191,26.28,3478,26.29,8376,26.3,8131,26.31,2219,26.32,6170,26.33,1838,26.34,3352,26.35,1338,,
0,5,225,26.20000000,26.22,0.0763,1774137688000,26.20000000,4.48900000,26.19000000,91.39500000,26.18000000,82.10300000,26.17000000,133.05000000,26.16000000,7.42800000,26.15000000,144.24200000,26.14000000,30.02800000,26.13000000,77.94100000,26.12000000,4.53900000,26.11000000,67.37700000,26.21000000,2.93900000,26.22000000,7.42800000,26.23000000,56.84100000,26.24000000,9.74300000,26.25000000,72.40800000,26.26000000,73.99600000,26.27000000,68.49500000,26.28000000,73.26600000,26.29000000,70.15200000,26.30000000,119.16600000,26.25,341,26.24,3347,26.23,2618,26.22,2745,26.21,4374,26.2,2745,26.19,4372,26.18,26831,26.17,1868,26.16,2883,26.26,686,26.27,2954,26.28,4987,26.29,8753,26.3,8512,26.31,3352,26.32,7284,26.33,3698,26.34,3352,26.35,1338,,
0,5,225,26.20000000,26.21,0.0382,1774137689000,26.18000000,23.57000000,26.17000000,138.61100000,26.16000000,7.42800000,26.15000000,144.24200000,26.14000000,30.02800000,26.13000000,76.03300000,26.12000000,6.44700000,26.11000000,67.37700000,26.10000000,73.06800000,26.09000000,8.37900000,26.19000000,2.55800000,26.20000000,2.93900000,26.21000000,8.24800000,26.22000000,12.68000000,26.23000000,46.04100000,26.24000000,63.58500000,26.25000000,91.49100000,26.26000000,62.49000000,26.27000000,75.22400000,26.28000000,66.51500000,26.25,348,26.24,3343,26.23,2367,26.22,2745,26.21,4374,26.2,2745,26.19,4371,26.18,26831,26.17,1868,26.16,2883,26.26,1411,26.27,2954,26.28,4611,26.29,9508,26.3,8512,26.31,6442,26.32,6912,26.33,4080,26.34,3352,26.35,1338,,
0,5,225,26.22000000,26.11,-0.4195,1774137690000,26.22000000,3.70300000,26.21000000,3.37800000,26.20000000,35.69600000,26.19000000,119.54400000,26.18000000,86.82000000,26.17000000,71.43600000,26.16000000,7.42800000,26.15000000,169.81200000,26.14000000,4.47800000,26.13000000,68.48500000,26.23000000,4.43100000,26.24000000,4.48900000,26.25000000,105.79800000,26.26000000,58.33000000,26.27000000,68.49500000,26.28000000,73.28400000,26.29000000,68.49500000,26.30000000,119.16600000,26.31000000,68.49400000,26.32000000,54.27900000,26.25,348,26.24,2693,26.23,2366,26.22,2745,26.21,4374,26.2,2745,26.19,4371,26.18,26831,26.17,1868,26.16,2883,26.26,1411,26.27,2954,26.28,4989,26.29,9885,26.3,8512,26.31,6387,26.32,6912,26.33,4447,26.34,3352,26.35,1338,,
0,5,225,26.23000000,26.18,-0.1906,1774137691000,26.16000000,2.93900000,26.15000000,26.39300000,26.14000000,57.13600000,26.13000000,129.97100000,26.12000000,30.11000000,26.11000000,93.24500000,26.10000000,73.06800000,26.09000000,8.37900000,26.08000000,58.99400000,26.07000000,115.64900000,26.17000000,0.38200000,26.18000000,3.37800000,26.19000000,11.33500000,26.20000000,11.64100000,26.21000000,107.03200000,26.22000000,76.90200000,26.23000000,73.70500000,26.24000000,80.30600000,26.25000000,70.10500000,26.26000000,58.33000000,26.22,258,26.21,1970,26.2,2745,26.19,3871,26.18,26831,26.17,1868,26.16,3472,26.15,1466,26.14,2354,26.13,1989,26.23,1064,26.24,2435,26.25,5427,26.26,6225,26.27,6473,26.28,8177,26.29,9850,26.3,10052,26.31,6379,26.32,5665,,
0,5,225,26.20000000,26.16,-0.1527,1774137692000,26.11000000,9.14500000,26.10000000,9.00300000,26.09000000,45.81400000,26.08000000,35.10000000,26.07000000,129.34200000,26.06000000,56.65100000,26.05000000,60.23600000,26.04000000,111.58400000,26.03000000,9.33200000,26.02000000,59.04000000,26.12000000,2.93900000,26.13000000,5.56600000,26.14000000,6.58900000,26.15000000,62.76800000,26.16000000,124.39000000,26.17000000,8.51200000,26.18000000,125.27700000,26.19000000,4.48900000,26.20000000,70.48600000,26.21000000,64.44600000,26.26,1714,26.25,2144,26.24,2304,26.23,3198,26.22,3147,26.21,4315,26.2,2363,26.19,3871,26.18,26772,26.17,1220,26.27,926,26.28,1479,26.29,3199,26.3,7041,26.31,6609,26.32,4392,26.33,10730,26.34,8938,26.35,3886,26.36,3292,,
0,5,225,26.17000000,26.14,-0.1146,1774137693000,26.14000000,2.93900000,26.13000000,12.53600000,26.12000000,7.95100000,26.11000000,11.90200000,26.10000000,105.54900000,26.09000000,77.60700000,26.08000000,89.83200000,26.07000000,114.02400000,26.06000000,58.56400000,26.05000000,58.32200000,26.15000000,0.38200000,26.16000000,40.80400000,26.17000000,19.79900000,26.18000000,140.94300000,26.19000000,15.76100000,26.20000000,65.87900000,26.21000000,64.44600000,26.22000000,58.33100000,26.23000000,68.49600000,26.24000000,64.93500000,26.16,1,26.15,833,26.14,2400,26.13,3116,26.12,3422,26.11,3291,26.1,3533,26.09,1991,26.08,2303,26.07,1983,26.17,2095,26.18,1773,26.19,3188,26.2,2880,26.21,4345,26.22,1805,26.23,1807,26.24,2921,26.25,2304,26.26,3817,,
0,5,225,26.15000000,26.02,-0.4971,1774137694000,26.14000000,7.37100000,26.13000000,12.53600000,26.12000000,104.90700000,26.11000000,106.50500000,26.10000000,96.15200000,26.09000000,72.38600000,26.08000000,84.61100000,26.07000000,121.57200000,26.06000000,31.02600000,26.05000000,58.32200000,26.16000000,2.93900000,26.17000000,8.95900000,26.18000000,71.43500000,26.19000000,42.02700000,26.20000000,93.11700000,26.21000000,72.72500000,26.22000000,65.87900000,26.23000000,68.49600000,26.24000000,100.60500000,26.25000000,87.04100000,26.14,1182,26.13,3023,26.12,5081,26.11,3896,26.1,4994,26.09,3272,26.08,3389,26.07,5746,26.06,2291,26.05,1182,26.15,5,26.16,1197,26.17,1214,26.18,2906,26.19,2695,26.2,3421,26.21,2415,26.22,3813,26.23,2158,26.24,3292,,
0,5,225,26.12000000,26.04,-0.3063,1774137695000,26.14000000,0.44000000,26.13000000,3.37900000,26.12000000,44.06800000,26.11000000,135.33000000,26.10000000,62.90300000,26.09000000,72.38600000,26.08000000,84.59200000,26.07000000,114.02400000,26.06000000,31.02600000,26.05000000,58.32200000,26.15000000,6.98900000,26.16000000,7.04700000,26.17000000,50.28300000,26.18000000,8.54900000,26.19000000,89.34800000,26.20000000,77.44700000,26.21000000,66.05700000,26.22000000,64.99900000,26.23000000,73.13800000,26.24000000,100.60500000,26.03,1,26.02,10,26.01,2087,26,4858,25.99,2414,25.98,6340,25.97,3059,25.96,1292,25.95,3331,25.94,991,26.04,2403,26.05,3294,26.06,1990,26.07,3673,26.08,3471,26.09,2920,26.1,3270,26.11,2876,26.12,2018,26.13,3791,,
0,5,225,26.13000000,25.94,-0.7271,1774137696000,26.11000000,5.64300000,26.10000000,12.81700000,26.09000000,28.84300000,26.08000000,102.42600000,26.07000000,177.21100000,26.06000000,31.02600000,26.05000000,85.81600000,26.04000000,68.54600000,26.03000000,9.33200000,26.02000000,59.04000000,26.13000000,6.98900000,26.14000000,7.77800000,26.15000000,116.84300000,26.16000000,117.11200000,26.17000000,71.43600000,26.18000000,57.22000000,26.19000000,74.90800000,26.20000000,64.96900000,26.21000000,73.60500000,26.22000000,58.33100000,26.19,3,26.18,913,26.17,1396,26.16,2655,26.15,3470,26.14,2712,26.13,2937,26.12,3814,26.11,2369,26.1,3666,26.2,3271,26.21,3999,26.22,8626,26.23,4628,26.24,12401,26.25,13169,26.26,8968,26.27,4639,26.28,3292,26.29,1659,,
0,5,225,26.14000000,25.99,-0.5738,1774137697000,26.11000000,3.32100000,26.10000000,11.02400000,26.09000000,12.51300000,26.08000000,77.19000000,26.07000000,119.17100000,26.06000000,68.77400000,26.05000000,58.32200000,26.04000000,68.54600000,26.03000000,34.93200000,26.02000000,58.32300000,26.13000000,11.38800000,26.14000000,58.73700000,26.15000000,68.49700000,26.16000000,154.76100000,26.17000000,86.21600000,26.18000000,65.50900000,26.19000000,68.49600000,26.20000000,58.40900000,26.21000000,71.99400000,26.22000000,58.33100000,26.17,861,26.16,1669,26.15,3485,26.14,6111,26.13,2603,26.12,4258,26.11,2413,26.1,4299,26.09,1791,26.08,2803,26.18,1143,26.19,2628,26.2,7242,26.21,2161,26.22,4562,26.23,7906,26.24,3792,26.25,1784,26.26,2708,26.27,1283,,
0,5,225,26.15000000,25.98,-0.6501,1774137698000,26.03000000,2.93900000,26.02000000,54.09200000,26.01000000,137.27500000,26.00000000,130.71800000,25.99000000,58.32300000,25.98000000,107.57500000,25.97000000,5.48200000,25.96000000,58.54700000,25.95000000,94.14900000,25.94000000,40.52700000,26.06000000,11.26300000,26.07000000,23.90700000,26.08000000,63.82500000,26.09000000,30.22200000,26.10000000,145.96800000,26.11000000,10.05900000,26.12000000,74.65200000,26.13000000,70.64400000,26.14000000,58.33200000,26.15000000,68.49700000,26.02,44,26.01,1587,26,2445,25.99,4517,25.98,4462,25.97,3742,25.96,7604,25.95,3716,25.94,3661,25.93,3646,26.03,2274,26.04,1828,26.05,2633,26.06,3100,26.07,2030,26.08,3295,26.09,1985,26.1,3297,26.11,2914,26.12,4561,,
0,5,225,26.16000000,25.96,-0.7645,1774137699000,25.99000000,7.19800000,25.98000000,43.29200000,25.97000000,15.80800000,25.96000000,73.71800000,25.95000000,89.04000000,25.94000000,117.58600000,25.93000000,58.32400000,25.92000000,64.43900000,25.91000000,6.13400000,25.90000000,58.56400000,26.01000000,4.05000000,26.02000000,5.71900000,26.03000000,40.76200000,26.04000000,162.71300000,26.05000000,22.21100000,26.06000000,75.33700000,26.07000000,71.50500000,26.08000000,62.54100000,26.09000000,15.64700000,26.10000000,124.97400000,26.06,777,26.05,2543,26.04,2190,26.03,3238,26.02,2114,26.01,3880,26,5908,25.99,2239,25.98,2455,25.97,1665,26.07,385,26.08,2426,26.09,2590,26.1,2571,26.11,3424,26.12,1805,26.13,9408,26.14,2307,26.15,4310,26.16,1805,,
0,5,225,26.17000000,25.95,-0.8407,1774137700000,26.00000000,20.75800000,25.99000000,81.63300000,25.98000000,39.21600000,25.97000000,64.64400000,25.96000000,131.88800000,25.95000000,58.32400000,25.94000000,105.84500000,25.93000000,58.32400000,25.92000000,64.43900000,25.91000000,6.93300000,26.02000000,2.93900000,26.03000000,3.55700000,26.04000000,34.96200000,26.05000000,12.05000000,26.06000000,99.89900000,26.07000000,67.00400000,26.08000000,69.04500000,26.09000000,20.14800000,26.10000000,124.97400000,26.11000000,4.10800000,26.05,385,26.04,2236,26.03,3044,26.02,2945,26.01,3926,26,6586,25.99,2414,25.98,2178,25.97,2437,25.96,703,26.06,681,26.07,2956,26.08,2147,26.09,3173,26.1,2656,26.11,2876,26.12,1896,26.13,9408,26.14,1785,26.15,3790,,
0,5,225,26.18000000,25.92,-0.9931,1774137701000,25.99000000,6.05500000,25.98000000,39.60000000,25.97000000,33.66800000,25.96000000,79.00000000,25.95000000,121.29200000,25.94000000,78.22400000,25.93000000,58.32400000,25.92000000,90.14900000,25.91000000,8.05800000,25.90000000,54.51400000,26.00000000,4.19900000,26.01000000,17.77700000,26.02000000,76.28000000,26.03000000,86.82200000,26.04000000,77.41000000,26.05000000,77.57700000,26.06000000,67.79400000,26.07000000,85.54900000,26.08000000,59.60200000,26.09000000,12.03900000,26.03,1,26.02,11,26.01,1512,26,5177,25.99,2414,25.98,6627,25.97,3059,25.96,1292,25.95,3331,25.94,991,26.04,2938,26.05,4432,26.06,2052,26.07,2927,26.08,3229,26.09,2920,26.1,2656,26.11,2876,26.12,1830,26.13,3791,,
0,5,225,26.15000000,25.87,-1.0707,1774137702000,25.91000000,53.84200000,25.90000000,88.54200000,25.89000000,81.76600000,25.88000000,95.05900000,25.87000000,66.93700000,25.86000000,69.24900000,25.85000000,28.56800000,25.84000000,59.22000000,25.83000000,71.11900000,25.82000000,54.27700000,25.93000000,2.93900000,25.94000000,4.10800000,25.95000000,16.63400000,25.96000000,13.13200000,25.97000000,82.18800000,25.98000000,64.45300000,25.99000000,76.23800000,26.00000000,32.12600000,26.01000000,130.44100000,26.02000000,6.56600000,25.9,1690,25.89,1963,25.88,3678,25.87,5369,25.86,2457,25.85,2591,25.84,1926,25.83,3119,25.82,3103,25.81,1523,25.92,368,25.93,4063,25.94,2331,25.95,2467,25.96,2009,25.97,1962,25.98,1963,25.99,2018,26,3137,26.01,2126,,
0,5,225,26.15000000,25.92,-0.8795,1774137703000,25.91000000,3.01300000,25.90000000,21.88700000,25.89000000,74.09600000,25.88000000,64.89800000,25.87000000,78.26600000,25.86000000,133.14400000,25.85000000,74.69200000,25.84000000,70.21800000,25.83000000,69.72700000,25.82000000,80.08700000,25.95000000,6.52400000,25.96000000,37.16400000,25.97000000,79.20400000,25.98000000,67.27800000,25.99000000,76.23800000,26.00000000,30.15200000,26.01000000,56.83900000,26.02000000,75.75700000,26.03000000,7.34100000,26.04000000,58.33300000,25.95,564,25.94,2492,25.93,2941,25.92,7635,25.91,5897,25.9,9057,25.89,5666,25.88,6599,25.87,7149,25.86,4686,25.97,1173,25.98,5236,25.99,1285,26,3217,26.01,3547,26.02,3214,26.03,3440,26.04,3221,26.05,3818,26.06,2628,,
0,5,225,26.13000000,25.95,-0.6889,1774137704000,25.94000000,138.77700000,25.93000000,26.05700000,25.92000000,159.79100000,25.91000000,37.01800000,25.90000000,64.84000000,25.89000000,95.68000000,25.88000000,64.84000000,25.87000000,74.51100000,25.86000000,70.21800000,25.85000000,70.93700000,25.97000000,14.62900000,25.98000000,11.57800000,25.99000000,44.55600000,26.00000000,11.86700000,26.01000000,13.22200000,26.02000000,73.78000000,26.03000000,16.84700000,26.04000000,58.33300000,26.05000000,77.74500000,26.06000000,60.38200000,25.98,410,25.97,3469,25.96,5195,25.95,6394,25.94,8424,25.93,4633,25.92,3869,25.91,3844,25.9,1766,25.89,4479,25.99,663,26,2619,26.01,1308,26.02,1809,26.03,3234,26.04,3040,26.05,1982,26.06,3295,26.07,2023,26.08,3295,,
0,5,225,26.14000000,25.98,-0.6121,1774137705000,25.98000000,5.58500000,25.97000000,2.93900000,25.96000000,8.12900000,25.95000000,64.89800000,25.94000000,72.25400000,25.93000000,0.05800000,25.92000000,134.08900000,25.91000000,63.51400000,25.90000000,64.89800000,25.89000000,69.24900000,26.00000000,36.83100000,26.01000000,8.69100000,26.02000000,69.24900000,26.03000000,13.76600000,26.04000000,62.76900000,26.05000000,73.29900000,26.06000000,60.38200000,26.07000000,73.29900000,26.08000000,57.95000000,26.09000000,73.68200000,25.95,254,25.94,1444,25.93,1865,25.92,1807,25.91,8538,25.9,8986,25.89,4758,25.88,1289,25.87,7533,25.86,702,25.96,1681,25.97,2610,25.98,6772,25.99,4954,26,5852,26.01,4577,26.02,3599,26.03,4058,26.04,5104,26.05,4318,,
0,5,225,26.13000000,25.82,-1.1864,1774137706000,25.99000000,64.84000000,25.98000000,72.18800000,25.97000000,98.60900000,25.96000000,132.14000000,25.95000000,65.57000000,25.94000000,94.95900000,25.93000000,0.05800000,25.92000000,134.08900000,25.91000000,0.05800000,25.90000000,64.97600000,26.00000000,2.93900000,26.01000000,8.44900000,26.02000000,8.68700000,26.03000000,19.40200000,26.04000000,45.57700000,26.05000000,8.98600000,26.06000000,88.46400000,26.07000000,77.46800000,26.08000000,62.31200000,26.09000000,84.67100000,26.03,44,26.02,2526,26.01,3218,26,3899,25.99,3778,25.98,4462,25.97,4448,25.96,7109,25.95,3216,25.94,3072,26.04,1618,26.05,2716,26.06,2135,26.07,1931,26.08,3097,26.09,1984,26.1,3297,26.11,2914,26.12,5061,26.13,1283,,
0,5,225,26.09000000,25.9,-0.7282,1774137707000,25.94000000,2.93900000,25.93000000,7.23200000,25.92000000,7.21000000,25.91000000,99.59200000,25.90000000,64.97600000,25.89000000,69.24900000,25.88000000,127.29900000,25.87000000,69.31100000,25.86000000,64.89800000,25.85000000,95.04400000,25.96000000,16.10900000,25.97000000,12.36700000,25.98000000,76.18000000,25.99000000,8.68500000,26.00000000,8.45600000,26.01000000,73.29900000,26.02000000,16.59400000,26.03000000,76.53200000,26.04000000,111.54400000,26.05000000,73.29900000,25.89,4108,25.88,5867,25.87,4580,25.86,6231,25.85,4944,25.84,9425,25.83,5080,25.82,5142,25.81,1394,25.8,2707,25.9,944,25.91,1771,25.92,3023,25.93,2694,25.94,1807,25.95,1919,25.96,5139,25.97,4058,25.98,5139,25.99,4057,,
0,5,225,26.06000000,25.89,-0.6523,1774137708000,25.93000000,80.97700000,25.92000000,83.25500000,25.91000000,95.31800000,25.90000000,127.31300000,25.89000000,69.24900000,25.88000000,64.89800000,25.87000000,95.10100000,25.86000000,64.89800000,25.85000000,69.24900000,25.84000000,64.89800000,25.95000000,4.85600000,25.96000000,6.08200000,25.97000000,51.72000000,25.98000000,76.18000000,25.99000000,8.68500000,26.00000000,8.45600000,26.01000000,96.84800000,26.02000000,77.01800000,26.03000000,80.96300000,26.04000000,111.54400000,25.95,3803,25.94,3958,25.93,3691,25.92,7249,25.91,3708,25.9,2587,25.89,9429,25.88,1290,25.87,3137,25.86,1815,25.96,9,25.97,126,25.98,2055,25.99,2059,26,2388,26.01,2991,26.02,3734,26.03,4460,26.04,3740,26.05,4293,,
0,5,225,26.05000000,25.83,-0.8445,1774137709000,25.93000000,2.99700000,25.92000000,7.24900000,25.91000000,79.55900000,25.90000000,65.65000000,25.89000000,105.69200000,25.88000000,64.89800000,25.87000000,69.31100000,25.86000000,90.68300000,25.85000000,69.24900000,25.84000000,64.89800000,25.95000000,8.90900000,25.96000000,14.11200000,25.97000000,12.54200000,25.98000000,16.24400000,25.99000000,135.69300000,26.00000000,68.94800000,26.01000000,73.29900000,26.02000000,74.26800000,26.03000000,76.53200000,26.04000000,111.54400000,25.96,623,25.95,3764,25.94,4329,25.93,4656,25.92,10882,25.91,4083,25.9,1290,25.89,5068,25.88,1290,25.87,2548,25.98,1210,25.99,1577,26,3664,26.01,2818,26.02,4371,26.03,4460,26.04,4240,26.05,3818,26.06,3217,26.07,3984,,
0,5,225,26.02000000,25.83,-0.7302,1774137710000,25.88000000,2.99700000,25.87000000,15.56600000,25.86000000,65.70800000,25.85000000,0.73300000,25.84000000,65.70800000,25.83000000,37.06800000,25.82000000,66.08500000,25.81000000,30.37100000,25.80000000,148.10500000,25.79000000,66.08400000,25.90000000,12.79600000,25.91000000,10.93200000,25.92000000,63.51700000,25.93000000,86.77200000,25.94000000,11.26300000,25.95000000,76.79900000,25.96000000,7.42600000,25.97000000,71.02800000,25.98000000,12.57200000,25.99000000,69.75800000,25.89,60,25.88,1290,25.87,3137,25.86,3605,25.85,3548,25.84,7254,25.83,2787,25.82,2177,25.81,1394,25.8,2707,25.9,555,25.91,1816,25.92,1626,25.93,3713,25.94,3280,25.95,3036,25.96,5280,25.97,1806,25.98,3735,25.99,3960,,
0,5,225,26.04000000,25.82,-0.8449,1774137711000,25.88000000,2.93900000,25.87000000,6.97800000,25.86000000,72.13700000,25.85000000,54.41500000,25.84000000,78.22800000,25.83000000,46.87700000,25.82000000,128.71800000,25.81000000,46.77500000,25.80000000,148.10500000,25.79000000,91.93300000,25.90000000,6.98900000,25.91000000,19.98500000,25.92000000,24.50900000,25.93000000,68.64700000,25.94000000,55.03100000,25.95000000,69.75800000,25.96000000,50.83400000,25.97000000,71.02800000,25.98000000,56.04400000,25.99000000,69.75800000,25.87,4610,25.86,5206,25.85,5258,25.84,12760,25.83,5818,25.82,2177,25.81,1894,25.8,3296,25.79,699,25.78,702,25.89,564,25.9,1584,25.91,3622,25.92,3368,25.93,3278,25.94,5281,25.95,5158,25.96,5280,25.97,5202,25.98,3215,,
0,5,225,26.02000000,25.85,-0.6533,1774137712000,25.92000000,2.93900000,25.91000000,6.58000000,25.90000000,6.98900000,25.89000000,33.80400000,25.88000000,108.25000000,25.87000000,52.80700000,25.86000000,72.67100000,25.85000000,75.85500000,25.84000000,66.42300000,25.83000000,46.87700000,25.94000000,39.22600000,25.95000000,4.10800000,25.96000000,47.04500000,25.97000000,72.37700000,25.98000000,50.44900000,25.99000000,69.75800000,26.00000000,50.58800000,26.01000000,76.29100000,26.02000000,50.44900000,26.03000000,72.99100000,25.95,44,25.94,2135,25.93,2830,25.92,6899,25.91,5329,25.9,6418,25.89,5304,25.88,7148,25.87,7990,25.86,7773,25.96,2,25.97,2887,25.98,1218,25.99,1968,26,3217,26.01,3547,26.02,3214,26.03,3440,26.04,3221,26.05,3818,,
0,5,225,26.01000000,25.82,-0.7305,1774137713000,25.92000000,4.86500000,25.91000000,7.21700000,25.90000000,76.64500000,25.89000000,57.98800000,25.88000000,72.57000000,25.87000000,53.20000000,25.86000000,65.70800000,25.85000000,72.20400000,25.84000000,65.70800000,25.83000000,46.87700000,25.94000000,17.79600000,25.95000000,18.12400000,25.96000000,107.09500000,25.97000000,6.72700000,25.98000000,50.44900000,25.99000000,71.37700000,26.00000000,50.58800000,26.01000000,69.75800000,26.02000000,50.44900000,26.03000000,72.99100000,25.95,630,25.94,2042,25.93,5197,25.92,2695,25.91,9055,25.9,10017,25.89,5280,25.88,1809,25.87,4760,25.86,4097,25.96,322,25.97,1881,25.98,1762,25.99,2483,26,3217,26.01,3547,26.02,3214,26.03,3940,26.04,3221,26.05,3818,,
0,5,225,25.93000000,25.89,-0.1543,1774137714000,25.91000000,4.61000000,25.90000000,6.04200000,25.89000000,2.77500000,25.88000000,73.50300000,25.87000000,52.05100000,25.86000000,95.36300000,25.85000000,126.68800000,25.84000000,65.70800000,25.83000000,46.87700000,25.82000000,91.90500000,25.93000000,5.23900000,25.94000000,8.31700000,25.95000000,60.07300000,25.96000000,121.62800000,25.97000000,10.97300000,25.98000000,50.44900000,25.99000000,71.37700000,26.00000000,50.58800000,26.01000000,69.75800000,26.02000000,50.44900000,25.95,15,25.94,626,25.93,1215,25.92,2488,25.91,9055,25.9,10266,25.89,5280,25.88,1809,25.87,4760,25.86,4097,25.96,2423,25.97,3285,25.98,5615,25.99,5196,26,3217,26.01,4783,26.02,3214,26.03,3940,26.04,3221,26.05,3818,,
0,5,225,25.92000000,25.9,-0.0772,1774137715000,25.93000000,2.99700000,25.92000000,72.44200000,25.91000000,49.33800000,25.90000000,136.07600000,25.89000000,46.39900000,25.88000000,70.21700000,25.87000000,75.10300000,25.86000000,65.70800000,25.85000000,89.75300000,25.84000000,65.70800000,25.95000000,6.98900000,25.96000000,17.10100000,25.97000000,10.84900000,25.98000000,65.22200000,25.99000000,95.83200000,26.00000000,51.93700000,26.01000000,69.75800000,26.02000000,50.44900000,26.03000000,93.19100000,26.04000000,4.49100000,26,974,25.99,2145,25.98,2466,25.97,2474,25.96,5381,25.95,5951,25.94,3075,25.93,12184,25.92,1807,25.91,7949,26.02,2507,26.03,4237,26.04,3221,26.05,4318,26.06,3217,26.07,3484,26.08,2404,26.09,1283,26.1,3297,26.11,2414,,
0,5,225,25.92000000,25.91,-0.0386,1774137716000,25.86000000,56.64500000,25.85000000,89.75300000,25.84000000,102.77900000,25.83000000,46.87700000,25.82000000,92.41400000,25.81000000,73.12800000,25.80000000,148.10500000,25.79000000,112.42500000,25.78000000,43.90600000,25.77000000,47.62900000,25.88000000,2.93900000,25.89000000,10.65100000,25.90000000,15.27000000,25.91000000,23.61900000,25.92000000,53.21000000,25.93000000,91.03100000,25.94000000,80.50100000,25.95000000,77.33500000,25.96000000,51.79800000,25.97000000,73.55300000,25.87,293,25.86,1316,25.85,7965,25.84,5262,25.83,2401,25.82,2177,25.81,1394,25.8,3296,25.79,1288,25.78,702,25.88,44,25.89,1250,25.9,2871,25.91,2637,25.92,2532,25.93,3203,25.94,6378,25.95,5034,25.96,5818,25.97,4578,,
0,5,225,25.93000000,25.96,0.1157,1774137717000,25.84000000,2.93900000,25.83000000,3.70600000,25.82000000,7.70600000,25.81000000,129.85800000,25.80000000,147.41400000,25.79000000,9.46000000,25.78000000,117.05700000,25.77000000,50.48100000,25.76000000,129.76700000,25.75000000,1.99600000,25.87000000,60.81100000,25.88000000,12.29900000,25.89000000,115.27500000,25.90000000,55.76900000,25.91000000,74.82300000,25.92000000,55.76900000,25.93000000,74.90200000,25.94000000,50.44900000,25.95000000,134.31100000,25.96000000,56.97200000,25.87,322,25.86,2256,25.85,2663,25.84,6563,25.83,5128,25.82,5396,25.81,1394,25.8,7933,25.79,1288,25.78,702,25.88,51,25.89,1219,25.9,2780,25.91,2763,25.92,5140,25.93,5077,25.94,5140,25.95,4514,25.96,5139,25.97,4058,,
0,5,225,25.96000000,25.86,-0.3852,1774137718000,25.88000000,2.93900000,25.87000000,6.51200000,25.86000000,51.98300000,25.85000000,119.56900000,25.84000000,81.72200000,25.83000000,69.50400000,25.82000000,30.44300000,25.81000000,125.49600000,25.80000000,143.70800000,25.79000000,52.09500000,25.90000000,4.05000000,25.91000000,3.27800000,25.92000000,13.07700000,25.93000000,112.03800000,25.94000000,8.74100000,25.95000000,135.07800000,25.96000000,50.44900000,25.97000000,73.55300000,25.98000000,68.99400000,25.99000000,4.10800000,25.91,564,25.9,2301,25.89,4847,25.88,6163,25.87,4873,25.86,6240,25.85,4944,25.84,9093,25.83,5080,25.82,5142,25.92,6,25.93,3280,25.94,1807,25.95,1285,25.96,5139,25.97,4058,25.98,5139,25.99,4057,26,5142,26.01,4165,,
0,5,225,25.97000000,25.75,-0.8471,1774137719000,25.87000000,1.72900000,25.86000000,49.33800000,25.85000000,74.82300000,25.84000000,118.85200000,25.83000000,69.50400000,25.82000000,0.05900000,25.81000000,151.83500000,25.80000000,143.70800000,25.79000000,52.09500000,25.78000000,114.19700000,25.89000000,10.00000000,25.90000000,8.13800000,25.91000000,9.02400000,25.92000000,12.60100000,25.93000000,115.68200000,25.94000000,70.98700000,25.95000000,73.55300000,25.96000000,92.66200000,25.97000000,73.55300000,25.98000000,68.99400000,25.91,1508,25.9,2440,25.89,5054,25.88,6163,25.87,5373,25.86,6231,25.85,4944,25.84,9479,25.83,5080,25.82,4553,25.92,896,25.93,1822,25.94,1807,25.95,1834,25.96,5432,25.97,4558,25.98,5139,25.99,4057,26,5142,26.01,4165,,
0,5,225,25.96000000,25.78,-0.6934,1774137720000,25.87000000,2.93900000,25.86000000,49.72400000,25.85000000,74.82300000,25.84000000,118.85200000,25.83000000,69.50400000,25.82000000,0.05900000,25.81000000,151.83500000,25.80000000,143.70800000,25.79000000,52.09500000,25.78000000,114.19700000,25.89000000,3.23900000,25.90000000,4.49400000,25.91000000,78.46900000,25.92000000,51.88600000,25.93000000,74.90200000,25.94000000,67.34300000,25.95000000,73.55300000,25.96000000,92.66200000,25.97000000,73.55300000,25.98000000,68.99400000,25.9,1324,25.89,4034,25.88,5663,25.87,5080,25.86,7170,25.85,4944,25.84,9479,25.83,5080,25.82,5142,25.81,805,25.92,2596,25.93,2975,25.94,2358,25.95,2268,25.96,11481,25.97,8406,25.98,6634,25.99,4433,26,5142,26.01,4165,,
0,5,225,25.83000000,25.84,0.0387,1774137725000,25.82000000,2.93900000,25.81000000,6.75800000,25.80000000,11.31100000,25.79000000,59.20300000,25.78000000,146.90600000,25.77000000,68.57800000,25.76000000,72.44300000,25.75000000,53.65700000,25.74000000,96.28900000,25.73000000,46.84300000,25.84000000,4.05000000,25.85000000,41.03800000,25.86000000,8.33200000,25.87000000,159.36500000,25.88000000,5.45800000,25.89000000,56.72900000,25.90000000,78.31900000,25.91000000,50.83600000,25.92000000,4.49400000,25.93000000,119.89400000,25.86,633,25.85,1735,25.84,1442,25.83,1286,25.82,6289,25.81,7170,25.8,5290,25.79,3763,25.78,4770,25.77,3176,25.87,1182,25.88,1992,25.89,7240,25.9,1219,25.91,3801,25.92,4181,25.93,3673,25.94,1202,25.95,6655,25.96,697,,
0,5,225,25.84000000,25.9,0.2322,1774137726000,25.78000000,22.20100000,25.77000000,4.10900000,25.76000000,72.44300000,25.75000000,53.65700000,25.74000000,133.95900000,25.73000000,46.84300000,25.72000000,98.24200000,25.71000000,49.41900000,25.70000000,69.95800000,25.69000000,4.48500000,25.79000000,4.05000000,25.80000000,4.03000000,25.81000000,6.98900000,25.82000000,79.75400000,25.83000000,43.94700000,25.84000000,135.61800000,25.85000000,20.79500000,25.86000000,14.56900000,25.87000000,125.82500000,25.88000000,4.10900000,25.83,385,25.82,2214,25.81,2177,25.8,2289,25.79,2973,25.78,7448,25.77,1857,25.76,1790,25.75,4818,25.74,1201,25.84,387,25.85,5928,25.86,2518,25.87,5081,25.88,2759,25.89,4509,25.9,2343,25.91,1325,25.92,4181,25.93,1945,,
0,5,225,25.86000000,25.83,-0.116,1774137727000,25.80000000,6.93900000,25.79000000,2.99800000,25.78000000,25.54300000,25.77000000,63.22600000,25.76000000,72.44300000,25.75000000,91.30600000,25.74000000,96.32300000,25.73000000,46.84300000,25.72000000,98.24200000,25.71000000,49.41900000,25.82000000,11.93900000,25.83000000,5.91100000,25.84000000,114.14700000,25.85000000,17.59900000,25.86000000,11.67800000,25.87000000,127.79800000,25.88000000,59.73900000,25.89000000,50.45000000,25.90000000,74.01800000,25.91000000,50.83600000,25.82,522,25.81,2249,25.8,7046,25.79,4663,25.78,6021,25.77,4663,25.76,5520,25.75,4709,25.74,5520,25.73,3451,25.84,564,25.85,3406,25.86,1883,25.87,4230,25.88,6936,25.89,8876,25.9,6143,25.91,8375,25.92,6975,25.93,4745,,
0,5,225,25.85000000,25.87,0.0774,1774137728000,25.86000000,2.93900000,25.85000000,6.01300000,25.84000000,15.17900000,25.83000000,67.40800000,25.82000000,79.34800000,25.81000000,99.08300000,25.80000000,111.48600000,25.79000000,58.76900000,25.78000000,72.26300000,25.77000000,86.31300000,25.88000000,10.55800000,25.89000000,40.21700000,25.90000000,4.57300000,25.91000000,6.10800000,25.92000000,15.16200000,25.93000000,119.89400000,25.94000000,5.45700000,25.95000000,73.55300000,25.96000000,50.44900000,25.97000000,4.10800000,25.86,1945,25.85,2776,25.84,2202,25.83,3377,25.82,11769,25.81,9728,25.8,7090,25.79,4707,25.78,6065,25.77,4118,25.87,44,25.88,1581,25.89,8378,25.9,6143,25.91,8375,25.92,6600,25.93,4745,25.94,8107,25.95,4371,25.96,1786,,
0,5,225,25.83000000,25.71,-0.4646,1774137729000,25.87000000,5.32000000,25.86000000,69.50300000,25.85000000,58.29800000,25.84000000,72.82800000,25.83000000,64.08800000,25.82000000,72.44200000,25.81000000,96.19400000,25.80000000,104.14000000,25.79000000,85.14800000,25.78000000,72.26300000,25.88000000,16.43800000,25.89000000,2.85000000,25.90000000,4.57300000,25.91000000,43.53200000,25.92000000,4.49400000,25.93000000,92.88700000,25.94000000,11.77900000,25.95000000,73.55300000,25.96000000,54.81000000,25.97000000,4.10800000,25.92,1888,25.91,2875,25.9,1808,25.89,8601,25.88,5188,25.87,5289,25.86,3459,25.85,5289,25.84,3979,25.83,1719,25.93,321,25.94,1796,25.95,4135,25.96,4500,25.97,6346,25.98,4168,25.99,6345,26,1595,26.01,2972,26.02,2626,,
0,5,225,25.83000000,25.46,-1.4324,1774137730000,25.85000000,51.32100000,25.84000000,72.82800000,25.83000000,64.08800000,25.82000000,72.44200000,25.81000000,122.92600000,25.80000000,77.76200000,25.79000000,85.14300000,25.78000000,69.50400000,25.77000000,59.88000000,25.76000000,69.50400000,25.87000000,6.56800000,25.88000000,9.12800000,25.89000000,4.10800000,25.90000000,111.80100000,25.91000000,4.49500000,25.92000000,67.05600000,25.93000000,73.93900000,25.94000000,114.11400000,25.95000000,75.17000000,25.96000000,68.99400000,25.9,1288,25.89,564,25.88,3337,25.87,8111,25.86,3459,25.85,5674,25.84,4664,25.83,2456,25.82,6939,25.81,1396,25.91,1043,25.92,1805,25.93,5154,25.94,700,25.95,6605,25.96,4113,25.97,6346,25.98,698,25.99,6345,26,1237,,
0,5,225,25.84000000,25.58,-1.0062,1774137731000,25.85000000,59.82100000,25.84000000,4.43600000,25.83000000,58.76800000,25.82000000,81.81200000,25.81000000,58.76800000,25.80000000,115.49300000,25.79000000,82.16800000,25.78000000,69.50400000,25.77000000,86.22300000,25.76000000,69.50400000,25.87000000,6.31400000,25.88000000,10.04500000,25.89000000,7.04800000,25.90000000,113.17400000,25.91000000,4.49500000,25.92000000,69.36000000,25.93000000,78.27500000,25.94000000,59.87900000,25.95000000,75.17000000,25.96000000,68.99400000,25.91,385,25.9,2266,25.89,3859,25.88,1809,25.87,2435,25.86,3761,25.85,5289,25.84,4865,25.83,2830,25.82,6939,25.92,323,25.93,5481,25.94,1219,25.95,4135,25.96,1217,25.97,6346,25.98,1198,25.99,6345,26,1237,26.01,2972,,
0,5,225,25.81000000,25.71,-0.3874,1774137732000,25.92000000,9.32000000,25.91000000,112.57300000,25.90000000,5.37800000,25.89000000,117.69200000,25.88000000,42.69100000,25.87000000,149.90100000,25.86000000,12.36700000,25.85000000,126.29300000,25.84000000,4.49500000,25.83000000,102.95900000,25.94000000,14.17000000,25.95000000,42.04600000,25.96000000,6.89900000,25.97000000,5.45700000,25.98000000,4.10800000,25.99000000,69.72000000,26.00000000,6.52400000,26.01000000,114.53000000,26.02000000,4.10800000,26.03000000,106.91700000,25.7,906,25.69,3289,25.68,8160,25.67,2945,25.66,13614,25.65,8075,25.64,14393,25.63,6913,25.62,13095,25.61,5851,25.73,564,25.74,1819,25.75,14064,25.76,7814,25.77,14482,25.78,8071,25.79,7858,25.8,6326,25.81,7967,25.82,6325,,
0,5,225,25.76000000,25.67,-0.3494,1774137733000,25.91000000,99.63400000,25.90000000,4.10800000,25.89000000,117.69200000,25.88000000,12.36700000,25.87000000,111.94300000,25.86000000,12.36700000,25.85000000,126.29300000,25.84000000,4.49500000,25.83000000,104.57600000,25.82000000,4.92400000,25.93000000,6.98900000,25.94000000,10.98900000,25.95000000,7.56900000,25.96000000,4.10800000,25.97000000,75.04000000,25.98000000,44.96500000,25.99000000,69.72000000,26.00000000,7.87300000,26.01000000,95.43000000,26.02000000,24.45300000,25.96,2,25.95,1082,25.94,5137,25.93,5135,25.92,3759,25.91,5152,25.9,7134,25.89,5268,25.88,3759,25.87,4134,25.97,1368,25.98,3405,25.99,3241,26,12138,26.01,3452,26.02,5092,26.03,4841,26.04,6607,26.05,8228,26.06,3251,,
0,5,225,25.67000000,25.73,0.2337,1774137734000,25.87000000,32.02200000,25.86000000,7.04700000,25.85000000,99.95400000,25.84000000,4.49500000,25.83000000,140.92000000,25.82000000,30.43700000,25.81000000,64.42000000,25.80000000,65.74800000,25.79000000,39.70300000,25.78000000,70.56700000,25.88000000,4.05000000,25.89000000,6.22900000,25.90000000,12.36700000,25.91000000,7.04700000,25.92000000,46.06900000,25.93000000,68.46100000,25.94000000,8.10800000,25.95000000,81.38000000,25.96000000,43.78700000,25.97000000,93.58500000,25.86,1347,25.85,4656,25.84,4304,25.83,4452,25.82,3458,25.81,11491,25.8,3457,25.79,4373,25.78,3457,25.77,699,25.88,880,25.89,2728,25.9,1287,25.91,1804,25.92,2413,25.93,5492,25.94,3756,25.95,4925,25.96,1806,25.97,7316,,
0,5,225,25.55000000,25.73,0.7045,1774137735000,25.81000000,4.10800000,25.80000000,0.13600000,25.79000000,76.16600000,25.78000000,69.72100000,25.77000000,61.58700000,25.76000000,0.05900000,25.75000000,105.62200000,25.74000000,6.13500000,25.73000000,48.71300000,25.72000000,72.04100000,25.83000000,6.93900000,25.84000000,13.37000000,25.85000000,18.34900000,25.86000000,48.65600000,25.87000000,116.28500000,25.88000000,56.84600000,25.89000000,74.93000000,25.90000000,63.28900000,25.91000000,73.66000000,25.92000000,71.56900000,25.76,4332,25.75,794,25.74,3759,25.73,2406,25.72,3458,25.71,2513,25.7,3761,25.69,2406,25.68,3759,25.67,2840,25.78,1237,25.79,961,25.8,1992,25.81,1957,25.82,2542,25.83,2502,25.84,3015,25.85,4893,25.86,4279,25.87,4373,,
0,5,225,25.51000000,25.67,0.6272,1774137736000,25.76000000,2.88000000,25.75000000,1.99600000,25.74000000,23.87600000,25.73000000,4.90300000,25.72000000,6.42900000,25.71000000,48.78100000,25.70000000,4.56300000,25.69000000,117.31400000,25.68000000,10.26000000,25.67000000,118.56700000,25.77000000,4.00000000,25.78000000,8.86900000,25.79000000,13.92500000,25.80000000,25.85600000,25.81000000,116.13900000,25.82000000,68.71400000,25.83000000,79.87300000,25.84000000,64.59400000,25.85000000,78.98100000,25.86000000,48.65600000,25.76,341,25.75,2196,25.74,2274,25.73,4901,25.72,2157,25.71,4935,25.7,1749,25.69,5263,25.68,1290,25.67,2840,25.77,1703,25.78,1609,25.79,1810,25.8,4280,25.81,4483,25.82,3714,25.83,4873,25.84,4279,25.85,4374,25.86,3759,,
0,5,225,25.52000000,25.76,0.9404,1774137737000,25.74000000,5.22900000,25.73000000,6.98900000,25.72000000,6.98900000,25.71000000,64.03600000,25.70000000,71.37200000,25.69000000,123.99800000,25.68000000,36.57000000,25.67000000,55.29300000,25.66000000,157.22700000,25.65000000,54.04100000,25.76000000,2.93900000,25.77000000,88.39200000,25.78000000,55.48500000,25.79000000,116.92200000,25.80000000,60.65100000,25.81000000,79.10700000,25.82000000,61.86400000,25.83000000,73.60200000,25.84000000,53.66400000,25.85000000,73.66100000,25.74,47,25.73,2018,25.72,7983,25.71,13422,25.7,7551,25.69,12296,25.68,4954,25.67,18892,25.66,1299,25.65,17509,25.75,1395,25.76,2935,25.77,4883,25.78,2319,25.79,13084,25.8,7990,25.81,13761,25.82,8726,25.83,8366,25.84,6326,,
0,5,225,25.48000000,25.74,1.0204,1774137738000,25.78000000,2.93900000,25.77000000,7.04800000,25.76000000,6.19800000,25.75000000,11.04800000,25.74000000,61.16700000,25.73000000,78.78600000,25.72000000,66.19700000,25.71000000,61.09700000,25.70000000,95.49400000,25.69000000,54.04000000,25.80000000,69.08800000,25.81000000,4.10900000,25.82000000,99.63400000,25.83000000,66.19700000,25.84000000,56.66100000,25.85000000,11.16100000,25.86000000,105.42400000,25.87000000,0.12100000,25.88000000,109.47400000,25.89000000,6.67600000,25.79,341,25.78,1972,25.77,3178,25.76,1420,25.75,5005,25.74,6512,25.73,4057,25.72,4789,25.71,4039,25.7,4151,25.8,324,25.81,2770,25.82,2110,25.83,5248,25.84,3759,25.85,4374,25.86,3759,25.87,4373,25.88,3759,25.89,5395,,
0,5,225,25.51000000,25.75,0.9408,1774137739000,25.79000000,2.93900000,25.78000000,8.13900000,25.77000000,9.98500000,25.76000000,13.04300000,25.75000000,59.99100000,25.74000000,143.91900000,25.73000000,59.15800000,25.72000000,69.13600000,25.71000000,89.38400000,25.70000000,66.65100000,25.80000000,2.33000000,25.81000000,9.14900000,25.82000000,68.74400000,25.83000000,70.33700000,25.84000000,55.31200000,25.85000000,4.10900000,25.86000000,105.42400000,25.87000000,0.12100000,25.88000000,151.68700000,25.89000000,6.67600000,25.77,1809,25.76,2682,25.75,2451,25.74,9602,25.73,13089,25.72,7595,25.71,13135,25.7,10657,25.69,12691,25.68,710,25.78,11,25.79,851,25.8,3453,25.81,13383,25.82,7703,25.83,7866,25.84,6714,25.85,8606,25.86,6260,25.87,7857,0.0000500000000000,1774166400000
0,5,225,25.52000000,25.81,1.1364,1774137740000,25.83000000,6.98900000,25.82000000,6.98900000,25.81000000,30.97200000,25.80000000,15.49000000,25.79000000,62.75500000,25.78000000,138.45100000,25.77000000,53.11400000,25.76000000,72.23400000,25.75000000,56.77700000,25.74000000,100.33700000,25.84000000,1.53000000,25.85000000,0.44600000,25.86000000,83.39200000,25.87000000,43.96100000,25.88000000,128.85300000,25.89000000,11.39700000,25.90000000,109.55100000,25.91000000,46.32100000,25.92000000,47.38500000,25.93000000,68.75800000,25.85,854,25.84,2154,25.83,2699,25.82,3359,25.81,4664,25.8,5520,25.79,5049,25.78,5521,25.77,4663,25.76,5431,25.86,337,25.87,2137,25.88,2699,25.89,7721,25.9,5224,25.91,5022,25.92,4256,25.93,4370,25.94,3756,25.95,8183,,
0,5,225,25.56000000,25.88,1.252,1774137740620,25.80000000,0.05900000,25.79000000,4.53300000,25.78000000,7.76400000,25.77000000,78.90300000,25.76000000,100.59100000,25.75000000,53.83800000,25.74000000,37.98700000,25.73000000,107.99700000,25.72000000,4.10900000,25.71000000,57.17100000,25.81000000,2.93900000,25.82000000,8.68800000,25.83000000,2.99800000,25.84000000,67.99300000,25.85000000,68.38800000,25.86000000,60.34500000,25.87000000,61.12100000,25.88000000,53.83800000,25.89000000,61.24500000,25.90000000,51.76900000,25.88,1297,25.87,1887,25.86,2004,25.85,12663,25.84,8367,25.83,12574,25.82,8434,25.81,12690,25.8,7205,25.79,12119,25.89,1020,25.9,3104,25.91,13199,25.92,12178,25.93,13667,25.94,9855,25.95,9181,25.96,21356,25.97,1285,25.98,7194,0.0000500000000000,1774166400000
0,5,225,25.58000000,25.88,1.1728,1774137740921,25.81000000,0.56100000,25.80000000,0.44600000,25.79000000,66.78400000,25.78000000,62.31000000,25.77000000,78.90300000,25.76000000,65.52400000,25.75000000,53.83800000,25.74000000,34.80600000,25.73000000,107.99700000,25.72000000,4.10900000,25.82000000,6.93900000,25.83000000,7.34000000,25.84000000,23.80900000,25.85000000,61.20700000,25.86000000,94.30300000,25.87000000,61.12100000,25.88000000,53.83800000,25.89000000,61.24500000,25.90000000,51.76900000,25.91000000,46.32100000,25.89,708,25.88,2807,25.87,2194,25.86,9224,25.85,12663,25.84,8367,25.83,12188,25.82,8434,25.81,12690,25.8,6616,25.9,1370,25.91,2358,25.92,6526,25.93,13667,25.94,9855,25.95,6092,25.96,17894,25.97,1285,25.98,7194,25.99,17313,0.0000500000000000,1774166400000
0,5,225,25.60000000,25.89,1.1328,1774137741221,25.81000000,4.05000000,25.80000000,4.49600000,25.79000000,61.46700000,25.78000000,128.05400000,25.77000000,50.17500000,25.76000000,65.91100000,25.75000000,54.22500000,25.74000000,34.80600000,25.73000000,107.99700000,25.72000000,4.10900000,25.82000000,1.78900000,25.83000000,7.04800000,25.84000000,9.74100000,25.85000000,61.20700000,25.86000000,112.91000000,25.87000000,61.12100000,25.88000000,73.20200000,25.89000000,65.54100000,25.90000000,47.46300000,25.91000000,46.32100000,25.86,322,25.85,2094,25.84,1888,25.83,12188,25.82,8434,25.81,12690,25.8,7205,25.79,12708,25.78,7206,25.77,12981,25.87,2583,25.88,3256,25.89,5618,25.9,9487,25.91,15090,25.92,9473,25.93,17897,25.94,9696,25.95,2045,25.96,18278,0.0000500000000000,1774166400000
0,5,225,25.61000000,25.85,0.9371,1774137741521,25.81000000,4.05000000,25.80000000,7.65400000,25.79000000,70.60800000,25.78000000,73.89500000,25.77000000,59.31600000,25.76000000,14.90900000,25.75000000,7.65300000,25.74000000,96.83300000,25.73000000,7.26600000,25.72000000,38.25000000,25.83000000,2.93900000,25.84000000,4.46000000,25.85000000,38.03200000,25.86000000,63.18100000,25.87000000,65.83200000,25.88000000,23.47300000,25.89000000,11.38200000,25.90000000,35.17000000,25.91000000,74.20700000,25.92000000,7.26500000,25.84,7,25.83,2100,25.82,3304,25.81,12690,25.8,7205,25.79,12708,25.78,7206,25.77,12688,25.76,7205,25.75,11894,25.85,1660,25.86,2209,25.87,9223,25.88,2581,25.89,14314,25.9,9319,25.91,21026,25.92,10616,25.93,17510,25.94,7565,0.0000500000000000,1774166400000
0,5,225,25.62000000,25.84,0.8587,1774137741822,25.78000000,1.16200000,25.77000000,0.44600000,25.76000000,11.75200000,25.75000000,4.49600000,25.74000000,62.97900000,25.73000000,4.10900000,25.72000000,35.09300000,25.71000000,41.99200000,25.70000000,7.65200000,25.69000000,40.30300000,25.80000000,2.93900000,25.81000000,10.17600000,25.82000000,10.20500000,25.83000000,58.76200000,25.84000000,48.97900000,25.85000000,69.07500000,25.86000000,7.65300000,25.87000000,68.98900000,25.88000000,30.92100000,25.89000000,38.10300000,25.84,7,25.83,661,25.82,2318,25.81,12190,25.8,7205,25.79,12708,25.78,7206,25.77,12688,25.76,7205,25.75,11601,25.85,1414,25.86,3680,25.87,9223,25.88,8489,25.89,13928,25.9,12036,25.91,21526,25.92,10238,25.93,17510,25.94,7565,0.0000500000000000,1774166400000
0,5,225,25.62000000,25.84,0.8587,1774137742123,25.79000000,4.15900000,25.78000000,4.49600000,25.77000000,12.86400000,25.76000000,108.83500000,25.75000000,36.47400000,25.74000000,62.97900000,25.73000000,9.63000000,25.72000000,67.07200000,25.71000000,41.99200000,25.70000000,7.65200000,25.81000000,33.92300000,25.82000000,7.04800000,25.83000000,120.45200000,25.84000000,4.45600000,25.85000000,64.32800000,25.86000000,8.77700000,25.87000000,65.83200000,25.88000000,4.10900000,25.89000000,36.75400000,25.90000000,35.17000000,25.84,1376,25.83,3561,25.82,3809,25.81,12190,25.8,7205,25.79,12708,25.78,7206,25.77,12688,25.76,7205,25.75,11601,25.86,1039,25.87,4461,25.88,6067,25.89,13548,25.9,8178,25.91,19247,25.92,7954,25.93,13281,25.94,7195,25.95,1670,0.0000500000000000,1774166400000
0,5,225,25.62000000,25.84,0.8587,1774137742424,25.80000000,2.93900000,25.79000000,4.60500000,25.78000000,7.68000000,25.77000000,12.86400000,25.76000000,108.83500000,25.75000000,36.47400000,25.74000000,62.97900000,25.73000000,9.23100000,25.72000000,67.07200000,25.71000000,41.99200000,25.81000000,2.93900000,25.82000000,7.04800000,25.83000000,38.03200000,25.84000000,58.64700000,25.85000000,64.32800000,25.86000000,4.49600000,25.87000000,65.83200000,25.88000000,8.40000000,25.89000000,36.75400000,25.90000000,38.35400000,25.84,7,25.83,989,25.82,3325,25.81,12190,25.8,7205,25.79,12708,25.78,7206,25.77,12688,25.76,7205,25.75,11601,25.85,1390,25.86,4064,25.87,16253,25.88,12941,25.89,13548,25.9,11054,25.91,23500,25.92,8698,25.93,13282,25.94,7195,0.0000500000000000,1774166400000
0,5,225,25.62000000,25.84,0.8587,1774137742725,25.81000000,2.93900000,25.80000000,4.05000000,25.79000000,11.81900000,25.78000000,27.15800000,25.77000000,41.63300000,25.76000000,110.77100000,25.75000000,36.47400000,25.74000000,62.97900000,25.73000000,7.29300000,25.72000000,38.27700000,25.82000000,3.03900000,25.83000000,7.04800000,25.84000000,4.10900000,25.85000000,64.32800000,25.86000000,4.49600000,25.87000000,65.83200000,25.88000000,8.40000000,25.89000000,36.75400000,25.90000000,35.17000000,25.91000000,74.20700000,25.84,7,25.83,989,25.82,3332,25.81,12190,25.8,7206,25.79,12708,25.78,7206,25.77,12688,25.76,7205,25.75,11601,25.85,1390,25.86,4064,25.87,15868,25.88,12561,25.89,13548,25.9,11640,25.91,22348,25.92,8324,25.93,13282,25.94,7195,0.0000500000000000,1774166400000
0,5,225,25.67000000,25.84,0.6623,1774137743025,25.80000000,4.05000000,25.79000000,8.65500000,25.78000000,75.61900000,25.77000000,60.27800000,25.76000000,42.73600000,25.75000000,33.29000000,25.74000000,35.09300000,25.73000000,25.80200000,25.72000000,35.09300000,25.71000000,14.43000000,25.81000000,2.93900000,25.82000000,2.93900000,25.83000000,7.04800000,25.84000000,7.29700000,25.85000000,39.63000000,25.86000000,66.68300000,25.87000000,57.32200000,25.88000000,28.99000000,25.89000000,13.15900000,25.90000000,60.05100000,25.82,2029,25.81,12521,25.8,7206,25.79,13479,25.78,7206,25.77,12688,25.76,7205,25.75,12190,25.74,7499,25.73,11975,25.84,1980,25.85,2323,25.86,8268,25.87,14223,25.88,8699,25.89,13548,25.9,11648,25.91,14460,25.92,7954,25.93,13782,0.0000500000000000,1774166400000
0,5,225,25.69000000,25.84,0.5839,1774137743326,25.79000000,8.65500000,25.78000000,75.61900000,25.77000000,60.27800000,25.76000000,42.73600000,25.75000000,33.29000000,25.74000000,35.09300000,25.73000000,25.80200000,25.72000000,38.28100000,25.71000000,14.43000000,25.70000000,7.65200000,25.81000000,2.93900000,25.82000000,7.04800000,25.83000000,7.04800000,25.84000000,11.64400000,25.85000000,39.63000000,25.86000000,66.68300000,25.87000000,37.94600000,25.88000000,28.99000000,25.89000000,13.15900000,25.90000000,60.05100000,25.83,1324,25.82,2151,25.81,12576,25.8,7592,25.79,13094,25.78,7592,25.77,13074,25.76,7205,25.75,12190,25.74,6910,25.85,2165,25.86,3931,25.87,13071,25.88,8315,25.89,13548,25.9,8178,25.91,13313,25.92,7204,25.93,13782,25.94,6606,0.0000500000000000,1774166400000
0,5,225,25.66000000,25.83,0.6625,1774137743626,25.81000000,2.93900000,25.80000000,7.29500000,25.79000000,33.53500000,25.78000000,58.03600000,25.77000000,97.29400000,25.76000000,42.73600000,25.75000000,36.23800000,25.74000000,37.88400000,25.73000000,28.98900000,25.72000000,38.28100000,25.83000000,2.93900000,25.84000000,8.46000000,25.85000000,36.44200000,25.86000000,26.18900000,25.87000000,37.94600000,25.88000000,25.80200000,25.89000000,13.15900000,25.90000000,60.05100000,25.91000000,46.32100000,25.92000000,7.29200000,25.84,1109,25.83,2144,25.82,3385,25.81,12190,25.8,7206,25.79,12708,25.78,7206,25.77,12688,25.76,7205,25.75,11601,25.85,861,25.86,1418,25.87,3375,25.88,3387,25.89,13162,25.9,8178,25.91,13313,25.92,7204,25.93,13782,25.94,7195,0.0000500000000000,1774166400000
0,5,225,25.67000000,25.83,0.6233,1774137743927,25.80000000,54.45400000,25.79000000,99.39200000,25.78000000,35.48000000,25.77000000,31.50900000,25.76000000,71.49600000,25.75000000,4.49600000,25.74000000,35.09300000,25.73000000,28.98900000,25.72000000,38.28900000,25.71000000,14.31500000,25.82000000,2.93900000,25.83000000,2.93900000,25.84000000,8.30900000,25.85000000,7.30500000,25.86000000,7.68200000,25.87000000,78.47500000,25.88000000,28.98800000,25.89000000,29.57400000,25.90000000,60.05100000,25.91000000,53.81300000,25.85,1363,25.84,2107,25.83,2382,25.82,7772,25.81,5851,25.8,7566,25.79,5569,25.78,5521,25.77,4663,25.76,5431,25.86,296,25.87,2388,25.88,2963,25.89,8480,25.9,5724,25.91,8880,25.92,4256,25.93,6242,25.94,4256,25.95,8183,0.0000500000000000,1774166400000
0,5,225,25.68000000,25.84,0.6231,1774137744228,25.82000000,2.93900000,25.81000000,11.04800000,25.80000000,36.72800000,25.79000000,96.20500000,25.78000000,35.48000000,25.77000000,31.50900000,25.76000000,71.49600000,25.75000000,7.69300000,25.74000000,38.29000000,25.73000000,28.98900000,25.84000000,7.18900000,25.85000000,4.10900000,25.86000000,8.38000000,25.87000000,74.93200000,25.88000000,28.98800000,25.89000000,29.57400000,25.90000000,60.05100000,25.91000000,50.62700000,25.92000000,7.29200000,25.93000000,33.83800000,25.86,2398,25.85,3223,25.84,2110,25.83,2392,25.82,7762,25.81,5851,25.8,10537,25.79,5569,25.78,5521,25.77,4574,25.87,52,25.88,1885,25.89,7722,25.9,5724,25.91,5023,25.92,4256,25.93,4370,25.94,4256,25.95,8772,25.96,1286,0.0000500000000000,1774166400000
0,5,225,25.67000000,25.84,0.6623,1774137744528,25.79000000,1.66600000,25.78000000,0.44600000,25.77000000,79.16100000,25.76000000,14.94700000,25.75000000,7.69300000,25.74000000,59.28800000,25.73000000,16.58800000,25.72000000,7.30500000,25.71000000,35.60700000,25.70000000,16.94400000,25.80000000,6.98900000,25.81000000,4.00000000,25.82000000,2.93900000,25.83000000,12.93200000,25.84000000,70.00900000,25.85000000,8.65300000,25.86000000,58.47400000,25.87000000,10.14000000,25.88000000,35.95100000,25.89000000,36.38300000,25.86,2398,25.85,2022,25.84,1779,25.83,6093,25.82,7762,25.81,6144,25.8,10537,25.79,5569,25.78,5521,25.77,4574,25.87,52,25.88,1556,25.89,8052,25.9,5224,25.91,4523,25.92,4256,25.93,4370,25.94,4549,25.95,8772,25.96,1286,0.0000500000000000,1774166400000
0,5,225,25.66000000,25.84,0.7015,1774137744828,25.79000000,4.08900000,25.78000000,39.95600000,25.77000000,7.68500000,25.76000000,98.66600000,25.75000000,16.95400000,25.74000000,30.52700000,25.73000000,45.34100000,25.72000000,11.30500000,25.71000000,35.60700000,25.70000000,16.94400000,25.82000000,9.86900000,25.83000000,7.30400000,25.84000000,70.00900000,25.85000000,9.00000000,25.86000000,40.20300000,25.87000000,10.14000000,25.88000000,24.86300000,25.89000000,32.09700000,25.90000000,16.66600000,25.91000000,49.51000000,25.83,861,25.82,2002,25.81,12778,25.8,7206,25.79,13479,25.78,7206,25.77,16946,25.76,7205,25.75,12190,25.74,7499,25.84,841,25.85,2984,25.86,4183,25.87,13422,25.88,8702,25.89,12662,25.9,8428,25.91,13188,25.92,7204,25.93,13782,0.0000500000000000,1774166400000
0,5,225,25.63000000,25.83,0.7803,1774137745129,25.80000000,6.98900000,25.79000000,8.19800000,25.78000000,39.95600000,25.77000000,7.68500000,25.76000000,98.66600000,25.75000000,16.95400000,25.74000000,30.52700000,25.73000000,45.34100000,25.72000000,11.30500000,25.71000000,35.60700000,25.82000000,2.93900000,25.83000000,4.10900000,25.84000000,33.18500000,25.85000000,46.34300000,25.86000000,40.20300000,25.87000000,10.14000000,25.88000000,20.58700000,25.89000000,32.09700000,25.90000000,20.96700000,25.91000000,49.51000000,25.84,341,25.83,2440,25.82,3409,25.81,12190,25.8,7206,25.79,12708,25.78,7206,25.77,12688,25.76,7205,25.75,11601,25.85,1496,25.86,2915,25.87,14612,25.88,8315,25.89,12662,25.9,11721,25.91,12813,25.92,8342,25.93,13782,25.94,6606,0.0000500000000000,1774166400000
0,5,225,25.67000000,25.84,0.6623,1774137745430,25.83000000,2.93900000,25.82000000,6.98900000,25.81000000,7.04800000,25.80000000,38.88000000,25.79000000,77.15100000,25.78000000,39.95600000,25.77000000,7.68500000,25.76000000,64.97900000,25.75000000,16.95400000,25.74000000,30.52700000,25.84000000,22.35900000,25.85000000,4.10900000,25.86000000,64.72100000,25.87000000,7.30900000,25.88000000,17.40100000,25.89000000,52.80300000,25.90000000,20.96700000,25.91000000,49.51000000,25.92000000,39.81000000,25.93000000,3.23900000,25.84,930,25.83,2070,25.82,1816,25.81,12190,25.8,7206,25.79,12708,25.78,7206,25.77,12688,25.76,7205,25.75,11894,25.85,341,25.86,1266,25.87,3610,25.88,3521,25.89,12662,25.9,7678,25.91,17065,25.92,7204,25.93,15293,25.94,7195,0.0000500000000000,1774166400000
0,5,225,25.70000000,25.84,0.5447,1774137745731,25.83000000,2.93900000,25.82000000,7.43500000,25.81000000,75.89100000,25.80000000,42.74500000,25.79000000,40.15500000,25.78000000,39.95600000,25.77000000,7.68500000,25.76000000,36.22600000,25.75000000,16.95400000,25.74000000,30.52700000,25.85000000,4.05000000,25.86000000,27.72500000,25.87000000,6.96200000,25.88000000,54.91100000,25.89000000,52.80300000,25.90000000,20.96700000,25.91000000,49.51000000,25.92000000,39.81000000,25.93000000,7.28900000,25.94000000,39.44800000,25.85,1739,25.84,2440,25.83,2405,25.82,3157,25.81,12576,25.8,7206,25.79,15213,25.78,7206,25.77,13074,25.76,7205,25.86,3,25.87,12735,25.88,8315,25.89,12662,25.9,7679,25.91,12813,25.92,8338,25.93,13782,25.94,7195,25.95,1295,0.0000500000000000,1774166400000
0,5,225,25.73000000,25.85,0.4664,1774137746032,25.83000000,2.93900000,25.82000000,7.43500000,25.81000000,75.89100000,25.80000000,42.74500000,25.79000000,40.15500000,25.78000000,39.95600000,25.77000000,15.23300000,25.76000000,36.22600000,25.75000000,16.95400000,25.74000000,30.52700000,25.85000000,2.93900000,25.86000000,27.66600000,25.87000000,6.96200000,25.88000000,54.91100000,25.89000000,70.37600000,25.90000000,20.96700000,25.91000000,46.32100000,25.92000000,39.81000000,25.93000000,7.28900000,25.94000000,39.44800000,25.88,258,25.87,1726,25.86,1779,25.85,6097,25.84,8475,25.83,6363,25.82,7566,25.81,5960,25.8,7046,25.79,4074,25.89,2179,25.9,2707,25.91,9551,25.92,3747,25.93,5123,25.94,3756,25.95,4371,25.96,3667,25.97,6840,25.98,1579,0.0000500000000000,1774166400000
0,5,225,25.74000000,25.84,0.3885,1774137746332,25.83000000,6.98900000,25.82000000,7.43500000,25.81000000,75.89100000,25.80000000,42.74500000,25.79000000,40.15500000,25.78000000,39.95600000,25.77000000,15.23300000,25.76000000,36.22600000,25.75000000,16.95400000,25.74000000,30.52700000,25.85000000,2.93900000,25.86000000,27.72500000,25.87000000,6.96200000,25.88000000,54.21300000,25.89000000,70.37600000,25.90000000,20.96700000,25.91000000,46.32100000,25.92000000,47.35800000,25.93000000,7.28900000,25.94000000,39.44800000,25.83,4,25.82,1248,25.81,708,25.8,1298,25.79,12708,25.78,7207,25.77,12688,25.76,7205,25.75,12190,25.74,6910,25.84,1294,25.85,13896,25.86,10402,25.87,13035,25.88,8315,25.89,17880,25.9,7679,25.91,14325,25.92,7204,25.93,12678,0.0000500000000000,1774166400000
0,5,225,25.71000000,25.81,0.389,1774137746633,25.85000000,11.60800000,25.84000000,75.89000000,25.83000000,15.93900000,25.82000000,42.99600000,25.81000000,38.98100000,25.80000000,42.74500000,25.79000000,11.37900000,25.78000000,43.15200000,25.77000000,15.23300000,25.76000000,33.04500000,25.88000000,2.93900000,25.89000000,27.33700000,25.90000000,4.18600000,25.91000000,41.01300000,25.92000000,36.62900000,25.93000000,8.65600000,25.94000000,87.67100000,25.95000000,7.29500000,25.96000000,39.82400000,25.97000000,13.53700000,25.85,520,25.84,1769,25.83,5977,25.82,7566,25.81,5960,25.8,7046,25.79,4663,25.78,5521,25.77,4663,25.76,4931,25.87,2230,25.88,2310,25.89,3236,25.9,3641,25.91,8753,25.92,7700,25.93,5131,25.94,4126,25.95,5119,25.96,1786,0.0000500000000000,1774166400000
0,5,225,25.69000000,25.81,0.4671,1774137746933,25.84000000,12.67600000,25.83000000,11.12000000,25.82000000,79.72100000,25.81000000,36.18000000,25.80000000,39.56900000,25.79000000,40.08800000,25.78000000,39.95600000,25.77000000,15.23300000,25.76000000,33.04500000,25.75000000,17.02200000,25.86000000,6.98900000,25.87000000,18.09300000,25.88000000,39.46000000,25.89000000,16.10000000,25.90000000,41.67500000,25.91000000,44.19600000,25.92000000,39.81200000,25.93000000,8.65600000,25.94000000,95.20400000,25.95000000,7.29500000,25.81,777,25.8,1770,25.79,12712,25.78,9086,25.77,12188,25.76,7205,25.75,12190,25.74,7206,25.73,12564,25.72,6618,25.82,341,25.83,3939,25.84,3714,25.85,15393,25.86,8816,25.87,13035,25.88,15882,25.89,13796,25.9,7679,25.91,13561,0.0000500000000000,1774166400000
0,5,225,25.70000000,25.81,0.428,1774137747234,25.84000000,0.44500000,25.83000000,11.12000000,25.82000000,69.02800000,25.81000000,36.18000000,25.80000000,32.20000000,25.79000000,11.76500000,25.78000000,45.46200000,25.77000000,30.70700000,25.76000000,12.99300000,25.75000000,17.02200000,25.85000000,6.98900000,25.86000000,8.25400000,25.87000000,28.52300000,25.88000000,17.10200000,25.89000000,59.17500000,25.90000000,7.36900000,25.91000000,22.76500000,25.92000000,20.91900000,25.93000000,24.13000000,25.94000000,67.62900000,25.85,520,25.84,1938,25.83,2926,25.82,3118,25.81,7058,25.8,7046,25.79,8060,25.78,6407,25.77,4663,25.76,4931,25.86,47,25.87,930,25.88,6936,25.89,8876,25.9,6143,25.91,8375,25.92,6600,25.93,4745,25.94,8107,25.95,4371,0.0000500000000000,1774166400000
0,5,225,25.68000000,25.8,0.4673,1774137747535,25.82000000,3.48700000,25.81000000,3.38400000,25.80000000,68.97800000,25.79000000,8.58400000,25.78000000,74.19800000,25.77000000,30.70700000,25.76000000,12.99300000,25.75000000,17.02200000,25.74000000,9.27500000,25.73000000,32.37900000,25.83000000,5.83900000,25.84000000,11.43400000,25.85000000,7.43400000,25.86000000,10.61300000,25.87000000,28.76300000,25.88000000,44.45500000,25.89000000,24.17500000,25.90000000,17.04700000,25.91000000,23.15100000,25.92000000,20.89900000,25.82,1630,25.81,2744,25.8,3668,25.79,12712,25.78,8186,25.77,12188,25.76,7592,25.75,12577,25.74,7980,25.73,12564,25.84,2577,25.85,12491,25.86,8227,25.87,16510,25.88,9404,25.89,13037,25.9,7679,25.91,12813,25.92,7204,25.93,12551,0.0000500000000000,1774166400000
0,5,225,25.67000000,25.8,0.5064,1774137747835,25.82000000,7.53700000,25.81000000,7.43400000,25.80000000,68.97800000,25.79000000,8.58400000,25.78000000,45.46300000,25.77000000,59.46200000,25.76000000,12.99300000,25.75000000,17.02200000,25.74000000,9.27500000,25.73000000,32.37900000,25.83000000,1.78900000,25.84000000,7.38400000,25.85000000,13.04900000,25.86000000,19.19900000,25.87000000,34.22500000,25.88000000,53.74700000,25.89000000,24.17500000,25.90000000,17.04700000,25.91000000,35.01500000,25.92000000,16.97000000,25.81,1406,25.8,1842,25.79,4806,25.78,1819,25.77,13649,25.76,7797,25.75,12190,25.74,7206,25.73,12564,25.72,7207,25.82,284,25.83,2070,25.84,9775,25.85,13580,25.86,8816,25.87,18391,25.88,9404,25.89,13414,25.9,7679,25.91,12293,0.0000500000000000,1774166400000
0,5,225,25.67000000,25.81,0.5454,1774137748135,25.82000000,2.93900000,25.81000000,7.37600000,25.80000000,5.57500000,25.79000000,11.76700000,25.78000000,48.68700000,25.77000000,79.35200000,25.76000000,12.99900000,25.75000000,61.26100000,25.74000000,8.26600000,25.73000000,32.37900000,25.83000000,2.17600000,25.84000000,18.46100000,25.85000000,25.58400000,25.86000000,50.61800000,25.87000000,37.54200000,25.88000000,18.08300000,25.89000000,26.13400000,25.90000000,59.26000000,25.91000000,30.69900000,25.92000000,35.51500000,25.86,1425,25.85,2187,25.84,2201,25.83,2877,25.82,11769,25.81,6636,25.8,7090,25.79,4707,25.78,6065,25.77,4118,25.87,1432,25.88,1911,25.89,8878,25.9,6143,25.91,8375,25.92,6600,25.93,5131,25.94,8107,25.95,4746,25.96,1786,0.0000500000000000,1774166400000
0,5,225,25.70000000,25.81,0.428,1774137748436,25.83000000,2.93900000,25.82000000,7.43500000,25.81000000,7.43500000,25.80000000,23.70800000,25.79000000,64.42400000,25.78000000,48.66400000,25.77000000,51.91500000,25.76000000,20.54700000,25.75000000,32.49600000,25.74000000,7.62600000,25.84000000,0.38600000,25.85000000,15.91900000,25.86000000,16.79400000,25.87000000,56.85700000,25.88000000,21.58800000,25.89000000,26.13400000,25.90000000,21.36300000,25.91000000,30.69900000,25.92000000,35.51500000,25.93000000,69.11600000,25.86,1945,25.85,2776,25.84,2158,25.83,3377,25.82,11769,25.81,6636,25.8,7090,25.79,4707,25.78,6065,25.77,4118,25.87,995,25.88,1911,25.89,8378,25.9,6521,25.91,8375,25.92,6986,25.93,4745,25.94,9618,25.95,4371,25.96,1786,0.0000500000000000,1774166400000
0,5,225,25.72000000,25.83,0.4277,1774137748737,25.82000000,3.38500000,25.81000000,3.38500000,25.80000000,23.70800000,25.79000000,64.12900000,25.78000000,48.66400000,25.77000000,51.91500000,25.76000000,20.54700000,25.75000000,32.49600000,25.74000000,7.62600000,25.73000000,32.37900000,25.83000000,2.93900000,25.84000000,5.83600000,25.85000000,21.53400000,25.86000000,16.79400000,25.87000000,56.85700000,25.88000000,24.76200000,25.89000000,26.13400000,25.90000000,21.36300000,25.91000000,34.69900000,25.92000000,35.51500000,25.85,861,25.84,2993,25.83,2026,25.82,2202,25.81,14972,25.8,8659,25.79,13093,25.78,8706,25.77,12574,25.76,7209,25.86,306,25.87,1909,25.88,2904,25.89,13037,25.9,7679,25.91,12293,25.92,7204,25.93,12178,25.94,11609,25.95,1295,0.0000500000000000,1774166400000
0,5,225,25.74000000,25.85,0.4274,1774137749038,25.83000000,2.93900000,25.82000000,3.38500000,25.81000000,10.61000000,25.80000000,52.45800000,25.79000000,64.12900000,25.78000000,48.66400000,25.77000000,23.15900000,25.76000000,20.53900000,25.75000000,32.49600000,25.74000000,7.62600000,25.84000000,0.38600000,25.85000000,0.44500000,25.86000000,31.28500000,25.87000000,56.85700000,25.88000000,21.58800000,25.89000000,22.95100000,25.90000000,21.36300000,25.91000000,34.69900000,25.92000000,35.51500000,25.93000000,69.11600000,25.84,1662,25.83,524,25.82,2359,25.81,14200,25.8,9159,25.79,12707,25.78,9085,25.77,12575,25.76,7798,25.75,12190,25.85,1244,25.86,2883,25.87,13560,25.88,9404,25.89,13037,25.9,8179,25.91,12668,25.92,7204,25.93,12178,25.94,11020,0.0000500000000000,1774166400000
0,5,225,25.74000000,25.83,0.3497,1774137749338,25.82000000,3.38500000,25.81000000,7.43500000,25.80000000,23.70800000,25.79000000,64.12900000,25.78000000,74.22600000,25.77000000,19.97000000,25.76000000,20.53900000,25.75000000,32.49600000,25.74000000,7.62600000,25.73000000,32.37900000,25.84000000,3.32500000,25.85000000,15.91900000,25.86000000,31.28500000,25.87000000,56.85700000,25.88000000,24.76200000,25.89000000,26.12500000,25.90000000,21.36300000,25.91000000,34.69900000,25.92000000,35.51500000,25.93000000,69.11600000,25.85,861,25.84,2433,25.83,1817,25.82,3929,25.81,13094,25.8,8771,25.79,13093,25.78,8706,25.77,12574,25.76,7209,25.86,379,25.87,12183,25.88,2904,25.89,13037,25.9,8179,25.91,12293,25.92,7204,25.93,12178,25.94,11609,25.95,1295,0.0000500000000000,1774166400000
0,5,225,25.75000000,25.86,0.4272,1774137749638,25.80000000,11.16200000,25.79000000,60.94600000,25.78000000,45.48100000,25.77000000,19.97000000,25.76000000,13.28600000,25.75000000,32.49600000,25.74000000,7.62600000,25.73000000,32.37900000,25.72000000,12.40500000,25.71000000,12.55300000,25.82000000,2.93900000,25.83000000,6.98900000,25.84000000,3.38400000,25.85000000,28.75400000,25.86000000,18.24800000,25.87000000,35.44200000,25.88000000,62.03100000,25.89000000,26.12500000,25.90000000,21.36300000,25.91000000,27.15100000,25.84,260,25.83,2356,25.82,8271,25.81,12708,25.8,8771,25.79,14574,25.78,8705,25.77,12188,25.76,7798,25.75,11894,25.85,1423,25.86,2166,25.87,3530,25.88,4219,25.89,13037,25.9,8179,25.91,12293,25.92,7579,25.93,12178,25.94,7195,0.0000500000000000,1774166400000
0,5,225,25.74000000,25.85,0.4274,1774137749939,25.80000000,1.52500000,25.79000000,8.58400000,25.78000000,54.02600000,25.77000000,48.73900000,25.76000000,10.11100000,25.75000000,61.26600000,25.74000000,7.97100000,25.73000000,32.37900000,25.72000000,12.40500000,25.71000000,12.55300000,25.81000000,2.93900000,25.82000000,7.37600000,25.83000000,13.04600000,25.84000000,28.75800000,25.85000000,33.40200000,25.86000000,67.93600000,25.87000000,23.14300000,25.88000000,16.96100000,25.89000000,30.42100000,25.90000000,21.04700000,25.86,341,25.85,2440,25.84,1775,25.83,3720,25.82,8271,25.81,12708,25.8,8771,25.79,13093,25.78,8319,25.77,11599,25.87,939,25.88,3200,25.89,13537,25.9,8179,25.91,12293,25.92,7581,25.93,12178,25.94,7195,25.95,1295,25.96,16555,0.0000500000000000,1774166400000
0,5,225,25.74000000,25.85,0.4274,1774137750240,25.77000000,3.38500000,25.76000000,0.44600000,25.75000000,4.55800000,25.74000000,42.03200000,25.73000000,29.95700000,25.72000000,40.29500000,25.71000000,41.35800000,25.70000000,32.50300000,25.69000000,8.98000000,25.68000000,66.07600000,25.78000000,2.89500000,25.79000000,4.94800000,25.80000000,16.08900000,25.81000000,51.71300000,25.82000000,27.25400000,25.83000000,63.23500000,25.84000000,25.14900000,25.85000000,23.14300000,25.86000000,20.05800000,25.87000000,53.50200000,25.86,1665,25.85,2440,25.84,3177,25.83,15385,25.82,8271,25.81,13094,25.8,8771,25.79,13479,25.78,8319,25.77,11599,25.87,656,25.88,2091,25.89,13037,25.9,8179,25.91,12293,25.92,7204,25.93,12178,25.94,7195,25.95,1295,25.96,16555,0.0000500000000000,1774166400000
0,5,225,25.74000000,25.87,0.5051,1774137750540,25.69000000,0.43500000,25.68000000,48.87600000,25.67000000,34.76900000,25.66000000,153.76400000,25.65000000,19.96000000,25.64000000,93.77800000,25.63000000,5.73000000,25.62000000,19.96000000,25.61000000,7.64800000,25.60000000,18.70500000,25.70000000,4.05000000,25.71000000,6.98900000,25.72000000,7.78900000,25.73000000,28.63100000,25.74000000,6.94800000,25.75000000,35.16900000,25.76000000,70.37800000,25.77000000,22.74300000,25.78000000,30.60900000,25.79000000,26.23700000,25.87,341,25.86,2984,25.85,3078,25.84,10101,25.83,13978,25.82,8657,25.81,13866,25.8,8771,25.79,13093,25.78,8023,25.88,822,25.89,1811,25.9,3881,25.91,12293,25.92,7204,25.93,13266,25.94,7195,25.95,1295,25.96,17144,25.97,1285,0.0000500000000000,1774166400000
0,5,225,25.74000000,25.87,0.5051,1774137750841,25.66000000,65.75500000,25.65000000,4.48600000,25.64000000,53.99000000,25.63000000,20.15800000,25.62000000,86.18500000,25.61000000,7.60900000,25.60000000,44.79100000,25.59000000,25.31900000,25.58000000,23.14500000,25.57000000,6.89000000,25.68000000,4.00000000,25.69000000,16.95600000,25.70000000,12.66600000,25.71000000,73.05900000,25.72000000,57.48400000,25.73000000,31.81200000,25.74000000,13.95900000,25.75000000,44.70400000,25.76000000,12.61800000,25.77000000,22.74300000,25.85,873,25.84,1814,25.83,2313,25.82,8271,25.81,12708,25.8,12541,25.79,13175,25.78,8319,25.77,12188,25.76,7502,25.86,1662,25.87,3828,25.88,3471,25.89,14134,25.9,8316,25.91,12293,25.92,7704,25.93,13641,25.94,7195,25.95,1295,0.0000500000000000,1774166400000
0,5,225,25.74000000,25.84,0.3885,1774137751142,25.55000000,0.28500000,25.54000000,0.43900000,25.53000000,38.30000000,25.52000000,8.59200000,25.51000000,16.94100000,25.50000000,92.90600000,25.49000000,6.14500000,25.48000000,7.41000000,25.47000000,31.28800000,25.46000000,3.70300000,25.57000000,22.80000000,25.59000000,13.68600000,25.60000000,10.14600000,25.61000000,22.52200000,25.62000000,51.88200000,25.63000000,10.03700000,25.64000000,39.85800000,25.65000000,24.33300000,25.66000000,35.96100000,25.67000000,12.44800000,25.86,861,25.85,2254,25.84,4903,25.83,14707,25.82,8661,25.81,13094,25.8,12541,25.79,13175,25.78,9091,25.77,12188,25.87,292,25.88,1984,25.89,13081,25.9,8316,25.91,12293,25.92,7704,25.93,13266,25.94,7195,25.95,1295,25.96,16555,0.0000500000000000,1774166400000
0,5,225,25.73000000,25.86,0.5052,1774137751443,25.53000000,4.48900000,25.52000000,8.59200000,25.51000000,7.95700000,25.50000000,92.90600000,25.49000000,4.48900000,25.48000000,10.73100000,25.47000000,60.34200000,25.46000000,7.75300000,25.45000000,8.45100000,25.44000000,20.01500000,25.56000000,2.93900000,25.57000000,8.10900000,25.58000000,2.99800000,25.59000000,31.31800000,25.60000000,4.34700000,25.61000000,49.73400000,25.62000000,44.76100000,25.63000000,30.53200000,25.64000000,28.10800000,25.65000000,20.22900000,25.89,341,25.88,2400,25.87,2995,25.86,3624,25.85,14783,25.84,10443,25.83,17454,25.82,8271,25.81,12709,25.8,8182,25.9,896,25.91,1068,25.92,2637,25.93,13266,25.94,7949,25.95,1681,25.96,17144,25.97,2410,25.98,7194,25.99,16515,0.0000500000000000,1774166400000
0,5,225,25.72000000,25.88,0.6221,1774137751744,25.49000000,2.93900000,25.48000000,3.32000000,25.47000000,0.38100000,25.46000000,42.51100000,25.45000000,4.71800000,25.44000000,10.68000000,25.43000000,19.39100000,25.42000000,40.77900000,25.41000000,7.56400000,25.40000000,10.67400000,25.51000000,16.12600000,25.52000000,0.05900000,25.53000000,10.32600000,25.54000000,15.53300000,25.55000000,61.00000000,25.56000000,25.40900000,25.57000000,19.90800000,25.58000000,36.99400000,25.59000000,7.13100000,25.60000000,3.37200000,25.84,260,25.83,2070,25.82,8271,25.81,13481,25.8,8938,25.79,13865,25.78,7799,25.77,12481,25.76,7798,25.75,11601,25.85,341,25.86,2055,25.87,4583,25.88,4052,25.89,18090,25.9,9474,25.91,13101,25.92,9818,25.93,13643,25.94,7943,0.0000500000000000,1774166400000
0,5,225,25.72000000,25.83,0.4277,1774137752045,25.49000000,8.25900000,25.48000000,7.42900000,25.47000000,6.62300000,25.46000000,10.67400000,25.45000000,4.77700000,25.44000000,36.83000000,25.43000000,88.35700000,25.42000000,8.61400000,25.41000000,35.41300000,25.40000000,10.67400000,25.52000000,24.46300000,25.53000000,15.19300000,25.54000000,27.92200000,25.55000000,11.26900000,25.56000000,28.08900000,25.57000000,10.48500000,25.58000000,37.24900000,25.59000000,7.13100000,25.60000000,4.66200000,25.61000000,34.91100000,25.83,257,25.82,1770,25.81,12709,25.8,8552,25.79,13093,25.78,13918,25.77,12574,25.76,7798,25.75,12483,25.74,6617,25.84,951,25.85,3071,25.86,3663,25.87,15364,25.88,9087,25.89,12707,25.9,9902,25.91,12724,25.92,9068,25.93,13643,0.0000500000000000,1774166400000
0,5,225,25.74000000,25.83,0.3497,1774137752345,25.45000000,31.85800000,25.44000000,4.54100000,25.43000000,85.38600000,25.42000000,34.61500000,25.41000000,32.35300000,25.40000000,5.30400000,25.39000000,61.54200000,25.38000000,134.95500000,25.37000000,18.62400000,25.36000000,19.96500000,25.48000000,5.22900000,25.49000000,11.32600000,25.50000000,15.54000000,25.51000000,9.19100000,25.52000000,70.03800000,25.53000000,34.98400000,25.54000000,28.31300000,25.55000000,8.07500000,25.56000000,31.36800000,25.57000000,20.85500000,25.84,341,25.83,1851,25.82,2031,25.81,12664,25.8,8271,25.79,13093,25.78,17297,25.77,12574,25.76,7798,25.75,11601,25.85,2841,25.86,3614,25.87,15126,25.88,8701,25.89,12707,25.9,10613,25.91,12338,25.92,10193,25.93,13266,25.94,6606,0.0000500000000000,1774166400000
0,5,225,25.75000000,25.82,0.2718,1774137752645,25.50000000,4.05000000,25.49000000,22.63300000,25.48000000,23.74400000,25.47000000,13.28900000,25.46000000,30.69500000,25.45000000,27.71800000,25.44000000,24.98000000,25.43000000,60.97500000,25.42000000,72.78900000,25.41000000,36.22200000,25.51000000,57.57600000,25.52000000,57.86800000,25.53000000,0.45000000,25.54000000,28.31300000,25.55000000,12.75800000,25.56000000,25.20400000,25.57000000,10.74700000,25.58000000,37.46100000,25.59000000,42.28300000,25.60000000,19.52600000,25.82,1691,25.81,3415,25.8,3406,25.79,13855,25.78,9462,25.77,13252,25.76,8185,25.75,12577,25.74,7499,25.73,11975,25.83,341,25.84,1907,25.85,3121,25.86,10209,25.87,13048,25.88,8315,25.89,12707,25.9,9473,25.91,12338,25.92,9068,0.0000500000000000,1774166400000
0,5,225,25.77000000,25.82,0.194,1774137752946,25.49000000,7.04800000,25.48000000,4.10900000,25.47000000,34.52400000,25.46000000,11.38300000,25.45000000,112.64000000,25.44000000,46.24700000,25.43000000,65.55600000,25.42000000,5.49000000,25.41000000,36.22200000,25.40000000,5.30400000,25.51000000,28.36300000,25.52000000,100.72800000,25.53000000,42.63500000,25.54000000,15.92400000,25.55000000,3.38900000,25.56000000,22.21100000,25.57000000,7.49900000,25.58000000,34.12400000,25.59000000,4.10900000,25.60000000,13.31700000,25.82,392,25.81,1770,25.8,2203,25.79,13855,25.78,13057,25.77,16348,25.76,8185,25.75,12577,25.74,7206,25.73,12268,25.83,1639,25.84,2399,25.85,3895,25.86,8316,25.87,13548,25.88,8315,25.89,12707,25.9,9473,25.91,12338,25.92,9068,0.0000500000000000,1774166400000
0,5,225,25.77000000,25.81,0.1552,1774137753246,25.50000000,6.98900000,25.49000000,6.32800000,25.48000000,24.00700000,25.47000000,64.85500000,25.46000000,23.06500000,25.45000000,74.50500000,25.44000000,13.13500000,25.43000000,87.99000000,25.42000000,5.49000000,25.41000000,36.22200000,25.52000000,12.62900000,25.53000000,0.45000000,25.54000000,28.22300000,25.55000000,52.60400000,25.56000000,22.21100000,25.57000000,7.49900000,25.58000000,38.81000000,25.59000000,4.10900000,25.60000000,17.52300000,25.61000000,34.91100000,25.82,861,25.81,3524,25.8,3154,25.79,13085,25.78,9243,25.77,13188,25.76,12831,25.75,12410,25.74,7980,25.73,11975,25.83,341,25.84,1515,25.85,2974,25.86,8316,25.87,12661,25.88,9403,25.89,12707,25.9,9473,25.91,12338,25.92,8296,0.0000500000000000,1774166400000
0,5,225,25.75000000,25.82,0.2718,1774137753547,25.56000000,2.93900000,25.55000000,4.05000000,25.54000000,61.01300000,25.53000000,26.82400000,25.52000000,63.95700000,25.51000000,60.39500000,25.50000000,61.72900000,25.49000000,25.96300000,25.48000000,19.81700000,25.47000000,23.74400000,25.58000000,2.93900000,25.59000000,17.23500000,25.60000000,7.07600000,25.61000000,7.04800000,25.62000000,12.36800000,25.63000000,16.56000000,25.64000000,36.64900000,25.65000000,16.88500000,25.66000000,25.36700000,25.67000000,12.44800000,25.82,662,25.81,1497,25.8,3284,25.79,13468,25.78,8573,25.77,19711,25.76,9346,25.75,12410,25.74,7206,25.73,12857,25.83,861,25.84,1515,25.85,3231,25.86,8316,25.87,12661,25.88,9403,25.89,12707,25.9,9474,25.91,12713,25.92,8296,0.0000500000000000,1774166400000
0,5,225,25.75000000,25.83,0.3107,1774137753847,25.60000000,4.05000000,25.59000000,10.09200000,25.58000000,18.54900000,25.57000000,67.00500000,25.56000000,42.00800000,25.55000000,59.82400000,25.54000000,32.30800000,25.53000000,98.89400000,25.52000000,25.83700000,25.51000000,28.49700000,25.62000000,2.93900000,25.63000000,12.99200000,25.64000000,4.50100000,25.65000000,43.14000000,25.66000000,10.17300000,25.67000000,16.49800000,25.68000000,23.54400000,25.69000000,30.23000000,25.70000000,24.48800000,25.71000000,7.40800000,25.85,1776,25.84,2888,25.83,2289,25.82,2936,25.81,13451,25.8,9624,25.79,13696,25.78,8299,25.77,12188,25.76,7209,25.86,346,25.87,2025,25.88,10587,25.89,12707,25.9,9474,25.91,15818,25.92,8296,25.93,13303,25.94,11609,25.95,1295,0.0000500000000000,1774166400000
0,5,225,25.73000000,25.85,0.4664,1774137754149,25.60000000,11.71500000,25.59000000,26.16700000,25.58000000,24.17800000,25.57000000,9.42900000,25.56000000,47.44600000,25.55000000,34.00500000,25.54000000,64.49800000,25.53000000,46.32200000,25.52000000,7.04800000,25.51000000,20.57700000,25.62000000,3.12800000,25.63000000,3.08100000,25.64000000,16.80000000,25.65000000,42.84400000,25.66000000,31.36400000,25.67000000,4.10900000,25.68000000,16.35600000,25.69000000,24.03900000,25.70000000,9.83100000,25.71000000,28.49500000,25.84,1653,25.83,3448,25.82,2936,25.81,12663,25.8,9165,25.79,14468,25.78,8299,25.77,12188,25.76,7798,25.75,11894,25.85,341,25.86,1525,25.87,12661,25.88,10561,25.89,12707,25.9,9474,25.91,16092,25.92,8296,25.93,13303,25.94,11609,0.0000500000000000,1774166400000
0,5,225,25.76000000,25.84,0.3106,1774137754449,25.65000000,2.93900000,25.64000000,28.07600000,25.63000000,13.37200000,25.62000000,64.45100000,25.61000000,47.50500000,25.60000000,44.67100000,25.59000000,27.69200000,25.58000000,24.47500000,25.57000000,15.66500000,25.56000000,30.51600000,25.67000000,4.44200000,25.68000000,3.68400000,25.69000000,4.50100000,25.70000000,8.57900000,25.71000000,45.70300000,25.72000000,21.92900000,25.73000000,46.61900000,25.74000000,15.82400000,25.75000000,12.34800000,25.76000000,25.23600000,25.84,1312,25.83,2404,25.82,3101,25.81,13435,25.8,8316,25.79,17796,25.78,8299,25.77,12574,25.76,7798,25.75,11601,25.85,341,25.86,1525,25.87,12688,25.88,9403,25.89,12707,25.9,9474,25.91,12338,25.92,8296,25.93,12178,25.94,11609,0.0000500000000000,1774166400000
0,5,225,25.75000000,25.84,0.3495,1774137754750,25.66000000,2.93900000,25.65000000,7.32800000,25.64000000,23.01500000,25.63000000,81.14100000,25.62000000,28.47700000,25.61000000,10.47200000,25.60000000,47.94100000,25.59000000,27.63000000,25.58000000,21.53600000,25.57000000,4.10900000,25.67000000,6.98900000,25.68000000,12.63900000,25.69000000,7.38100000,25.70000000,22.61600000,25.71000000,51.47000000,25.72000000,42.75300000,25.73000000,48.19400000,25.74000000,40.47500000,25.75000000,9.14700000,25.76000000,28.38500000,25.84,777,25.83,3459,25.82,3335,25.81,13435,25.8,8816,25.79,17793,25.78,8299,25.77,12574,25.76,7798,25.75,11894,25.85,341,25.86,1525,25.87,12945,25.88,9403,25.89,12708,25.9,9474,25.91,12338,25.92,8296,25.93,12178,25.94,11609,0.0000500000000000,1774166400000
0,5,225,25.76000000,25.84,0.3106,1774137755050,25.64000000,38.98200000,25.63000000,13.48100000,25.62000000,24.47700000,25.61000000,7.44000000,25.60000000,44.65100000,25.59000000,24.49500000,25.58000000,24.82700000,25.57000000,10.85100000,25.56000000,25.19600000,25.55000000,9.95200000,25.66000000,2.93900000,25.67000000,2.26500000,25.68000000,11.33900000,25.69000000,10.26100000,25.70000000,6.89400000,25.71000000,13.59200000,25.72000000,63.47300000,25.73000000,41.86500000,25.74000000,55.96900000,25.75000000,13.52700000,25.85,1722,25.84,2355,25.83,4282,25.82,3335,25.81,12663,25.8,8816,25.79,17087,25.78,8685,25.77,12188,25.76,7209,25.86,5,25.87,1463,25.88,9403,25.89,12708,25.9,9474,25.91,12338,25.92,7796,25.93,12178,25.94,11609,25.95,1295,0.0000500000000000,1774166400000
0,5,225,25.78000000,25.85,0.2715,1774137755351,25.65000000,2.93900000,25.64000000,23.40400000,25.63000000,13.48100000,25.62000000,92.01400000,25.61000000,15.23500000,25.60000000,48.10200000,25.59000000,24.49500000,25.58000000,24.88900000,25.57000000,10.85100000,25.56000000,25.19600000,25.67000000,6.98900000,25.68000000,6.98900000,25.69000000,7.38100000,25.70000000,17.82100000,25.71000000,51.50000000,25.72000000,30.96800000,25.73000000,35.33900000,25.74000000,37.34200000,25.75000000,9.14700000,25.76000000,70.59800000,25.85,1722,25.84,3447,25.83,15561,25.82,9087,25.81,12663,25.8,10072,25.79,17087,25.78,8685,25.77,12188,25.76,7502,25.86,5,25.87,27,25.88,2571,25.89,12708,25.9,9474,25.91,12338,25.92,7796,25.93,12178,25.94,7195,25.95,1295,0.0000500000000000,1774166400000
0,5,225,25.83000000,25.85,0.0774,1774137755652,25.62000000,3.39000000,25.61000000,16.81200000,25.60000000,80.47700000,25.59000000,13.87300000,25.58000000,21.53600000,25.57000000,40.71100000,25.56000000,31.63600000,25.55000000,4.10900000,25.54000000,29.00800000,25.53000000,9.30900000,25.64000000,3.57900000,25.65000000,7.04800000,25.66000000,9.68800000,25.67000000,14.20900000,25.68000000,35.81300000,25.69000000,42.25400000,25.70000000,28.05600000,25.71000000,22.48900000,25.72000000,47.89900000,25.73000000,28.96400000,25.84,1020,25.83,13297,25.82,3087,25.81,12663,25.8,9487,25.79,17087,25.78,8685,25.77,12188,25.76,8091,25.75,11601,25.85,861,25.86,2296,25.87,3047,25.88,10531,25.89,12708,25.9,9202,25.91,12338,25.92,7796,25.93,12178,25.94,7195,0.0000500000000000,1774166400000
0,5,225,25.82000000,25.85,0.1162,1774137755953,25.63000000,4.05000000,25.62000000,4.50100000,25.61000000,16.81200000,25.60000000,50.70600000,25.59000000,43.70600000,25.58000000,21.53600000,25.57000000,40.71100000,25.56000000,25.19600000,25.55000000,10.54800000,25.54000000,35.01100000,25.64000000,2.93900000,25.65000000,7.04800000,25.66000000,12.69400000,25.67000000,62.68700000,25.68000000,37.96200000,25.69000000,35.05400000,25.70000000,70.19200000,25.71000000,17.73600000,25.72000000,25.58800000,25.73000000,24.61000000,25.84,1361,25.83,1325,25.82,3414,25.81,13050,25.8,2703,25.79,17473,25.78,8299,25.77,12188,25.76,8185,25.75,12190,25.85,341,25.86,8013,25.87,13048,25.88,9403,25.89,13095,25.9,8816,25.91,12338,25.92,7796,25.93,12178,25.94,6606,0.0000500000000000,1774166400000
0,5,225,25.83000000,25.83,0.0,1774137756253,25.65000000,4.05000000,25.64000000,6.98900000,25.63000000,6.98900000,25.62000000,92.79700000,25.61000000,23.55700000,25.60000000,15.78600000,25.59000000,34.33400000,25.58000000,37.38200000,25.57000000,4.49800000,25.56000000,28.74500000,25.67000000,27.92100000,25.68000000,35.33200000,25.69000000,54.58700000,25.70000000,63.82900000,25.71000000,24.17000000,25.72000000,25.58800000,25.73000000,24.61000000,25.74000000,29.58500000,25.75000000,6.07700000,25.76000000,31.71000000,25.84,500,25.83,2243,25.82,1815,25.81,12663,25.8,2316,25.79,17859,25.78,8299,25.77,12188,25.76,7798,25.75,11601,25.85,1738,25.86,8013,25.87,12661,25.88,9403,25.89,12708,25.9,8816,25.91,12338,25.92,7796,25.93,12178,25.94,6606,0.0000500000000000,1774166400000
0,5,225,25.84000000,25.83,-0.0387,1774137756554,25.65000000,4.05000000,25.64000000,7.37800000,25.63000000,16.75000000,25.62000000,92.79700000,25.61000000,17.08300000,25.60000000,21.52100000,25.59000000,41.88200000,25.58000000,37.38200000,25.57000000,4.49800000,25.56000000,28.74500000,25.67000000,7.80100000,25.68000000,28.51200000,25.69000000,4.50100000,25.70000000,59.35400000,25.71000000,31.74300000,25.72000000,67.80100000,25.73000000,29.37400000,25.74000000,29.58500000,25.75000000,6.07700000,25.76000000,31.71000000,25.84,1361,25.83,1325,25.82,3414,25.81,13050,25.8,2703,25.79,17473,25.78,8299,25.77,12188,25.76,8185,25.75,12190,25.85,341,25.86,8013,25.87,13048,25.88,9403,25.89,13095,25.9,8816,25.91,12338,25.92,7796,25.93,12178,25.94,6606,0.0000500000000000,1774166400000
0,5,225,25.86000000,25.83,-0.116,1774137756854,25.68000000,2.93900000,25.67000000,22.34900000,25.66000000,60.51800000,25.65000000,19.07000000,25.64000000,48.94100000,25.63000000,30.85500000,25.62000000,48.59500000,25.61000000,21.53400000,25.60000000,21.52100000,25.59000000,4.50100000,25.70000000,4.52000000,25.71000000,4.50100000,25.72000000,32.78500000,25.73000000,82.30300000,25.74000000,29.58500000,25.75000000,18.64600000,25.76000000,45.59500000,25.77000000,7.39100000,25.78000000,19.04400000,25.79000000,16.75900000,25.83,524,25.82,2358,25.81,3189,25.8,4331,25.79,14260,25.78,8299,25.77,12512,25.76,7798,25.75,12190,25.74,6618,25.84,341,25.85,2593,25.86,8345,25.87,14193,25.88,9403,25.89,13462,25.9,9202,25.91,12338,25.92,8921,25.93,12178,0.0000500000000000,1774166400000
0,5,225,25.86000000,25.84,-0.0773,1774137757155,25.68000000,18.22300000,25.67000000,20.54500000,25.66000000,23.07200000,25.65000000,59.47900000,25.64000000,48.94100000,25.63000000,29.56100000,25.62000000,48.90900000,25.61000000,21.53400000,25.60000000,21.52100000,25.59000000,4.50100000,25.70000000,7.44000000,25.71000000,4.50100000,25.72000000,38.42200000,25.73000000,62.83700000,25.74000000,29.58500000,25.75000000,18.64600000,25.76000000,44.17000000,25.77000000,18.56000000,25.78000000,19.43300000,25.79000000,17.14800000,25.83,4,25.82,1769,25.81,1770,25.8,3549,25.79,13760,25.78,8686,25.77,12512,25.76,7798,25.75,12190,25.74,6618,25.84,1645,25.85,3412,25.86,8345,25.87,14193,25.88,9403,25.89,13085,25.9,9202,25.91,12338,25.92,8921,25.93,12178,0.0000500000000000,1774166400000
0,5,225,25.85000000,25.83,-0.0774,1774137757455,25.72000000,2.93900000,25.71000000,13.87000000,25.70000000,65.17900000,25.69000000,60.14000000,25.68000000,30.38600000,25.67000000,42.52000000,25.66000000,23.07200000,25.65000000,13.87000000,25.64000000,25.66600000,25.63000000,54.09800000,25.73000000,20.89000000,25.74000000,4.49800000,25.75000000,10.48400000,25.76000000,4.53800000,25.77000000,42.29500000,25.78000000,17.56200000,25.79000000,26.89600000,25.80000000,32.95300000,25.81000000,28.98800000,25.82000000,11.01000000,25.84,341,25.83,2360,25.82,1770,25.81,12708,25.8,3473,25.79,14260,25.78,8686,25.77,12512,25.76,7798,25.75,11601,25.85,1797,25.86,8602,25.87,13807,25.88,9403,25.89,12708,25.9,8316,25.91,12338,25.92,8544,25.93,12178,25.94,6606,0.0000500000000000,1774166400000
0,5,225,25.85000000,25.84,-0.0387,1774137757756,25.71000000,3.38700000,25.70000000,52.96300000,25.69000000,24.58300000,25.68000000,30.38600000,25.67000000,79.78100000,25.66000000,23.07200000,25.65000000,13.87000000,25.64000000,55.37900000,25.63000000,16.80900000,25.62000000,25.71700000,25.73000000,11.38200000,25.74000000,4.43900000,25.75000000,10.48400000,25.76000000,33.27900000,25.77000000,69.05500000,25.78000000,55.33700000,25.79000000,20.34800000,25.80000000,16.84500000,25.81000000,36.14800000,25.82000000,26.42700000,25.84,2309,25.83,2405,25.82,3847,25.81,13480,25.8,9202,25.79,15032,25.78,8686,25.77,12898,25.76,7798,25.75,11601,25.85,341,25.86,1468,25.87,13035,25.88,9403,25.89,12708,25.9,8316,25.91,12338,25.92,7796,25.93,12178,25.94,7195,0.0000500000000000,1774166400000
0,5,225,25.86000000,25.84,-0.0773,1774137758057,25.69000000,26.44500000,25.68000000,30.66800000,25.67000000,80.50000000,25.66000000,19.15200000,25.65000000,13.87000000,25.64000000,55.41900000,25.63000000,24.35700000,25.62000000,25.71700000,25.61000000,17.92100000,25.60000000,21.07700000,25.71000000,4.87300000,25.72000000,3.38700000,25.73000000,24.00600000,25.74000000,58.49500000,25.75000000,10.18000000,25.76000000,28.55200000,25.77000000,77.08500000,25.78000000,25.11000000,25.79000000,18.28700000,25.80000000,12.41200000,25.84,2309,25.83,2405,25.82,3847,25.81,13480,25.8,9202,25.79,15032,25.78,8686,25.77,12898,25.76,7798,25.75,11894,25.85,341,25.86,1468,25.87,13035,25.88,9403,25.89,12708,25.9,8316,25.91,12338,25.92,7796,25.93,12178,25.94,7195,0.0000500000000000,1774166400000
0,5,225,25.85000000,25.84,-0.0387,1774137758358,25.68000000,3.38700000,25.67000000,3.48100000,25.66000000,57.08500000,25.65000000,21.65300000,25.64000000,64.47900000,25.63000000,24.35700000,25.62000000,48.90900000,25.61000000,21.11300000,25.60000000,19.44500000,25.59000000,7.89900000,25.70000000,8.70800000,25.71000000,7.43700000,25.72000000,16.21300000,25.73000000,41.79900000,25.74000000,59.84400000,25.75000000,25.99200000,25.76000000,69.35700000,25.77000000,70.62600000,25.78000000,30.36700000,25.79000000,13.87000000,25.84,1361,25.83,2405,25.82,2315,25.81,13479,25.8,8816,25.79,15032,25.78,8299,25.77,12512,25.76,7798,25.75,11894,25.85,341,25.86,2485,25.87,13421,25.88,10175,25.89,12708,25.9,11411,25.91,13110,25.92,8173,25.93,12926,25.94,7195,0.0000500000000000,1774166400000
