spot_exch,fut_exch,symbol,ask_spot,bid_futures,spread_pct,ts
binance,gate,FUNUSDT,0.00137400,0.03066,2131.441,1774036163773
binance,gate,FUNUSDT,0.00137400,0.03066,2131.441,1774036164074
binance,gate,FUNUSDT,0.00137400,0.03066,2131.441,1774036164374
binance,gate,FUNUSDT,0.00137400,0.03066,2131.441,1774036164674
binance,gate,FUNUSDT,0.00137400,0.03066,2131.441,1774036164974
binance,gate,FUNUSDT,0.00137400,0.03066,2131.441,1774036165274
binance,gate,FUNUSDT,0.00137400,0.03066,2131.441,1774036165575
binance,gate,FUNUSDT,0.00137400,0.03066,2131.441,1774036165875
binance,gate,FUNUSDT,0.00137400,0.03066,2131.441,1774036166176
binance,gate,FUNUSDT,0.00137400,0.03066,2131.441,1774036166476
binance,gate,FUNUSDT,0.00137400,0.03066,2131.441,1774036166777
binance,gate,FUNUSDT,0.00137400,0.03066,2131.441,1774036167077
binance,gate,FUNUSDT,0.00137400,0.03066,2131.441,1774036167377
binance,gate,FUNUSDT,0.00137400,0.03066,2131.441,1774036167678
binance,gate,FUNUSDT,0.00137400,0.03066,2131.441,1774036167978
binance,gate,FUNUSDT,0.00137400,0.03066,2131.441,1774036168278
binance,gate,FUNUSDT,0.00137400,0.03066,2131.441,1774036168578
binance,gate,FUNUSDT,0.00137400,0.03066,2131.441,1774036168878
binance,gate,FUNUSDT,0.00137500,0.03066,2129.8182,1774036169179
binance,gate,FUNUSDT,0.00137500,0.03066,2129.8182,1774036169479
binance,gate,FUNUSDT,0.00137500,0.03066,2129.8182,1774036169779
binance,gate,FUNUSDT,0.00137500,0.03066,2129.8182,1774036170080
binance,gate,FUNUSDT,0.00137500,0.03066,2129.8182,1774036170380
binance,gate,FUNUSDT,0.00137500,0.03066,2129.8182,1774036170681
binance,gate,FUNUSDT,0.00137500,0.03066,2129.8182,1774036170981
binance,gate,FUNUSDT,0.00137500,0.03066,2129.8182,1774036171281
binance,gate,FUNUSDT,0.00137500,0.03066,2129.8182,1774036171582
binance,gate,FUNUSDT,0.00137500,0.03066,2129.8182,1774036171882
binance,gate,FUNUSDT,0.00137500,0.03066,2129.8182,1774036172182
binance,gate,FUNUSDT,0.00137500,0.03066,2129.8182,1774036172483
binance,gate,FUNUSDT,0.00137500,0.03066,2129.8182,1774036172783
binance,gate,FUNUSDT,0.00137500,0.03066,2129.8182,1774036173083
binance,gate,FUNUSDT,0.00137500,0.03066,2129.8182,1774036173383
binance,gate,FUNUSDT,0.00137500,0.03066,2129.8182,1774036173684
binance,gate,FUNUSDT,0.00137500,0.03066,2129.8182,1774036173985
binance,gate,FUNUSDT,0.00137500,0.03066,2129.8182,1774036174285
binance,gate,FUNUSDT,0.00137500,0.03066,2129.8182,1774036174586
binance,gate,FUNUSDT,0.00137500,0.03066,2129.8182,1774036174886
binance,gate,FUNUSDT,0.00137500,0.03066,2129.8182,1774036175187
binance,gate,FUNUSDT,0.00137500,0.03066,2129.8182,1774036175487
binance,gate,FUNUSDT,0.00137500,0.03066,2129.8182,1774036175788
binance,gate,FUNUSDT,0.00137500,0.03066,2129.8182,1774036176089
binance,gate,FUNUSDT,0.00137500,0.03066,2129.8182,1774036176389
binance,gate,FUNUSDT,0.00137500,0.03066,2129.8182,1774036176689
binance,gate,FUNUSDT,0.00137500,0.03066,2129.8182,1774036176991
binance,gate,FUNUSDT,0.00137500,0.03066,2129.8182,1774036177291
binance,gate,FUNUSDT,0.00137500,0.03066,2129.8182,1774036177591
binance,gate,FUNUSDT,0.00137500,0.03066,2129.8182,1774036177891
binance,gate,FUNUSDT,0.00137500,0.03066,2129.8182,1774036178192
binance,gate,FUNUSDT,0.00137500,0.03066,2129.8182,1774036178492
binance,gate,FUNUSDT,0.00137500,0.03066,2129.8182,1774036178792
binance,gate,FUNUSDT,0.00137500,0.03066,2129.8182,1774036179092
binance,gate,FUNUSDT,0.00137500,0.03066,2129.8182,1774036179393
binance,gate,FUNUSDT,0.00137500,0.03066,2129.8182,1774036179693
binance,gate,FUNUSDT,0.00137500,0.03066,2129.8182,1774036179993
binance,gate,FUNUSDT,0.00137500,0.03066,2129.8182,1774036180293
binance,gate,FUNUSDT,0.00137500,0.03066,2129.8182,1774036180593
binance,gate,FUNUSDT,0.00137500,0.03066,2129.8182,1774036180894
binance,gate,FUNUSDT,0.00137500,0.03066,2129.8182,1774036181194
binance,gate,FUNUSDT,0.00137500,0.03066,2129.8182,1774036181494
binance,gate,FUNUSDT,0.00137500,0.03066,2129.8182,1774036181794
binance,gate,FUNUSDT,0.00137500,0.03066,2129.8182,1774036182095
binance,gate,FUNUSDT,0.00137500,0.03066,2129.8182,1774036182410
binance,gate,FUNUSDT,0.00137500,0.03066,2129.8182,1774036182710
binance,gate,FUNUSDT,0.00137500,0.03066,2129.8182,1774036183010
binance,gate,FUNUSDT,0.00137500,0.03066,2129.8182,1774036183310
binance,gate,FUNUSDT,0.00137500,0.03066,2129.8182,1774036183611
binance,gate,FUNUSDT,0.00137500,0.03066,2129.8182,1774036183911
binance,gate,FUNUSDT,0.00137500,0.03066,2129.8182,1774036184211
binance,gate,FUNUSDT,0.00137500,0.03066,2129.8182,1774036184511
binance,gate,FUNUSDT,0.00137500,0.03066,2129.8182,1774036184811
binance,gate,FUNUSDT,0.00137500,0.03066,2129.8182,1774036185111
binance,gate,FUNUSDT,0.00137500,0.03066,2129.8182,1774036185412
binance,gate,FUNUSDT,0.00137500,0.03066,2129.8182,1774036185712
binance,gate,FUNUSDT,0.00137500,0.03066,2129.8182,1774036186012
binance,gate,FUNUSDT,0.00137500,0.03066,2129.8182,1774036186312
binance,gate,FUNUSDT,0.00137500,0.03066,2129.8182,1774036186612
binance,gate,FUNUSDT,0.00137500,0.03066,2129.8182,1774036186912
binance,gate,FUNUSDT,0.00137500,0.03066,2129.8182,1774036187213
binance,gate,FUNUSDT,0.00137500,0.03066,2129.8182,1774036187513
binance,gate,FUNUSDT,0.00137500,0.03066,2129.8182,1774036187813
binance,gate,FUNUSDT,0.00137500,0.03066,2129.8182,1774036188113
binance,gate,FUNUSDT,0.00137500,0.03066,2129.8182,1774036188414
binance,gate,FUNUSDT,0.00137500,0.03066,2129.8182,1774036188715
binance,gate,FUNUSDT,0.00137500,0.03066,2129.8182,1774036189015
binance,gate,FUNUSDT,0.00137500,0.03066,2129.8182,1774036189315
binance,gate,FUNUSDT,0.00137500,0.03066,2129.8182,1774036189616
binance,gate,FUNUSDT,0.00137500,0.03066,2129.8182,1774036189916
binance,gate,FUNUSDT,0.00137500,0.03066,2129.8182,1774036190216
binance,gate,FUNUSDT,0.00137500,0.03066,2129.8182,1774036190517
binance,gate,FUNUSDT,0.00137500,0.03066,2129.8182,1774036190817
binance,gate,FUNUSDT,0.00137500,0.03066,2129.8182,1774036191118
binance,gate,FUNUSDT,0.00137500,0.03066,2129.8182,1774036191418
binance,gate,FUNUSDT,0.00137500,0.03066,2129.8182,1774036191718
binance,gate,FUNUSDT,0.00137500,0.03066,2129.8182,1774036192018
binance,gate,FUNUSDT,0.00137500,0.03066,2129.8182,1774036192319
binance,gate,FUNUSDT,0.00137500,0.03066,2129.8182,1774036192619
binance,gate,FUNUSDT,0.00137500,0.03066,2129.8182,1774036192919
binance,gate,FUNUSDT,0.00137500,0.03066,2129.8182,1774036193219
binance,gate,FUNUSDT,0.00137500,0.03066,2129.8182,1774036193519
binance,gate,FUNUSDT,0.00137500,0.03066,2129.8182,1774036193820
binance,gate,FUNUSDT,0.00137500,0.03066,2129.8182,1774036194120
binance,gate,FUNUSDT,0.00137500,0.03066,2129.8182,1774036194420
binance,gate,FUNUSDT,0.00137500,0.03066,2129.8182,1774036194720
binance,gate,FUNUSDT,0.00137500,0.03066,2129.8182,1774036195021
binance,gate,FUNUSDT,0.00137500,0.03066,2129.8182,1774036195321
binance,gate,FUNUSDT,0.00137500,0.03066,2129.8182,1774036195621
binance,gate,FUNUSDT,0.00137500,0.03066,2129.8182,1774036195922
binance,gate,FUNUSDT,0.00137500,0.03066,2129.8182,1774036196222
binance,gate,FUNUSDT,0.00137500,0.03066,2129.8182,1774036196523
binance,gate,FUNUSDT,0.00137500,0.03066,2129.8182,1774036196823
binance,gate,FUNUSDT,0.00137500,0.03066,2129.8182,1774036197124
binance,gate,FUNUSDT,0.00137500,0.03066,2129.8182,1774036197424
binance,gate,FUNUSDT,0.00137500,0.03066,2129.8182,1774036197725
binance,gate,FUNUSDT,0.00137500,0.03066,2129.8182,1774036198025
binance,gate,FUNUSDT,0.00137500,0.03066,2129.8182,1774036198325
binance,gate,FUNUSDT,0.00137500,0.03066,2129.8182,1774036198626
binance,gate,FUNUSDT,0.00137500,0.03066,2129.8182,1774036198926
binance,gate,FUNUSDT,0.00137500,0.03066,2129.8182,1774036199227
binance,gate,FUNUSDT,0.00137500,0.03066,2129.8182,1774036199527
binance,gate,FUNUSDT,0.00137500,0.03066,2129.8182,1774036199827
binance,gate,FUNUSDT,0.00137500,0.03066,2129.8182,1774036200127
binance,gate,FUNUSDT,0.00137500,0.03066,2129.8182,1774036200429
binance,gate,FUNUSDT,0.00137500,0.03068,2131.2727,1774036200730
binance,gate,FUNUSDT,0.00137500,0.03068,2131.2727,1774036201030
binance,gate,FUNUSDT,0.00137500,0.03068,2131.2727,1774036201332
binance,gate,FUNUSDT,0.00137500,0.03068,2131.2727,1774036201632
binance,gate,FUNUSDT,0.00137500,0.03068,2131.2727,1774036201933
binance,gate,FUNUSDT,0.00137500,0.03068,2131.2727,1774036202233
binance,gate,FUNUSDT,0.00137500,0.03068,2131.2727,1774036202533
binance,gate,FUNUSDT,0.00137500,0.03068,2131.2727,1774036202833
binance,gate,FUNUSDT,0.00137500,0.03068,2131.2727,1774036203133
binance,gate,FUNUSDT,0.00137500,0.03068,2131.2727,1774036203433
binance,gate,FUNUSDT,0.00137500,0.03068,2131.2727,1774036203733
binance,gate,FUNUSDT,0.00137500,0.03068,2131.2727,1774036204034
binance,gate,FUNUSDT,0.00137500,0.03068,2131.2727,1774036204334
binance,gate,FUNUSDT,0.00137500,0.03068,2131.2727,1774036204635
binance,gate,FUNUSDT,0.00137500,0.03068,2131.2727,1774036204936
binance,gate,FUNUSDT,0.00137500,0.03068,2131.2727,1774036205236
binance,gate,FUNUSDT,0.00137500,0.03068,2131.2727,1774036205536
binance,gate,FUNUSDT,0.00137500,0.03068,2131.2727,1774036205837
binance,gate,FUNUSDT,0.00137500,0.03068,2131.2727,1774036206137
binance,gate,FUNUSDT,0.00137500,0.03068,2131.2727,1774036206437
binance,gate,FUNUSDT,0.00137500,0.03068,2131.2727,1774036206737
binance,gate,FUNUSDT,0.00137500,0.03068,2131.2727,1774036207038
binance,gate,FUNUSDT,0.00137500,0.03068,2131.2727,1774036207340
binance,gate,FUNUSDT,0.00137500,0.03068,2131.2727,1774036207640
binance,gate,FUNUSDT,0.00137500,0.03068,2131.2727,1774036207940
binance,gate,FUNUSDT,0.00137500,0.03068,2131.2727,1774036208240
binance,gate,FUNUSDT,0.00137500,0.03068,2131.2727,1774036208540
binance,gate,FUNUSDT,0.00137500,0.03068,2131.2727,1774036208841
binance,gate,FUNUSDT,0.00137500,0.03068,2131.2727,1774036209141
binance,gate,FUNUSDT,0.00137500,0.03068,2131.2727,1774036209441
binance,gate,FUNUSDT,0.00137500,0.03068,2131.2727,1774036209741
binance,gate,FUNUSDT,0.00137500,0.03068,2131.2727,1774036210041
binance,gate,FUNUSDT,0.00137500,0.03068,2131.2727,1774036210344
binance,gate,FUNUSDT,0.00137500,0.03068,2131.2727,1774036210644
binance,gate,FUNUSDT,0.00137500,0.03068,2131.2727,1774036210945
binance,gate,FUNUSDT,0.00137500,0.03068,2131.2727,1774036211245
binance,gate,FUNUSDT,0.00137500,0.03068,2131.2727,1774036211545
binance,gate,FUNUSDT,0.00137500,0.03068,2131.2727,1774036211845
binance,gate,FUNUSDT,0.00137500,0.03068,2131.2727,1774036212145
binance,gate,FUNUSDT,0.00137500,0.03068,2131.2727,1774036212446
binance,gate,FUNUSDT,0.00137500,0.03068,2131.2727,1774036212746
binance,gate,FUNUSDT,0.00137500,0.03068,2131.2727,1774036213046
binance,gate,FUNUSDT,0.00137500,0.03068,2131.2727,1774036213346
binance,gate,FUNUSDT,0.00137500,0.03068,2131.2727,1774036213648
binance,gate,FUNUSDT,0.00137500,0.03068,2131.2727,1774036213948
binance,gate,FUNUSDT,0.00137500,0.03068,2131.2727,1774036214248
binance,gate,FUNUSDT,0.00137500,0.03068,2131.2727,1774036214549
binance,gate,FUNUSDT,0.00137500,0.03068,2131.2727,1774036214849
binance,gate,FUNUSDT,0.00137500,0.03068,2131.2727,1774036215149
binance,gate,FUNUSDT,0.00137500,0.03068,2131.2727,1774036215449
binance,gate,FUNUSDT,0.00137500,0.03068,2131.2727,1774036215749
binance,gate,FUNUSDT,0.00137500,0.03068,2131.2727,1774036216050
binance,gate,FUNUSDT,0.00137500,0.03068,2131.2727,1774036216350
binance,gate,FUNUSDT,0.00137500,0.03068,2131.2727,1774036216650
binance,gate,FUNUSDT,0.00137500,0.03068,2131.2727,1774036216950
binance,gate,FUNUSDT,0.00137500,0.03068,2131.2727,1774036217250
binance,gate,FUNUSDT,0.00137500,0.03068,2131.2727,1774036217551
binance,gate,FUNUSDT,0.00137500,0.03068,2131.2727,1774036217851
binance,gate,FUNUSDT,0.00137500,0.03068,2131.2727,1774036218151
binance,gate,FUNUSDT,0.00137500,0.03068,2131.2727,1774036218452
binance,gate,FUNUSDT,0.00137500,0.03068,2131.2727,1774036218752
binance,gate,FUNUSDT,0.00137500,0.03068,2131.2727,1774036219052
binance,gate,FUNUSDT,0.00137500,0.03068,2131.2727,1774036219352
binance,gate,FUNUSDT,0.00137500,0.03068,2131.2727,1774036219652
binance,gate,FUNUSDT,0.00137500,0.03068,2131.2727,1774036219952
binance,gate,FUNUSDT,0.00137500,0.03068,2131.2727,1774036220253
binance,gate,FUNUSDT,0.00137500,0.03068,2131.2727,1774036220553
binance,gate,FUNUSDT,0.00137500,0.03068,2131.2727,1774036220853
binance,gate,FUNUSDT,0.00137500,0.03068,2131.2727,1774036221156
binance,gate,FUNUSDT,0.00137500,0.03068,2131.2727,1774036221456
binance,gate,FUNUSDT,0.00137500,0.03068,2131.2727,1774036221756
binance,gate,FUNUSDT,0.00137500,0.03068,2131.2727,1774036222056
binance,gate,FUNUSDT,0.00137500,0.03068,2131.2727,1774036222356
binance,gate,FUNUSDT,0.00137500,0.03068,2131.2727,1774036222656
binance,gate,FUNUSDT,0.00137500,0.03068,2131.2727,1774036222957
binance,gate,FUNUSDT,0.00137500,0.03068,2131.2727,1774036223257
binance,gate,FUNUSDT,0.00137500,0.03068,2131.2727,1774036223557
binance,gate,FUNUSDT,0.00137500,0.03068,2131.2727,1774036223858
binance,gate,FUNUSDT,0.00137500,0.03068,2131.2727,1774036224158
binance,gate,FUNUSDT,0.00137500,0.03068,2131.2727,1774036224458
binance,gate,FUNUSDT,0.00137500,0.03068,2131.2727,1774036224759
binance,gate,FUNUSDT,0.00137500,0.03068,2131.2727,1774036225059
binance,gate,FUNUSDT,0.00137500,0.03068,2131.2727,1774036225359
binance,gate,FUNUSDT,0.00137500,0.03068,2131.2727,1774036225659
binance,gate,FUNUSDT,0.00137500,0.03068,2131.2727,1774036225960
binance,gate,FUNUSDT,0.00137500,0.03068,2131.2727,1774036226261
binance,gate,FUNUSDT,0.00137500,0.03068,2131.2727,1774036226561
binance,gate,FUNUSDT,0.00137500,0.03068,2131.2727,1774036226862
binance,gate,FUNUSDT,0.00137500,0.03068,2131.2727,1774036227162
binance,gate,FUNUSDT,0.00137500,0.03068,2131.2727,1774036227462
binance,gate,FUNUSDT,0.00137500,0.03068,2131.2727,1774036227763
binance,gate,FUNUSDT,0.00137500,0.03068,2131.2727,1774036228063
binance,gate,FUNUSDT,0.00137500,0.03068,2131.2727,1774036228363
binance,gate,FUNUSDT,0.00137500,0.03068,2131.2727,1774036228663
binance,gate,FUNUSDT,0.00137500,0.03068,2131.2727,1774036228963
binance,gate,FUNUSDT,0.00137500,0.03068,2131.2727,1774036229264
binance,gate,FUNUSDT,0.00137500,0.03068,2131.2727,1774036229564
binance,gate,FUNUSDT,0.00137500,0.03068,2131.2727,1774036229864
binance,gate,FUNUSDT,0.00137500,0.03068,2131.2727,1774036230165
binance,gate,FUNUSDT,0.00137500,0.03068,2131.2727,1774036230466
binance,gate,FUNUSDT,0.00137500,0.03068,2131.2727,1774036230766
binance,gate,FUNUSDT,0.00137500,0.03068,2131.2727,1774036231066
binance,gate,FUNUSDT,0.00137500,0.03068,2131.2727,1774036231369
binance,gate,FUNUSDT,0.00137500,0.03068,2131.2727,1774036231669
binance,gate,FUNUSDT,0.00137500,0.03068,2131.2727,1774036231969
binance,gate,FUNUSDT,0.00137500,0.03068,2131.2727,1774036232270
binance,gate,FUNUSDT,0.00137500,0.03068,2131.2727,1774036232570
binance,gate,FUNUSDT,0.00137500,0.03068,2131.2727,1774036232870
binance,gate,FUNUSDT,0.00137500,0.03068,2131.2727,1774036233170
binance,gate,FUNUSDT,0.00137500,0.03068,2131.2727,1774036233471
binance,gate,FUNUSDT,0.00137500,0.03068,2131.2727,1774036233771
binance,gate,FUNUSDT,0.00137500,0.03068,2131.2727,1774036234072
binance,gate,FUNUSDT,0.00137500,0.03068,2131.2727,1774036234374
binance,gate,FUNUSDT,0.00137500,0.03068,2131.2727,1774036234674
binance,gate,FUNUSDT,0.00137500,0.03068,2131.2727,1774036234975
binance,gate,FUNUSDT,0.00137500,0.03068,2131.2727,1774036235275
binance,gate,FUNUSDT,0.00137500,0.03068,2131.2727,1774036235575
binance,gate,FUNUSDT,0.00137500,0.03068,2131.2727,1774036235875
binance,gate,FUNUSDT,0.00137500,0.03068,2131.2727,1774036236175
binance,gate,FUNUSDT,0.00137500,0.03068,2131.2727,1774036236477
binance,gate,FUNUSDT,0.00137500,0.03068,2131.2727,1774036236778
binance,gate,FUNUSDT,0.00137500,0.03068,2131.2727,1774036237078
binance,gate,FUNUSDT,0.00137500,0.03068,2131.2727,1774036237378
binance,gate,FUNUSDT,0.00137500,0.03068,2131.2727,1774036237681
binance,gate,FUNUSDT,0.00137500,0.03068,2131.2727,1774036237981
binance,gate,FUNUSDT,0.00137500,0.03068,2131.2727,1774036238281
binance,gate,FUNUSDT,0.00137500,0.03068,2131.2727,1774036238581
binance,gate,FUNUSDT,0.00137500,0.03068,2131.2727,1774036238881
binance,gate,FUNUSDT,0.00137500,0.03068,2131.2727,1774036239181
binance,gate,FUNUSDT,0.00137500,0.03068,2131.2727,1774036239481
binance,gate,FUNUSDT,0.00137500,0.03068,2131.2727,1774036239782
binance,gate,FUNUSDT,0.00137500,0.03068,2131.2727,1774036240082
binance,gate,FUNUSDT,0.00137500,0.03068,2131.2727,1774036240383
binance,gate,FUNUSDT,0.00137500,0.03068,2131.2727,1774036240683
binance,gate,FUNUSDT,0.00137500,0.03068,2131.2727,1774036240983
binance,gate,FUNUSDT,0.00137500,0.03068,2131.2727,1774036241283
binance,gate,FUNUSDT,0.00137500,0.03068,2131.2727,1774036241583
binance,gate,FUNUSDT,0.00137500,0.03068,2131.2727,1774036241884
binance,gate,FUNUSDT,0.00137500,0.03068,2131.2727,1774036242184
binance,gate,FUNUSDT,0.00137500,0.03068,2131.2727,1774036242485
binance,gate,FUNUSDT,0.00137500,0.03068,2131.2727,1774036242785
binance,gate,FUNUSDT,0.00137500,0.03068,2131.2727,1774036243086
binance,gate,FUNUSDT,0.00137500,0.03068,2131.2727,1774036243386
binance,gate,FUNUSDT,0.00137500,0.03068,2131.2727,1774036243686
binance,gate,FUNUSDT,0.00137500,0.03068,2131.2727,1774036243987
binance,gate,FUNUSDT,0.00137500,0.03068,2131.2727,1774036244287
binance,gate,FUNUSDT,0.00137500,0.03068,2131.2727,1774036244588
binance,gate,FUNUSDT,0.00137500,0.03068,2131.2727,1774036244889
binance,gate,FUNUSDT,0.00137500,0.03068,2131.2727,1774036245189
binance,gate,FUNUSDT,0.00137500,0.03068,2131.2727,1774036245489
binance,gate,FUNUSDT,0.00137500,0.03068,2131.2727,1774036245789
binance,gate,FUNUSDT,0.00137500,0.03068,2131.2727,1774036246089
binance,gate,FUNUSDT,0.00137500,0.03068,2131.2727,1774036246389
binance,gate,FUNUSDT,0.00137500,0.03068,2131.2727,1774036246689
binance,gate,FUNUSDT,0.00137500,0.03068,2131.2727,1774036246990
binance,gate,FUNUSDT,0.00137500,0.03068,2131.2727,1774036247290
binance,gate,FUNUSDT,0.00137500,0.03068,2131.2727,1774036247590
binance,gate,FUNUSDT,0.00137500,0.03068,2131.2727,1774036247891
binance,gate,FUNUSDT,0.00137500,0.03068,2131.2727,1774036248192
binance,gate,FUNUSDT,0.00137500,0.03068,2131.2727,1774036248492
binance,gate,FUNUSDT,0.00137500,0.03068,2131.2727,1774036248792
binance,gate,FUNUSDT,0.00137500,0.03068,2131.2727,1774036249093
binance,gate,FUNUSDT,0.00137500,0.03068,2131.2727,1774036249393
binance,gate,FUNUSDT,0.00137500,0.03068,2131.2727,1774036249693
binance,gate,FUNUSDT,0.00137500,0.03068,2131.2727,1774036249994
binance,gate,FUNUSDT,0.00137500,0.03068,2131.2727,1774036250294
binance,gate,FUNUSDT,0.00137500,0.03068,2131.2727,1774036250595
binance,gate,FUNUSDT,0.00137500,0.03068,2131.2727,1774036250895
binance,gate,FUNUSDT,0.00137500,0.03068,2131.2727,1774036251196
binance,gate,FUNUSDT,0.00137500,0.03068,2131.2727,1774036251496
binance,gate,FUNUSDT,0.00137500,0.03068,2131.2727,1774036251796
binance,gate,FUNUSDT,0.00137500,0.03068,2131.2727,1774036252096
binance,gate,FUNUSDT,0.00137500,0.03068,2131.2727,1774036252397
binance,gate,FUNUSDT,0.00137500,0.03068,2131.2727,1774036252697
binance,gate,FUNUSDT,0.00137500,0.03068,2131.2727,1774036252998
binance,gate,FUNUSDT,0.00137500,0.03068,2131.2727,1774036253298
binance,gate,FUNUSDT,0.00137500,0.03068,2131.2727,1774036253598
binance,gate,FUNUSDT,0.00137500,0.03068,2131.2727,1774036253898
binance,gate,FUNUSDT,0.00137500,0.03068,2131.2727,1774036254199
binance,gate,FUNUSDT,0.00137500,0.03068,2131.2727,1774036254499
binance,gate,FUNUSDT,0.00137500,0.03068,2131.2727,1774036254800
binance,gate,FUNUSDT,0.00137500,0.03068,2131.2727,1774036255100
binance,gate,FUNUSDT,0.00137500,0.03068,2131.2727,1774036255402
binance,gate,FUNUSDT,0.00137500,0.03068,2131.2727,1774036255702
binance,gate,FUNUSDT,0.00137500,0.03068,2131.2727,1774036256002
binance,gate,FUNUSDT,0.00137500,0.03068,2131.2727,1774036256302
binance,gate,FUNUSDT,0.00137500,0.03068,2131.2727,1774036256602
binance,gate,FUNUSDT,0.00137500,0.03068,2131.2727,1774036256902
binance,gate,FUNUSDT,0.00137500,0.03068,2131.2727,1774036257202
binance,gate,FUNUSDT,0.00137500,0.03068,2131.2727,1774036257503
binance,gate,FUNUSDT,0.00137500,0.03068,2131.2727,1774036257803
binance,gate,FUNUSDT,0.00137500,0.03068,2131.2727,1774036258103
binance,gate,FUNUSDT,0.00137500,0.03068,2131.2727,1774036258404
binance,gate,FUNUSDT,0.00137500,0.03068,2131.2727,1774036258705
binance,gate,FUNUSDT,0.00137500,0.03068,2131.2727,1774036259006
binance,gate,FUNUSDT,0.00137500,0.03068,2131.2727,1774036259307
binance,gate,FUNUSDT,0.00137500,0.03068,2131.2727,1774036259607
binance,gate,FUNUSDT,0.00137500,0.03068,2131.2727,1774036259908
binance,gate,FUNUSDT,0.00137500,0.03068,2131.2727,1774036260208
binance,gate,FUNUSDT,0.00137500,0.03068,2131.2727,1774036260509
binance,gate,FUNUSDT,0.00137500,0.03068,2131.2727,1774036260809
binance,gate,FUNUSDT,0.00137500,0.03068,2131.2727,1774036261109
binance,gate,FUNUSDT,0.00137500,0.03068,2131.2727,1774036261410
binance,gate,FUNUSDT,0.00137500,0.03068,2131.2727,1774036261710
binance,gate,FUNUSDT,0.00137500,0.03068,2131.2727,1774036262010
binance,gate,FUNUSDT,0.00137500,0.03068,2131.2727,1774036262310
binance,gate,FUNUSDT,0.00137500,0.03068,2131.2727,1774036262610
binance,gate,FUNUSDT,0.00137500,0.03068,2131.2727,1774036262911
binance,gate,FUNUSDT,0.00137500,0.03068,2131.2727,1774036263211
binance,gate,FUNUSDT,0.00137500,0.03068,2131.2727,1774036263512
binance,gate,FUNUSDT,0.00137500,0.03068,2131.2727,1774036263812
binance,gate,FUNUSDT,0.00137500,0.03068,2131.2727,1774036264112
binance,gate,FUNUSDT,0.00137500,0.03068,2131.2727,1774036264412
binance,gate,FUNUSDT,0.00137500,0.03068,2131.2727,1774036264713
binance,gate,FUNUSDT,0.00137500,0.03068,2131.2727,1774036265013
binance,gate,FUNUSDT,0.00137500,0.03068,2131.2727,1774036265313
binance,gate,FUNUSDT,0.00137500,0.03068,2131.2727,1774036265614
binance,gate,FUNUSDT,0.00137500,0.03068,2131.2727,1774036265914
binance,gate,FUNUSDT,0.00137500,0.03068,2131.2727,1774036266215
binance,gate,FUNUSDT,0.00137500,0.03068,2131.2727,1774036266515
binance,gate,FUNUSDT,0.00137500,0.03068,2131.2727,1774036266815
binance,gate,FUNUSDT,0.00137500,0.03068,2131.2727,1774036267115
binance,gate,FUNUSDT,0.00137500,0.03068,2131.2727,1774036267416
binance,gate,FUNUSDT,0.00137500,0.03068,2131.2727,1774036267716
binance,gate,FUNUSDT,0.00137500,0.03068,2131.2727,1774036268016
binance,gate,FUNUSDT,0.00137500,0.03068,2131.2727,1774036268317
binance,gate,FUNUSDT,0.00137500,0.03068,2131.2727,1774036268617
binance,gate,FUNUSDT,0.00137500,0.03068,2131.2727,1774036268917
binance,gate,FUNUSDT,0.00137500,0.03068,2131.2727,1774036269217
binance,gate,FUNUSDT,0.00137500,0.03068,2131.2727,1774036269517
binance,gate,FUNUSDT,0.00137500,0.03068,2131.2727,1774036269818
binance,gate,FUNUSDT,0.00137500,0.03068,2131.2727,1774036270118
binance,gate,FUNUSDT,0.00137500,0.03068,2131.2727,1774036270419
binance,gate,FUNUSDT,0.00137500,0.03068,2131.2727,1774036270719
binance,gate,FUNUSDT,0.00137500,0.03068,2131.2727,1774036271020
binance,gate,FUNUSDT,0.00137500,0.03068,2131.2727,1774036271321
binance,gate,FUNUSDT,0.00137500,0.03068,2131.2727,1774036271621
binance,gate,FUNUSDT,0.00137500,0.03068,2131.2727,1774036271921
binance,gate,FUNUSDT,0.00137500,0.03068,2131.2727,1774036272221
binance,gate,FUNUSDT,0.00137500,0.03068,2131.2727,1774036272521
binance,gate,FUNUSDT,0.00137500,0.03068,2131.2727,1774036272831
binance,gate,FUNUSDT,0.00137500,0.03068,2131.2727,1774036273131
binance,gate,FUNUSDT,0.00137500,0.03068,2131.2727,1774036273432
binance,gate,FUNUSDT,0.00137500,0.03068,2131.2727,1774036273732
binance,gate,FUNUSDT,0.00137500,0.03068,2131.2727,1774036274033
binance,gate,FUNUSDT,0.00137500,0.03068,2131.2727,1774036274333
binance,gate,FUNUSDT,0.00137500,0.03068,2131.2727,1774036274633
binance,gate,FUNUSDT,0.00137500,0.03068,2131.2727,1774036274933
binance,gate,FUNUSDT,0.00137500,0.03068,2131.2727,1774036275234
binance,gate,FUNUSDT,0.00137500,0.03068,2131.2727,1774036275534
binance,gate,FUNUSDT,0.00137500,0.03068,2131.2727,1774036275835
binance,gate,FUNUSDT,0.00137500,0.03068,2131.2727,1774036276135
binance,gate,FUNUSDT,0.00137500,0.03068,2131.2727,1774036276436
binance,gate,FUNUSDT,0.00137500,0.03068,2131.2727,1774036276736
binance,gate,FUNUSDT,0.00137500,0.03068,2131.2727,1774036277036
binance,gate,FUNUSDT,0.00137500,0.03068,2131.2727,1774036277336
binance,gate,FUNUSDT,0.00137500,0.03068,2131.2727,1774036277636
binance,gate,FUNUSDT,0.00137500,0.03068,2131.2727,1774036277936
binance,gate,FUNUSDT,0.00137500,0.03068,2131.2727,1774036278237
binance,gate,FUNUSDT,0.00137500,0.03068,2131.2727,1774036278537
binance,gate,FUNUSDT,0.00137500,0.03068,2131.2727,1774036278837
binance,gate,FUNUSDT,0.00137500,0.03068,2131.2727,1774036279137
binance,gate,FUNUSDT,0.00137500,0.03068,2131.2727,1774036279437
binance,gate,FUNUSDT,0.00137500,0.03068,2131.2727,1774036279738
binance,gate,FUNUSDT,0.00137500,0.03068,2131.2727,1774036280038
binance,gate,FUNUSDT,0.00137500,0.03068,2131.2727,1774036280338
binance,gate,FUNUSDT,0.00137500,0.03068,2131.2727,1774036280638
binance,gate,FUNUSDT,0.00137500,0.03068,2131.2727,1774036280939
binance,gate,FUNUSDT,0.00137500,0.03068,2131.2727,1774036281240
binance,gate,FUNUSDT,0.00137500,0.03068,2131.2727,1774036281540
binance,gate,FUNUSDT,0.00137500,0.03068,2131.2727,1774036281840
binance,gate,FUNUSDT,0.00137500,0.03068,2131.2727,1774036282141
binance,gate,FUNUSDT,0.00137500,0.03068,2131.2727,1774036282441
binance,gate,FUNUSDT,0.00137500,0.03068,2131.2727,1774036282741
binance,gate,FUNUSDT,0.00137500,0.03068,2131.2727,1774036283041
binance,gate,FUNUSDT,0.00137500,0.03068,2131.2727,1774036283341
binance,gate,FUNUSDT,0.00137500,0.03068,2131.2727,1774036283642
binance,gate,FUNUSDT,0.00137500,0.03068,2131.2727,1774036283944
binance,gate,FUNUSDT,0.00137500,0.03068,2131.2727,1774036284245
binance,gate,FUNUSDT,0.00137500,0.03068,2131.2727,1774036284546
binance,gate,FUNUSDT,0.00137500,0.03068,2131.2727,1774036284846
binance,gate,FUNUSDT,0.00137500,0.03068,2131.2727,1774036285146
binance,gate,FUNUSDT,0.00137500,0.03068,2131.2727,1774036285446
binance,gate,FUNUSDT,0.00137500,0.03068,2131.2727,1774036285746
binance,gate,FUNUSDT,0.00137500,0.03068,2131.2727,1774036286047
binance,gate,FUNUSDT,0.00137500,0.03068,2131.2727,1774036286347
binance,gate,FUNUSDT,0.00137500,0.03068,2131.2727,1774036286647
binance,gate,FUNUSDT,0.00137500,0.03068,2131.2727,1774036286947
binance,gate,FUNUSDT,0.00137500,0.03068,2131.2727,1774036287248
binance,gate,FUNUSDT,0.00137500,0.03068,2131.2727,1774036287548
binance,gate,FUNUSDT,0.00137500,0.03068,2131.2727,1774036287849
binance,gate,FUNUSDT,0.00137500,0.03068,2131.2727,1774036288149
binance,gate,FUNUSDT,0.00137500,0.03068,2131.2727,1774036288450
binance,gate,FUNUSDT,0.00137500,0.03068,2131.2727,1774036288750
binance,gate,FUNUSDT,0.00137500,0.03068,2131.2727,1774036289050
binance,gate,FUNUSDT,0.00137500,0.03068,2131.2727,1774036289350
binance,gate,FUNUSDT,0.00137500,0.03068,2131.2727,1774036289651
binance,gate,FUNUSDT,0.00137500,0.03068,2131.2727,1774036289951
binance,gate,FUNUSDT,0.00137500,0.03068,2131.2727,1774036290251
binance,gate,FUNUSDT,0.00137500,0.03068,2131.2727,1774036290551
binance,gate,FUNUSDT,0.00137500,0.03068,2131.2727,1774036290851
binance,gate,FUNUSDT,0.00137500,0.03068,2131.2727,1774036291152
binance,gate,FUNUSDT,0.00137500,0.03068,2131.2727,1774036291453
binance,gate,FUNUSDT,0.00137500,0.03068,2131.2727,1774036291753
binance,gate,FUNUSDT,0.00137500,0.03068,2131.2727,1774036292053
binance,gate,FUNUSDT,0.00137500,0.03068,2131.2727,1774036292353
binance,gate,FUNUSDT,0.00137500,0.03068,2131.2727,1774036292653
binance,gate,FUNUSDT,0.00137500,0.03068,2131.2727,1774036292953
binance,gate,FUNUSDT,0.00137500,0.03068,2131.2727,1774036293253
binance,gate,FUNUSDT,0.00137500,0.03068,2131.2727,1774036293554
binance,gate,FUNUSDT,0.00137500,0.03068,2131.2727,1774036293854
binance,gate,FUNUSDT,0.00137500,0.03068,2131.2727,1774036294154
binance,gate,FUNUSDT,0.00137500,0.03068,2131.2727,1774036294455
binance,gate,FUNUSDT,0.00137500,0.03068,2131.2727,1774036294755
binance,gate,FUNUSDT,0.00137500,0.03068,2131.2727,1774036295055
binance,gate,FUNUSDT,0.00137500,0.03068,2131.2727,1774036295356
binance,gate,FUNUSDT,0.00137500,0.03068,2131.2727,1774036295656
binance,gate,FUNUSDT,0.00137500,0.03068,2131.2727,1774036295956
binance,gate,FUNUSDT,0.00137500,0.03068,2131.2727,1774036296256
binance,gate,FUNUSDT,0.00137500,0.03068,2131.2727,1774036296557
binance,gate,FUNUSDT,0.00137500,0.03068,2131.2727,1774036296857
binance,gate,FUNUSDT,0.00137500,0.03068,2131.2727,1774036297157
binance,gate,FUNUSDT,0.00137500,0.03068,2131.2727,1774036297457
binance,gate,FUNUSDT,0.00137500,0.03068,2131.2727,1774036297757
binance,gate,FUNUSDT,0.00137500,0.03068,2131.2727,1774036298057
binance,gate,FUNUSDT,0.00137500,0.03068,2131.2727,1774036298357
binance,gate,FUNUSDT,0.00137500,0.03068,2131.2727,1774036298657
binance,gate,FUNUSDT,0.00137500,0.03068,2131.2727,1774036298958
binance,gate,FUNUSDT,0.00137500,0.03068,2131.2727,1774036299258
binance,gate,FUNUSDT,0.00137500,0.03068,2131.2727,1774036299559
binance,gate,FUNUSDT,0.00137500,0.03068,2131.2727,1774036299859
binance,gate,FUNUSDT,0.00137500,0.03068,2131.2727,1774036300160
binance,gate,FUNUSDT,0.00137500,0.03068,2131.2727,1774036300460
binance,gate,FUNUSDT,0.00137500,0.03068,2131.2727,1774036300760
binance,gate,FUNUSDT,0.00137500,0.03068,2131.2727,1774036301061
binance,gate,FUNUSDT,0.00137500,0.03068,2131.2727,1774036301361
binance,gate,FUNUSDT,0.00137500,0.03068,2131.2727,1774036301661
binance,gate,FUNUSDT,0.00137500,0.03068,2131.2727,1774036301961
binance,gate,FUNUSDT,0.00137500,0.03068,2131.2727,1774036302262
binance,gate,FUNUSDT,0.00137500,0.03068,2131.2727,1774036302562
binance,gate,FUNUSDT,0.00137500,0.03068,2131.2727,1774036302863
binance,gate,FUNUSDT,0.00137500,0.03068,2131.2727,1774036303163
binance,gate,FUNUSDT,0.00137500,0.03068,2131.2727,1774036303464
binance,gate,FUNUSDT,0.00137500,0.03068,2131.2727,1774036303764
binance,gate,FUNUSDT,0.00137500,0.03068,2131.2727,1774036304064
binance,gate,FUNUSDT,0.00137500,0.03068,2131.2727,1774036304365
binance,gate,FUNUSDT,0.00137500,0.03068,2131.2727,1774036304665
binance,gate,FUNUSDT,0.00137500,0.03068,2131.2727,1774036304965
binance,gate,FUNUSDT,0.00137500,0.03068,2131.2727,1774036305265
binance,gate,FUNUSDT,0.00137500,0.03068,2131.2727,1774036305565
binance,gate,FUNUSDT,0.00137500,0.03068,2131.2727,1774036305865
binance,gate,FUNUSDT,0.00137500,0.03068,2131.2727,1774036306165
binance,gate,FUNUSDT,0.00137500,0.03068,2131.2727,1774036306465
binance,gate,FUNUSDT,0.00137500,0.03068,2131.2727,1774036306766
binance,gate,FUNUSDT,0.00137500,0.03068,2131.2727,1774036307066
binance,gate,FUNUSDT,0.00137500,0.03068,2131.2727,1774036307367
binance,gate,FUNUSDT,0.00137500,0.03068,2131.2727,1774036307667
binance,gate,FUNUSDT,0.00137500,0.03068,2131.2727,1774036307967
binance,gate,FUNUSDT,0.00137500,0.03068,2131.2727,1774036308267
binance,gate,FUNUSDT,0.00137500,0.03068,2131.2727,1774036308568
binance,gate,FUNUSDT,0.00137500,0.03068,2131.2727,1774036308868
binance,gate,FUNUSDT,0.00137500,0.03068,2131.2727,1774036309168
binance,gate,FUNUSDT,0.00137500,0.03068,2131.2727,1774036309469
binance,gate,FUNUSDT,0.00137500,0.03068,2131.2727,1774036309769
binance,gate,FUNUSDT,0.00137500,0.03068,2131.2727,1774036310069
binance,gate,FUNUSDT,0.00137500,0.03068,2131.2727,1774036310369
binance,gate,FUNUSDT,0.00137500,0.03068,2131.2727,1774036310669
binance,gate,FUNUSDT,0.00137500,0.03068,2131.2727,1774036310970
binance,gate,FUNUSDT,0.00137500,0.03068,2131.2727,1774036311270
binance,gate,FUNUSDT,0.00137500,0.03068,2131.2727,1774036311570
binance,gate,FUNUSDT,0.00137500,0.03068,2131.2727,1774036311870
binance,gate,FUNUSDT,0.00137500,0.03068,2131.2727,1774036312170
binance,gate,FUNUSDT,0.00137500,0.03068,2131.2727,1774036312470
binance,gate,FUNUSDT,0.00137500,0.03068,2131.2727,1774036312770
binance,gate,FUNUSDT,0.00137500,0.03068,2131.2727,1774036313070
binance,gate,FUNUSDT,0.00137500,0.03068,2131.2727,1774036313371
binance,gate,FUNUSDT,0.00137500,0.03068,2131.2727,1774036313671
binance,gate,FUNUSDT,0.00137500,0.03068,2131.2727,1774036313971
binance,gate,FUNUSDT,0.00137500,0.03068,2131.2727,1774036314271
binance,gate,FUNUSDT,0.00137500,0.03068,2131.2727,1774036314577
binance,gate,FUNUSDT,0.00137500,0.03068,2131.2727,1774036314877
binance,gate,FUNUSDT,0.00137500,0.03068,2131.2727,1774036315178
binance,gate,FUNUSDT,0.00137500,0.03068,2131.2727,1774036315478
binance,gate,FUNUSDT,0.00137500,0.03068,2131.2727,1774036315778
binance,gate,FUNUSDT,0.00137500,0.03068,2131.2727,1774036316079
binance,gate,FUNUSDT,0.00137500,0.03068,2131.2727,1774036316379
binance,gate,FUNUSDT,0.00137500,0.03068,2131.2727,1774036316679
binance,gate,FUNUSDT,0.00137500,0.03068,2131.2727,1774036316979
binance,gate,FUNUSDT,0.00137500,0.03068,2131.2727,1774036317281
binance,gate,FUNUSDT,0.00137500,0.03068,2131.2727,1774036317581
binance,gate,FUNUSDT,0.00137500,0.03068,2131.2727,1774036317882
binance,gate,FUNUSDT,0.00137500,0.03068,2131.2727,1774036318183
binance,gate,FUNUSDT,0.00137500,0.03068,2131.2727,1774036318483
binance,gate,FUNUSDT,0.00137500,0.03068,2131.2727,1774036318784
binance,gate,FUNUSDT,0.00137500,0.03068,2131.2727,1774036319084
binance,gate,FUNUSDT,0.00137500,0.03068,2131.2727,1774036319384
binance,gate,FUNUSDT,0.00137500,0.03068,2131.2727,1774036319684
binance,gate,FUNUSDT,0.00137500,0.03068,2131.2727,1774036319984
binance,gate,FUNUSDT,0.00137500,0.03068,2131.2727,1774036320285
binance,gate,FUNUSDT,0.00137500,0.03068,2131.2727,1774036320585
binance,gate,FUNUSDT,0.00137500,0.03068,2131.2727,1774036320885
binance,gate,FUNUSDT,0.00137500,0.03068,2131.2727,1774036321186
binance,gate,FUNUSDT,0.00137500,0.03068,2131.2727,1774036321486
binance,gate,FUNUSDT,0.00137500,0.03068,2131.2727,1774036321787
binance,gate,FUNUSDT,0.00137500,0.03068,2131.2727,1774036322087
binance,gate,FUNUSDT,0.00137500,0.03068,2131.2727,1774036322387
binance,gate,FUNUSDT,0.00137500,0.03068,2131.2727,1774036322688
binance,gate,FUNUSDT,0.00137500,0.03068,2131.2727,1774036322988
binance,gate,FUNUSDT,0.00137500,0.03068,2131.2727,1774036323288
binance,gate,FUNUSDT,0.00137500,0.03068,2131.2727,1774036323589
binance,gate,FUNUSDT,0.00137500,0.03068,2131.2727,1774036323890
binance,gate,FUNUSDT,0.00137500,0.03068,2131.2727,1774036324190
binance,gate,FUNUSDT,0.00137500,0.03068,2131.2727,1774036324490
binance,gate,FUNUSDT,0.00137500,0.03068,2131.2727,1774036324791
binance,gate,FUNUSDT,0.00137500,0.03068,2131.2727,1774036325091
binance,gate,FUNUSDT,0.00137500,0.03068,2131.2727,1774036325392
binance,gate,FUNUSDT,0.00137500,0.03068,2131.2727,1774036325693
binance,gate,FUNUSDT,0.00137500,0.03068,2131.2727,1774036325993
binance,gate,FUNUSDT,0.00137500,0.03068,2131.2727,1774036326293
binance,gate,FUNUSDT,0.00137500,0.03068,2131.2727,1774036326593
binance,gate,FUNUSDT,0.00137500,0.03068,2131.2727,1774036326895
binance,gate,FUNUSDT,0.00137500,0.03068,2131.2727,1774036327195
binance,gate,FUNUSDT,0.00137500,0.03068,2131.2727,1774036327496
binance,gate,FUNUSDT,0.00137500,0.03068,2131.2727,1774036327796
binance,gate,FUNUSDT,0.00137500,0.03068,2131.2727,1774036328097
binance,gate,FUNUSDT,0.00137500,0.03068,2131.2727,1774036328397
binance,gate,FUNUSDT,0.00137500,0.03068,2131.2727,1774036328697
binance,gate,FUNUSDT,0.00137500,0.03068,2131.2727,1774036328997
binance,gate,FUNUSDT,0.00137500,0.03068,2131.2727,1774036329297
binance,gate,FUNUSDT,0.00137500,0.03068,2131.2727,1774036329597
binance,gate,FUNUSDT,0.00137500,0.03068,2131.2727,1774036329898
binance,gate,FUNUSDT,0.00137500,0.03068,2131.2727,1774036330198
binance,gate,FUNUSDT,0.00137500,0.03068,2131.2727,1774036330498
binance,gate,FUNUSDT,0.00137500,0.03068,2131.2727,1774036330798
binance,gate,FUNUSDT,0.00137500,0.03068,2131.2727,1774036331098
binance,gate,FUNUSDT,0.00137500,0.03068,2131.2727,1774036331398
binance,gate,FUNUSDT,0.00137500,0.03068,2131.2727,1774036331699
binance,gate,FUNUSDT,0.00137500,0.03068,2131.2727,1774036331999
binance,gate,FUNUSDT,0.00137500,0.03068,2131.2727,1774036332299
binance,gate,FUNUSDT,0.00137500,0.03068,2131.2727,1774036332599
binance,gate,FUNUSDT,0.00137500,0.03068,2131.2727,1774036332899
binance,gate,FUNUSDT,0.00137500,0.03068,2131.2727,1774036333200
binance,gate,FUNUSDT,0.00137500,0.03068,2131.2727,1774036333500
binance,gate,FUNUSDT,0.00137500,0.03068,2131.2727,1774036333800
binance,gate,FUNUSDT,0.00137500,0.03068,2131.2727,1774036334101
binance,gate,FUNUSDT,0.00137500,0.03068,2131.2727,1774036334401
binance,gate,FUNUSDT,0.00137500,0.03068,2131.2727,1774036334701
binance,gate,FUNUSDT,0.00137500,0.03068,2131.2727,1774036335001
binance,gate,FUNUSDT,0.00137500,0.03068,2131.2727,1774036335302
binance,gate,FUNUSDT,0.00137500,0.03068,2131.2727,1774036335602
binance,gate,FUNUSDT,0.00137500,0.03068,2131.2727,1774036335903
binance,gate,FUNUSDT,0.00137500,0.03068,2131.2727,1774036336203
binance,gate,FUNUSDT,0.00137500,0.03068,2131.2727,1774036336503
binance,gate,FUNUSDT,0.00137500,0.03068,2131.2727,1774036336804
binance,gate,FUNUSDT,0.00137500,0.03068,2131.2727,1774036337104
binance,gate,FUNUSDT,0.00137500,0.03068,2131.2727,1774036337404
binance,gate,FUNUSDT,0.00137500,0.03068,2131.2727,1774036337704
binance,gate,FUNUSDT,0.00137500,0.03068,2131.2727,1774036338005
binance,gate,FUNUSDT,0.00137500,0.03068,2131.2727,1774036338305
binance,gate,FUNUSDT,0.00137500,0.03068,2131.2727,1774036338606
binance,gate,FUNUSDT,0.00137500,0.03068,2131.2727,1774036338906
binance,gate,FUNUSDT,0.00137500,0.03068,2131.2727,1774036339206
binance,gate,FUNUSDT,0.00137500,0.03068,2131.2727,1774036339507
binance,gate,FUNUSDT,0.00137500,0.03068,2131.2727,1774036339807
binance,gate,FUNUSDT,0.00137500,0.03068,2131.2727,1774036340107
binance,gate,FUNUSDT,0.00137500,0.03068,2131.2727,1774036340407
binance,gate,FUNUSDT,0.00137500,0.03068,2131.2727,1774036340707
binance,gate,FUNUSDT,0.00137500,0.03068,2131.2727,1774036341008
binance,gate,FUNUSDT,0.00137500,0.03068,2131.2727,1774036341308
binance,gate,FUNUSDT,0.00137500,0.03068,2131.2727,1774036341609
binance,gate,FUNUSDT,0.00137500,0.03068,2131.2727,1774036341909
binance,gate,FUNUSDT,0.00137500,0.03068,2131.2727,1774036342209
binance,gate,FUNUSDT,0.00137500,0.03068,2131.2727,1774036342510
binance,gate,FUNUSDT,0.00137500,0.03068,2131.2727,1774036342810
binance,gate,FUNUSDT,0.00137500,0.03068,2131.2727,1774036343111
binance,gate,FUNUSDT,0.00137500,0.03068,2131.2727,1774036343411
binance,gate,FUNUSDT,0.00137500,0.03068,2131.2727,1774036343711
binance,gate,FUNUSDT,0.00137500,0.03068,2131.2727,1774036344012
binance,gate,FUNUSDT,0.00137500,0.03068,2131.2727,1774036344313
binance,gate,FUNUSDT,0.00137500,0.03068,2131.2727,1774036344613
binance,gate,FUNUSDT,0.00137500,0.03068,2131.2727,1774036344914
binance,gate,FUNUSDT,0.00137500,0.03068,2131.2727,1774036345214
binance,gate,FUNUSDT,0.00137500,0.03068,2131.2727,1774036345514
binance,gate,FUNUSDT,0.00137500,0.03068,2131.2727,1774036345814
binance,gate,FUNUSDT,0.00137500,0.03068,2131.2727,1774036346114
binance,gate,FUNUSDT,0.00137500,0.03068,2131.2727,1774036346415
binance,gate,FUNUSDT,0.00137500,0.03068,2131.2727,1774036346715
binance,gate,FUNUSDT,0.00137500,0.03068,2131.2727,1774036347016
binance,gate,FUNUSDT,0.00137500,0.03068,2131.2727,1774036347317
binance,gate,FUNUSDT,0.00137500,0.03068,2131.2727,1774036347617
binance,gate,FUNUSDT,0.00137500,0.03068,2131.2727,1774036347917
binance,gate,FUNUSDT,0.00137500,0.03068,2131.2727,1774036348217
binance,gate,FUNUSDT,0.00137500,0.03068,2131.2727,1774036348517
binance,gate,FUNUSDT,0.00137500,0.03068,2131.2727,1774036348818
binance,gate,FUNUSDT,0.00137500,0.03068,2131.2727,1774036349118
binance,gate,FUNUSDT,0.00137500,0.03068,2131.2727,1774036349418
binance,gate,FUNUSDT,0.00137500,0.03068,2131.2727,1774036349719
binance,gate,FUNUSDT,0.00137500,0.03068,2131.2727,1774036350020
binance,gate,FUNUSDT,0.00137500,0.03068,2131.2727,1774036350321
binance,gate,FUNUSDT,0.00137500,0.03068,2131.2727,1774036350621
binance,gate,FUNUSDT,0.00137500,0.03068,2131.2727,1774036350921
binance,gate,FUNUSDT,0.00137500,0.03068,2131.2727,1774036351221
binance,gate,FUNUSDT,0.00137500,0.03068,2131.2727,1774036351521
binance,gate,FUNUSDT,0.00137500,0.03068,2131.2727,1774036351822
binance,gate,FUNUSDT,0.00137500,0.03068,2131.2727,1774036352122
binance,gate,FUNUSDT,0.00137500,0.03068,2131.2727,1774036352423
binance,gate,FUNUSDT,0.00137500,0.03068,2131.2727,1774036352723
binance,gate,FUNUSDT,0.00137500,0.03068,2131.2727,1774036353024
binance,gate,FUNUSDT,0.00137500,0.03068,2131.2727,1774036353330
binance,gate,FUNUSDT,0.00137500,0.03068,2131.2727,1774036353631
binance,gate,FUNUSDT,0.00137500,0.03068,2131.2727,1774036353931
binance,gate,FUNUSDT,0.00137500,0.03068,2131.2727,1774036354231
binance,gate,FUNUSDT,0.00137500,0.03068,2131.2727,1774036354531
binance,gate,FUNUSDT,0.00137500,0.03068,2131.2727,1774036354832
binance,gate,FUNUSDT,0.00137500,0.03068,2131.2727,1774036355132
binance,gate,FUNUSDT,0.00137500,0.03068,2131.2727,1774036355432
binance,gate,FUNUSDT,0.00137500,0.03068,2131.2727,1774036355732
binance,gate,FUNUSDT,0.00137500,0.03068,2131.2727,1774036356033
binance,gate,FUNUSDT,0.00137500,0.03068,2131.2727,1774036356333
binance,gate,FUNUSDT,0.00137500,0.03068,2131.2727,1774036356634
binance,gate,FUNUSDT,0.00137500,0.03068,2131.2727,1774036356934
binance,gate,FUNUSDT,0.00137500,0.03068,2131.2727,1774036357235
binance,gate,FUNUSDT,0.00137500,0.03068,2131.2727,1774036357535
binance,gate,FUNUSDT,0.00137500,0.03068,2131.2727,1774036357839
binance,gate,FUNUSDT,0.00137500,0.03068,2131.2727,1774036358140
binance,gate,FUNUSDT,0.00137500,0.03068,2131.2727,1774036358440
binance,gate,FUNUSDT,0.00137500,0.03068,2131.2727,1774036358740
binance,gate,FUNUSDT,0.00137500,0.03068,2131.2727,1774036359040
binance,gate,FUNUSDT,0.00137500,0.03068,2131.2727,1774036359340
binance,gate,FUNUSDT,0.00137500,0.03068,2131.2727,1774036359641
binance,gate,FUNUSDT,0.00137500,0.03068,2131.2727,1774036359941
binance,gate,FUNUSDT,0.00137500,0.03068,2131.2727,1774036360241
binance,gate,FUNUSDT,0.00137500,0.03068,2131.2727,1774036360542
binance,gate,FUNUSDT,0.00137500,0.03068,2131.2727,1774036360842
binance,gate,FUNUSDT,0.00137500,0.03068,2131.2727,1774036361142
binance,gate,FUNUSDT,0.00137500,0.03068,2131.2727,1774036361442
binance,gate,FUNUSDT,0.00137500,0.03068,2131.2727,1774036361743
binance,gate,FUNUSDT,0.00137500,0.03068,2131.2727,1774036362043
binance,gate,FUNUSDT,0.00137500,0.03068,2131.2727,1774036362344
binance,gate,FUNUSDT,0.00137500,0.03068,2131.2727,1774036362644
binance,gate,FUNUSDT,0.00137500,0.03068,2131.2727,1774036362944
binance,gate,FUNUSDT,0.00137500,0.03068,2131.2727,1774036363244
binance,gate,FUNUSDT,0.00137500,0.03068,2131.2727,1774036363544
binance,gate,FUNUSDT,0.00137500,0.03068,2131.2727,1774036363845
binance,gate,FUNUSDT,0.00137500,0.03068,2131.2727,1774036364145
binance,gate,FUNUSDT,0.00137500,0.03068,2131.2727,1774036364446
binance,gate,FUNUSDT,0.00137500,0.03068,2131.2727,1774036364746
binance,gate,FUNUSDT,0.00137500,0.03068,2131.2727,1774036365046
binance,gate,FUNUSDT,0.00137500,0.03068,2131.2727,1774036365348
binance,gate,FUNUSDT,0.00137500,0.03068,2131.2727,1774036365648
binance,gate,FUNUSDT,0.00137500,0.03068,2131.2727,1774036365948
binance,gate,FUNUSDT,0.00137500,0.03068,2131.2727,1774036366249
binance,gate,FUNUSDT,0.00137500,0.03068,2131.2727,1774036366549
binance,gate,FUNUSDT,0.00137500,0.03068,2131.2727,1774036366849
binance,gate,FUNUSDT,0.00137500,0.03068,2131.2727,1774036367149
binance,gate,FUNUSDT,0.00137500,0.03068,2131.2727,1774036367450
binance,gate,FUNUSDT,0.00137500,0.03068,2131.2727,1774036367750
binance,gate,FUNUSDT,0.00137500,0.03068,2131.2727,1774036368051
binance,gate,FUNUSDT,0.00137500,0.03068,2131.2727,1774036368351
binance,gate,FUNUSDT,0.00137500,0.03068,2131.2727,1774036368651
binance,gate,FUNUSDT,0.00137500,0.03068,2131.2727,1774036368951
binance,gate,FUNUSDT,0.00137500,0.03068,2131.2727,1774036369252
binance,gate,FUNUSDT,0.00137500,0.03068,2131.2727,1774036369552
binance,gate,FUNUSDT,0.00137500,0.03068,2131.2727,1774036369852
binance,gate,FUNUSDT,0.00137500,0.03068,2131.2727,1774036370152
binance,gate,FUNUSDT,0.00137500,0.03068,2131.2727,1774036370452
binance,gate,FUNUSDT,0.00137500,0.03068,2131.2727,1774036370752
binance,gate,FUNUSDT,0.00137500,0.03068,2131.2727,1774036371053
binance,gate,FUNUSDT,0.00137500,0.03068,2131.2727,1774036371353
