spot_exch,fut_exch,symbol,ask_spot,bid_futures,spread_pct,ts
binance,gate,FUNUSDT,0.00138100,0.0307,2123.0268,1774033788951
binance,gate,FUNUSDT,0.00138100,0.0307,2123.0268,1774033789252
binance,gate,FUNUSDT,0.00138100,0.0307,2123.0268,1774033789552
binance,gate,FUNUSDT,0.00138100,0.0307,2123.0268,1774033789853
binance,gate,FUNUSDT,0.00138100,0.0307,2123.0268,1774033790153
binance,gate,FUNUSDT,0.00138100,0.0307,2123.0268,1774033790454
binance,gate,FUNUSDT,0.00138100,0.0307,2123.0268,1774033790755
binance,gate,FUNUSDT,0.00138100,0.0307,2123.0268,1774033791055
binance,gate,FUNUSDT,0.00138100,0.0307,2123.0268,1774033791355
binance,gate,FUNUSDT,0.00138100,0.0307,2123.0268,1774033791655
binance,gate,FUNUSDT,0.00138100,0.0307,2123.0268,1774033791955
binance,gate,FUNUSDT,0.00138100,0.0307,2123.0268,1774033792256
binance,gate,FUNUSDT,0.00138100,0.0307,2123.0268,1774033792556
binance,gate,FUNUSDT,0.00138100,0.0307,2123.0268,1774033792856
binance,gate,FUNUSDT,0.00138100,0.0307,2123.0268,1774033793156
binance,gate,FUNUSDT,0.00138100,0.0307,2123.0268,1774033793456
binance,gate,FUNUSDT,0.00138100,0.0307,2123.0268,1774033793757
binance,gate,FUNUSDT,0.00138100,0.0307,2123.0268,1774033794057
binance,gate,FUNUSDT,0.00138100,0.0307,2123.0268,1774033794357
binance,gate,FUNUSDT,0.00138100,0.0307,2123.0268,1774033794658
binance,gate,FUNUSDT,0.00138100,0.0307,2123.0268,1774033794958
binance,gate,FUNUSDT,0.00138100,0.0307,2123.0268,1774033795258
binance,gate,FUNUSDT,0.00138100,0.0307,2123.0268,1774033795559
binance,gate,FUNUSDT,0.00138100,0.0307,2123.0268,1774033795859
binance,gate,FUNUSDT,0.00138100,0.0307,2123.0268,1774033796160
binance,gate,FUNUSDT,0.00138100,0.0307,2123.0268,1774033796460
binance,gate,FUNUSDT,0.00138100,0.0307,2123.0268,1774033796760
binance,gate,FUNUSDT,0.00138100,0.0307,2123.0268,1774033797060
binance,gate,FUNUSDT,0.00138100,0.0307,2123.0268,1774033797361
binance,gate,FUNUSDT,0.00138100,0.0307,2123.0268,1774033797661
binance,gate,FUNUSDT,0.00138100,0.0307,2123.0268,1774033797961
binance,gate,FUNUSDT,0.00138100,0.0307,2123.0268,1774033798261
binance,gate,FUNUSDT,0.00138100,0.0307,2123.0268,1774033798561
binance,gate,FUNUSDT,0.00138100,0.0307,2123.0268,1774033798862
binance,gate,FUNUSDT,0.00138100,0.0307,2123.0268,1774033799163
binance,gate,FUNUSDT,0.00138100,0.0307,2123.0268,1774033799463
binance,gate,FUNUSDT,0.00138100,0.0307,2123.0268,1774033799764
binance,gate,FUNUSDT,0.00138100,0.0307,2123.0268,1774033800064
binance,gate,FUNUSDT,0.00138100,0.0307,2123.0268,1774033800364
binance,gate,FUNUSDT,0.00138100,0.0307,2123.0268,1774033800664
binance,gate,FUNUSDT,0.00138100,0.0307,2123.0268,1774033800965
binance,gate,FUNUSDT,0.00138100,0.03072,2124.475,1774033801265
binance,gate,FUNUSDT,0.00138100,0.03072,2124.475,1774033801565
binance,gate,FUNUSDT,0.00138100,0.03072,2124.475,1774033801865
binance,gate,FUNUSDT,0.00138100,0.03072,2124.475,1774033802165
binance,gate,FUNUSDT,0.00138100,0.03072,2124.475,1774033802466
binance,gate,FUNUSDT,0.00138100,0.03072,2124.475,1774033802766
binance,gate,FUNUSDT,0.00138100,0.03072,2124.475,1774033803066
binance,gate,FUNUSDT,0.00138100,0.03072,2124.475,1774033803366
binance,gate,FUNUSDT,0.00138100,0.03072,2124.475,1774033803666
binance,gate,FUNUSDT,0.00138100,0.03072,2124.475,1774033803967
binance,gate,FUNUSDT,0.00138100,0.03072,2124.475,1774033804267
binance,gate,FUNUSDT,0.00138100,0.03072,2124.475,1774033804567
binance,gate,FUNUSDT,0.00138100,0.03072,2124.475,1774033804867
binance,gate,FUNUSDT,0.00138100,0.03072,2124.475,1774033805167
binance,gate,FUNUSDT,0.00138100,0.03072,2124.475,1774033805467
binance,gate,FUNUSDT,0.00138100,0.03072,2124.475,1774033805767
binance,gate,FUNUSDT,0.00138100,0.03072,2124.475,1774033806067
binance,gate,FUNUSDT,0.00138100,0.03072,2124.475,1774033806368
binance,gate,FUNUSDT,0.00138100,0.03072,2124.475,1774033806668
binance,gate,FUNUSDT,0.00138100,0.03072,2124.475,1774033806968
binance,gate,FUNUSDT,0.00138100,0.03072,2124.475,1774033807268
binance,gate,FUNUSDT,0.00138100,0.03072,2124.475,1774033807568
binance,gate,FUNUSDT,0.00138100,0.03072,2124.475,1774033807868
binance,gate,FUNUSDT,0.00138100,0.03072,2124.475,1774033808168
binance,gate,FUNUSDT,0.00138100,0.03072,2124.475,1774033808469
binance,gate,FUNUSDT,0.00138100,0.03072,2124.475,1774033808769
binance,gate,FUNUSDT,0.00138100,0.03072,2124.475,1774033809073
binance,gate,FUNUSDT,0.00138100,0.03072,2124.475,1774033809373
binance,gate,FUNUSDT,0.00138100,0.03072,2124.475,1774033809673
binance,gate,FUNUSDT,0.00138100,0.03072,2124.475,1774033809974
binance,gate,FUNUSDT,0.00138100,0.03072,2124.475,1774033810275
binance,gate,FUNUSDT,0.00138100,0.03072,2124.475,1774033810575
binance,gate,FUNUSDT,0.00138100,0.03072,2124.475,1774033810875
binance,gate,FUNUSDT,0.00138100,0.03072,2124.475,1774033811176
binance,gate,FUNUSDT,0.00138100,0.03072,2124.475,1774033811476
binance,gate,FUNUSDT,0.00138100,0.03072,2124.475,1774033811776
binance,gate,FUNUSDT,0.00138100,0.03072,2124.475,1774033812076
binance,gate,FUNUSDT,0.00138100,0.03072,2124.475,1774033812376
binance,gate,FUNUSDT,0.00138100,0.03072,2124.475,1774033812676
binance,gate,FUNUSDT,0.00138100,0.03072,2124.475,1774033812977
binance,gate,FUNUSDT,0.00138100,0.03072,2124.475,1774033813278
binance,gate,FUNUSDT,0.00138100,0.03072,2124.475,1774033813579
binance,gate,FUNUSDT,0.00138100,0.03072,2124.475,1774033813879
binance,gate,FUNUSDT,0.00138100,0.03072,2124.475,1774033814179
binance,gate,FUNUSDT,0.00138100,0.03072,2124.475,1774033814479
binance,gate,FUNUSDT,0.00138100,0.03072,2124.475,1774033814779
binance,gate,FUNUSDT,0.00138100,0.03072,2124.475,1774033815080
binance,gate,FUNUSDT,0.00138100,0.03072,2124.475,1774033815383
binance,gate,FUNUSDT,0.00138100,0.03072,2124.475,1774033815683
binance,gate,FUNUSDT,0.00138100,0.03072,2124.475,1774033815983
binance,gate,FUNUSDT,0.00138100,0.03072,2124.475,1774033816284
binance,gate,FUNUSDT,0.00138100,0.03072,2124.475,1774033816584
binance,gate,FUNUSDT,0.00138100,0.03072,2124.475,1774033816884
binance,gate,FUNUSDT,0.00138100,0.03072,2124.475,1774033817184
binance,gate,FUNUSDT,0.00138100,0.03072,2124.475,1774033817485
binance,gate,FUNUSDT,0.00138100,0.03072,2124.475,1774033817785
binance,gate,FUNUSDT,0.00138100,0.03072,2124.475,1774033818086
binance,gate,FUNUSDT,0.00138100,0.03072,2124.475,1774033818386
binance,gate,FUNUSDT,0.00138100,0.03072,2124.475,1774033818686
binance,gate,FUNUSDT,0.00138100,0.03072,2124.475,1774033818986
binance,gate,FUNUSDT,0.00138100,0.03072,2124.475,1774033819287
binance,gate,FUNUSDT,0.00138100,0.03072,2124.475,1774033819587
binance,gate,FUNUSDT,0.00138100,0.03072,2124.475,1774033819887
binance,gate,FUNUSDT,0.00138100,0.03072,2124.475,1774033820187
binance,gate,FUNUSDT,0.00138100,0.03072,2124.475,1774033820487
binance,gate,FUNUSDT,0.00138100,0.03072,2124.475,1774033820788
binance,gate,FUNUSDT,0.00138100,0.03072,2124.475,1774033821088
binance,gate,FUNUSDT,0.00138100,0.03072,2124.475,1774033821389
binance,gate,FUNUSDT,0.00138100,0.03072,2124.475,1774033821689
binance,gate,FUNUSDT,0.00138100,0.03072,2124.475,1774033821989
binance,gate,FUNUSDT,0.00138100,0.03072,2124.475,1774033822289
binance,gate,FUNUSDT,0.00138100,0.03072,2124.475,1774033822589
binance,gate,FUNUSDT,0.00138100,0.03072,2124.475,1774033822890
binance,gate,FUNUSDT,0.00138100,0.03072,2124.475,1774033823190
binance,gate,FUNUSDT,0.00138100,0.03072,2124.475,1774033823490
binance,gate,FUNUSDT,0.00138100,0.03072,2124.475,1774033823791
binance,gate,FUNUSDT,0.00138100,0.03072,2124.475,1774033824091
binance,gate,FUNUSDT,0.00138100,0.03072,2124.475,1774033824392
binance,gate,FUNUSDT,0.00138100,0.03072,2124.475,1774033824692
binance,gate,FUNUSDT,0.00138100,0.03072,2124.475,1774033824992
binance,gate,FUNUSDT,0.00138100,0.03072,2124.475,1774033825293
binance,gate,FUNUSDT,0.00138100,0.03072,2124.475,1774033825593
binance,gate,FUNUSDT,0.00138100,0.03072,2124.475,1774033825893
binance,gate,FUNUSDT,0.00138100,0.03072,2124.475,1774033826193
binance,gate,FUNUSDT,0.00138100,0.03072,2124.475,1774033826493
binance,gate,FUNUSDT,0.00138100,0.03072,2124.475,1774033826794
binance,gate,FUNUSDT,0.00138100,0.03072,2124.475,1774033827094
binance,gate,FUNUSDT,0.00138100,0.03072,2124.475,1774033827396
binance,gate,FUNUSDT,0.00138100,0.03072,2124.475,1774033827696
binance,gate,FUNUSDT,0.00138100,0.03072,2124.475,1774033827997
binance,gate,FUNUSDT,0.00138100,0.03072,2124.475,1774033828297
binance,gate,FUNUSDT,0.00138100,0.0307,2123.0268,1774033828597
binance,gate,FUNUSDT,0.00138100,0.0307,2123.0268,1774033828897
binance,gate,FUNUSDT,0.00138100,0.0307,2123.0268,1774033829198
binance,gate,FUNUSDT,0.00138100,0.0307,2123.0268,1774033829498
binance,gate,FUNUSDT,0.00138100,0.0307,2123.0268,1774033829799
binance,gate,FUNUSDT,0.00138100,0.0307,2123.0268,1774033830099
binance,gate,FUNUSDT,0.00138100,0.03067,2120.8545,1774033830399
binance,gate,FUNUSDT,0.00138100,0.03067,2120.8545,1774033830699
binance,gate,FUNUSDT,0.00138100,0.03067,2120.8545,1774033831000
binance,gate,FUNUSDT,0.00138100,0.03067,2120.8545,1774033831300
binance,gate,FUNUSDT,0.00138100,0.03067,2120.8545,1774033831600
binance,gate,FUNUSDT,0.00138100,0.03067,2120.8545,1774033831900
binance,gate,FUNUSDT,0.00138100,0.03067,2120.8545,1774033832201
binance,gate,FUNUSDT,0.00138100,0.03067,2120.8545,1774033832501
binance,gate,FUNUSDT,0.00138100,0.03067,2120.8545,1774033832801
binance,gate,FUNUSDT,0.00138100,0.03067,2120.8545,1774033833102
binance,gate,FUNUSDT,0.00138100,0.03067,2120.8545,1774033833402
binance,gate,FUNUSDT,0.00138100,0.03067,2120.8545,1774033833702
binance,gate,FUNUSDT,0.00138100,0.03067,2120.8545,1774033834003
binance,gate,FUNUSDT,0.00138100,0.03067,2120.8545,1774033834303
binance,gate,FUNUSDT,0.00138100,0.03067,2120.8545,1774033834604
binance,gate,FUNUSDT,0.00138100,0.03067,2120.8545,1774033834905
binance,gate,FUNUSDT,0.00138100,0.03067,2120.8545,1774033835205
binance,gate,FUNUSDT,0.00138100,0.03067,2120.8545,1774033835506
binance,gate,FUNUSDT,0.00138100,0.03067,2120.8545,1774033835806
binance,gate,FUNUSDT,0.00138100,0.03067,2120.8545,1774033836106
binance,gate,FUNUSDT,0.00138100,0.03067,2120.8545,1774033836406
binance,gate,FUNUSDT,0.00138100,0.03067,2120.8545,1774033836707
binance,gate,FUNUSDT,0.00138100,0.03067,2120.8545,1774033837007
binance,gate,FUNUSDT,0.00138100,0.03067,2120.8545,1774033837308
binance,gate,FUNUSDT,0.00138100,0.03067,2120.8545,1774033837609
binance,gate,FUNUSDT,0.00138100,0.03067,2120.8545,1774033837909
binance,gate,FUNUSDT,0.00138100,0.03067,2120.8545,1774033838209
binance,gate,FUNUSDT,0.00138100,0.03067,2120.8545,1774033838510
binance,gate,FUNUSDT,0.00138100,0.03067,2120.8545,1774033838811
binance,gate,FUNUSDT,0.00138100,0.03067,2120.8545,1774033839111
binance,gate,FUNUSDT,0.00138100,0.03067,2120.8545,1774033839411
binance,gate,FUNUSDT,0.00138100,0.03067,2120.8545,1774033839711
binance,gate,FUNUSDT,0.00138100,0.03067,2120.8545,1774033840012
binance,gate,FUNUSDT,0.00138100,0.03069,2122.3027,1774033840312
binance,gate,FUNUSDT,0.00138100,0.03067,2120.8545,1774033840613
binance,gate,FUNUSDT,0.00138100,0.03068,2121.5786,1774033840913
binance,gate,FUNUSDT,0.00138100,0.03068,2121.5786,1774033841213
binance,gate,FUNUSDT,0.00138100,0.03067,2120.8545,1774033841521
binance,gate,FUNUSDT,0.00138100,0.03067,2120.8545,1774033841821
binance,gate,FUNUSDT,0.00138100,0.03067,2120.8545,1774033842121
binance,gate,FUNUSDT,0.00138100,0.03067,2120.8545,1774033842421
binance,gate,FUNUSDT,0.00138100,0.03067,2120.8545,1774033842721
binance,gate,FUNUSDT,0.00138100,0.0307,2123.0268,1774033843021
binance,gate,FUNUSDT,0.00138100,0.0307,2123.0268,1774033843322
binance,gate,FUNUSDT,0.00138100,0.0307,2123.0268,1774033843622
binance,gate,FUNUSDT,0.00138100,0.0307,2123.0268,1774033843922
binance,gate,FUNUSDT,0.00138100,0.0307,2123.0268,1774033844223
binance,gate,FUNUSDT,0.00138100,0.0307,2123.0268,1774033844523
binance,gate,FUNUSDT,0.00138100,0.0307,2123.0268,1774033844823
binance,gate,FUNUSDT,0.00138100,0.0307,2123.0268,1774033845123
binance,gate,FUNUSDT,0.00138100,0.0307,2123.0268,1774033845424
binance,gate,FUNUSDT,0.00138100,0.0307,2123.0268,1774033845724
binance,gate,FUNUSDT,0.00138100,0.0307,2123.0268,1774033846024
binance,gate,FUNUSDT,0.00138100,0.0307,2123.0268,1774033846324
binance,gate,FUNUSDT,0.00138100,0.0307,2123.0268,1774033846625
binance,gate,FUNUSDT,0.00138100,0.0307,2123.0268,1774033846925
binance,gate,FUNUSDT,0.00138100,0.0307,2123.0268,1774033847225
binance,gate,FUNUSDT,0.00138100,0.0307,2123.0268,1774033847526
binance,gate,FUNUSDT,0.00138100,0.0307,2123.0268,1774033847826
binance,gate,FUNUSDT,0.00138100,0.0307,2123.0268,1774033848126
binance,gate,FUNUSDT,0.00138100,0.03067,2120.8545,1774033848426
binance,gate,FUNUSDT,0.00138100,0.03067,2120.8545,1774033848728
binance,gate,FUNUSDT,0.00138100,0.03067,2120.8545,1774033849028
binance,gate,FUNUSDT,0.00138100,0.03067,2120.8545,1774033849329
binance,gate,FUNUSDT,0.00138100,0.03067,2120.8545,1774033849629
binance,gate,FUNUSDT,0.00138100,0.03067,2120.8545,1774033849930
binance,gate,FUNUSDT,0.00138100,0.03067,2120.8545,1774033850230
binance,gate,FUNUSDT,0.00138100,0.03067,2120.8545,1774033850530
binance,gate,FUNUSDT,0.00138100,0.03067,2120.8545,1774033850830
binance,gate,FUNUSDT,0.00138100,0.03067,2120.8545,1774033851131
binance,gate,FUNUSDT,0.00138100,0.03067,2120.8545,1774033851432
binance,gate,FUNUSDT,0.00138100,0.03067,2120.8545,1774033851732
binance,gate,FUNUSDT,0.00138100,0.03067,2120.8545,1774033852032
binance,gate,FUNUSDT,0.00138100,0.03067,2120.8545,1774033852338
binance,gate,FUNUSDT,0.00138000,0.03067,2122.4638,1774033852638
binance,gate,FUNUSDT,0.00138000,0.03067,2122.4638,1774033852938
binance,gate,FUNUSDT,0.00138000,0.03067,2122.4638,1774033853238
binance,gate,FUNUSDT,0.00138000,0.03067,2122.4638,1774033853540
binance,gate,FUNUSDT,0.00138000,0.03067,2122.4638,1774033853840
binance,gate,FUNUSDT,0.00138100,0.03067,2120.8545,1774033854140
binance,gate,FUNUSDT,0.00138100,0.03067,2120.8545,1774033854440
binance,gate,FUNUSDT,0.00138100,0.03067,2120.8545,1774033854740
binance,gate,FUNUSDT,0.00138100,0.03067,2120.8545,1774033855040
binance,gate,FUNUSDT,0.00138100,0.03067,2120.8545,1774033855341
binance,gate,FUNUSDT,0.00138100,0.03067,2120.8545,1774033855641
binance,gate,FUNUSDT,0.00138100,0.03067,2120.8545,1774033855941
binance,gate,FUNUSDT,0.00138100,0.03067,2120.8545,1774033856241
binance,gate,FUNUSDT,0.00138100,0.03067,2120.8545,1774033856542
binance,gate,FUNUSDT,0.00138100,0.03067,2120.8545,1774033856842
binance,gate,FUNUSDT,0.00138100,0.03067,2120.8545,1774033857142
binance,gate,FUNUSDT,0.00138100,0.03067,2120.8545,1774033857442
binance,gate,FUNUSDT,0.00138100,0.03067,2120.8545,1774033857743
binance,gate,FUNUSDT,0.00138100,0.03067,2120.8545,1774033858043
binance,gate,FUNUSDT,0.00138100,0.03067,2120.8545,1774033858343
binance,gate,FUNUSDT,0.00138100,0.03067,2120.8545,1774033858643
binance,gate,FUNUSDT,0.00138100,0.03067,2120.8545,1774033858944
binance,gate,FUNUSDT,0.00138100,0.03067,2120.8545,1774033859244
binance,gate,FUNUSDT,0.00138100,0.03067,2120.8545,1774033859544
binance,gate,FUNUSDT,0.00138100,0.03067,2120.8545,1774033859844
binance,gate,FUNUSDT,0.00138100,0.03067,2120.8545,1774033860145
binance,gate,FUNUSDT,0.00138100,0.03067,2120.8545,1774033860445
binance,gate,FUNUSDT,0.00138100,0.03067,2120.8545,1774033860746
binance,gate,FUNUSDT,0.00138100,0.03067,2120.8545,1774033861046
binance,gate,FUNUSDT,0.00138100,0.03067,2120.8545,1774033861346
binance,gate,FUNUSDT,0.00138100,0.03067,2120.8545,1774033861648
binance,gate,FUNUSDT,0.00138100,0.03067,2120.8545,1774033861948
binance,gate,FUNUSDT,0.00138100,0.03067,2120.8545,1774033862248
binance,gate,FUNUSDT,0.00138100,0.03067,2120.8545,1774033862548
binance,gate,FUNUSDT,0.00138100,0.03067,2120.8545,1774033862848
binance,gate,FUNUSDT,0.00138100,0.03067,2120.8545,1774033863148
binance,gate,FUNUSDT,0.00138100,0.03067,2120.8545,1774033863449
binance,gate,FUNUSDT,0.00138100,0.03067,2120.8545,1774033863749
binance,gate,FUNUSDT,0.00138100,0.03067,2120.8545,1774033864049
binance,gate,FUNUSDT,0.00138100,0.03067,2120.8545,1774033864350
binance,gate,FUNUSDT,0.00138100,0.03067,2120.8545,1774033864650
binance,gate,FUNUSDT,0.00138100,0.03067,2120.8545,1774033864950
binance,gate,FUNUSDT,0.00138100,0.03067,2120.8545,1774033865250
binance,gate,FUNUSDT,0.00138100,0.03067,2120.8545,1774033865551
binance,gate,FUNUSDT,0.00138100,0.03067,2120.8545,1774033865851
binance,gate,FUNUSDT,0.00138100,0.03067,2120.8545,1774033866152
binance,gate,FUNUSDT,0.00138100,0.03067,2120.8545,1774033866452
binance,gate,FUNUSDT,0.00138100,0.03067,2120.8545,1774033866752
binance,gate,FUNUSDT,0.00138100,0.03067,2120.8545,1774033867052
binance,gate,FUNUSDT,0.00138100,0.03067,2120.8545,1774033867353
binance,gate,FUNUSDT,0.00138100,0.03067,2120.8545,1774033867653
binance,gate,FUNUSDT,0.00138100,0.03067,2120.8545,1774033867953
binance,gate,FUNUSDT,0.00138100,0.03067,2120.8545,1774033868253
binance,gate,FUNUSDT,0.00138100,0.03067,2120.8545,1774033868553
binance,gate,FUNUSDT,0.00138100,0.03067,2120.8545,1774033868853
binance,gate,FUNUSDT,0.00138100,0.03067,2120.8545,1774033869153
binance,gate,FUNUSDT,0.00138100,0.03067,2120.8545,1774033869454
binance,gate,FUNUSDT,0.00138100,0.03067,2120.8545,1774033869765
binance,gate,FUNUSDT,0.00138100,0.03067,2120.8545,1774033870065
binance,gate,FUNUSDT,0.00138100,0.03067,2120.8545,1774033870366
binance,gate,FUNUSDT,0.00138100,0.03067,2120.8545,1774033870666
binance,gate,FUNUSDT,0.00138100,0.03067,2120.8545,1774033870966
binance,gate,FUNUSDT,0.00138100,0.03067,2120.8545,1774033871266
binance,gate,FUNUSDT,0.00138100,0.03067,2120.8545,1774033871567
binance,gate,FUNUSDT,0.00138100,0.03067,2120.8545,1774033871867
binance,gate,FUNUSDT,0.00138100,0.03067,2120.8545,1774033872167
binance,gate,FUNUSDT,0.00138100,0.03067,2120.8545,1774033872468
binance,gate,FUNUSDT,0.00138100,0.03067,2120.8545,1774033872769
binance,gate,FUNUSDT,0.00138100,0.03067,2120.8545,1774033873069
binance,gate,FUNUSDT,0.00138100,0.03067,2120.8545,1774033873370
binance,gate,FUNUSDT,0.00138100,0.03067,2120.8545,1774033873670
binance,gate,FUNUSDT,0.00138100,0.03067,2120.8545,1774033873970
binance,gate,FUNUSDT,0.00138100,0.03067,2120.8545,1774033874270
binance,gate,FUNUSDT,0.00138100,0.03067,2120.8545,1774033874571
binance,gate,FUNUSDT,0.00138100,0.03067,2120.8545,1774033874871
binance,gate,FUNUSDT,0.00138100,0.03067,2120.8545,1774033875171
binance,gate,FUNUSDT,0.00138100,0.03067,2120.8545,1774033875471
binance,gate,FUNUSDT,0.00138100,0.03067,2120.8545,1774033875772
binance,gate,FUNUSDT,0.00138100,0.03067,2120.8545,1774033876072
binance,gate,FUNUSDT,0.00138100,0.03067,2120.8545,1774033876374
binance,gate,FUNUSDT,0.00138100,0.03067,2120.8545,1774033876674
binance,gate,FUNUSDT,0.00138100,0.03067,2120.8545,1774033876975
binance,gate,FUNUSDT,0.00138100,0.03067,2120.8545,1774033877275
binance,gate,FUNUSDT,0.00138100,0.03067,2120.8545,1774033877576
binance,gate,FUNUSDT,0.00138100,0.03067,2120.8545,1774033877876
binance,gate,FUNUSDT,0.00138100,0.03067,2120.8545,1774033878176
binance,gate,FUNUSDT,0.00138100,0.03067,2120.8545,1774033878476
binance,gate,FUNUSDT,0.00138100,0.03067,2120.8545,1774033878777
binance,gate,FUNUSDT,0.00138100,0.03067,2120.8545,1774033879077
binance,gate,FUNUSDT,0.00138100,0.03067,2120.8545,1774033879377
binance,gate,FUNUSDT,0.00138100,0.03067,2120.8545,1774033879677
binance,gate,FUNUSDT,0.00138100,0.03067,2120.8545,1774033879978
binance,gate,FUNUSDT,0.00138100,0.03067,2120.8545,1774033880278
binance,gate,FUNUSDT,0.00138100,0.03067,2120.8545,1774033880578
binance,gate,FUNUSDT,0.00138100,0.03067,2120.8545,1774033880879
binance,gate,FUNUSDT,0.00138100,0.03067,2120.8545,1774033881180
binance,gate,FUNUSDT,0.00138100,0.03067,2120.8545,1774033881480
binance,gate,FUNUSDT,0.00138100,0.03067,2120.8545,1774033881780
binance,gate,FUNUSDT,0.00138100,0.03067,2120.8545,1774033882080
binance,gate,FUNUSDT,0.00138100,0.03067,2120.8545,1774033882381
binance,gate,FUNUSDT,0.00138100,0.03067,2120.8545,1774033882681
binance,gate,FUNUSDT,0.00138100,0.03067,2120.8545,1774033882981
binance,gate,FUNUSDT,0.00138100,0.03067,2120.8545,1774033883282
binance,gate,FUNUSDT,0.00138100,0.03067,2120.8545,1774033883582
binance,gate,FUNUSDT,0.00138100,0.03067,2120.8545,1774033883882
binance,gate,FUNUSDT,0.00138100,0.03067,2120.8545,1774033884182
binance,gate,FUNUSDT,0.00138100,0.03067,2120.8545,1774033884483
binance,gate,FUNUSDT,0.00138100,0.03067,2120.8545,1774033884783
binance,gate,FUNUSDT,0.00138100,0.03067,2120.8545,1774033885083
binance,gate,FUNUSDT,0.00138100,0.03067,2120.8545,1774033885383
binance,gate,FUNUSDT,0.00138100,0.03067,2120.8545,1774033885684
binance,gate,FUNUSDT,0.00138100,0.03067,2120.8545,1774033885984
binance,gate,FUNUSDT,0.00138100,0.03067,2120.8545,1774033886284
binance,gate,FUNUSDT,0.00138100,0.03067,2120.8545,1774033886584
binance,gate,FUNUSDT,0.00138100,0.03067,2120.8545,1774033886885
binance,gate,FUNUSDT,0.00138100,0.03067,2120.8545,1774033887185
binance,gate,FUNUSDT,0.00138100,0.03067,2120.8545,1774033887485
binance,gate,FUNUSDT,0.00138100,0.03067,2120.8545,1774033887785
binance,gate,FUNUSDT,0.00138100,0.03067,2120.8545,1774033888085
binance,gate,FUNUSDT,0.00138100,0.03067,2120.8545,1774033888386
binance,gate,FUNUSDT,0.00138100,0.03067,2120.8545,1774033888686
binance,gate,FUNUSDT,0.00138100,0.03067,2120.8545,1774033888986
binance,gate,FUNUSDT,0.00138100,0.03067,2120.8545,1774033889286
binance,gate,FUNUSDT,0.00138100,0.03067,2120.8545,1774033889587
binance,gate,FUNUSDT,0.00138100,0.03067,2120.8545,1774033889888
binance,gate,FUNUSDT,0.00138100,0.03067,2120.8545,1774033890188
binance,gate,FUNUSDT,0.00138100,0.03067,2120.8545,1774033890488
binance,gate,FUNUSDT,0.00138100,0.03067,2120.8545,1774033890788
binance,gate,FUNUSDT,0.00138100,0.03067,2120.8545,1774033891088
binance,gate,FUNUSDT,0.00138100,0.03067,2120.8545,1774033891388
binance,gate,FUNUSDT,0.00138100,0.03067,2120.8545,1774033891689
binance,gate,FUNUSDT,0.00138000,0.03067,2122.4638,1774033891989
binance,gate,FUNUSDT,0.00138000,0.03067,2122.4638,1774033892289
binance,gate,FUNUSDT,0.00138000,0.03067,2122.4638,1774033892589
binance,gate,FUNUSDT,0.00138000,0.03067,2122.4638,1774033892890
binance,gate,FUNUSDT,0.00138000,0.03067,2122.4638,1774033893190
binance,gate,FUNUSDT,0.00138000,0.03064,2120.2899,1774033893491
binance,gate,FUNUSDT,0.00138000,0.03064,2120.2899,1774033893791
binance,gate,FUNUSDT,0.00138100,0.03064,2118.6821,1774033894092
binance,gate,FUNUSDT,0.00138100,0.03064,2118.6821,1774033894393
binance,gate,FUNUSDT,0.00138100,0.03064,2118.6821,1774033894693
binance,gate,FUNUSDT,0.00138100,0.03064,2118.6821,1774033894999
binance,gate,FUNUSDT,0.00138100,0.03064,2118.6821,1774033895299
binance,gate,FUNUSDT,0.00138100,0.03064,2118.6821,1774033895599
binance,gate,FUNUSDT,0.00138100,0.03064,2118.6821,1774033895900
binance,gate,FUNUSDT,0.00138100,0.03064,2118.6821,1774033896200
binance,gate,FUNUSDT,0.00138100,0.03064,2118.6821,1774033896500
binance,gate,FUNUSDT,0.00138100,0.03064,2118.6821,1774033896800
binance,gate,FUNUSDT,0.00138100,0.03064,2118.6821,1774033897100
binance,gate,FUNUSDT,0.00138100,0.03064,2118.6821,1774033897400
binance,gate,FUNUSDT,0.00138100,0.03064,2118.6821,1774033897701
binance,gate,FUNUSDT,0.00138100,0.03064,2118.6821,1774033898001
binance,gate,FUNUSDT,0.00138100,0.03064,2118.6821,1774033898301
binance,gate,FUNUSDT,0.00138100,0.03064,2118.6821,1774033898602
binance,gate,FUNUSDT,0.00138100,0.03064,2118.6821,1774033898902
binance,gate,FUNUSDT,0.00138100,0.03064,2118.6821,1774033899202
binance,gate,FUNUSDT,0.00138100,0.03064,2118.6821,1774033899503
binance,gate,FUNUSDT,0.00138100,0.03064,2118.6821,1774033899803
binance,gate,FUNUSDT,0.00138100,0.03064,2118.6821,1774033900104
binance,gate,FUNUSDT,0.00138100,0.03064,2118.6821,1774033900404
binance,gate,FUNUSDT,0.00138100,0.03064,2118.6821,1774033900704
binance,gate,FUNUSDT,0.00138100,0.03064,2118.6821,1774033901005
binance,gate,FUNUSDT,0.00138100,0.03064,2118.6821,1774033901306
binance,gate,FUNUSDT,0.00138100,0.03064,2118.6821,1774033901606
binance,gate,FUNUSDT,0.00138100,0.03064,2118.6821,1774033901907
binance,gate,FUNUSDT,0.00138100,0.03064,2118.6821,1774033902208
binance,gate,FUNUSDT,0.00138100,0.03064,2118.6821,1774033902508
binance,gate,FUNUSDT,0.00138100,0.03064,2118.6821,1774033902808
binance,gate,FUNUSDT,0.00138100,0.03064,2118.6821,1774033903109
binance,gate,FUNUSDT,0.00138100,0.03064,2118.6821,1774033903409
binance,gate,FUNUSDT,0.00138100,0.03064,2118.6821,1774033903709
binance,gate,FUNUSDT,0.00138100,0.03064,2118.6821,1774033904009
binance,gate,FUNUSDT,0.00138100,0.03064,2118.6821,1774033904309
binance,gate,FUNUSDT,0.00138100,0.03064,2118.6821,1774033904609
binance,gate,FUNUSDT,0.00138100,0.03067,2120.8545,1774033904910
binance,gate,FUNUSDT,0.00138100,0.03067,2120.8545,1774033905210
binance,gate,FUNUSDT,0.00138100,0.03067,2120.8545,1774033905510
binance,gate,FUNUSDT,0.00138100,0.03067,2120.8545,1774033905811
binance,gate,FUNUSDT,0.00138100,0.03067,2120.8545,1774033906112
binance,gate,FUNUSDT,0.00138100,0.03067,2120.8545,1774033906412
binance,gate,FUNUSDT,0.00138100,0.03067,2120.8545,1774033906712
binance,gate,FUNUSDT,0.00138100,0.03067,2120.8545,1774033907012
binance,gate,FUNUSDT,0.00138100,0.03067,2120.8545,1774033907312
binance,gate,FUNUSDT,0.00138100,0.03067,2120.8545,1774033907613
binance,gate,FUNUSDT,0.00138100,0.03067,2120.8545,1774033907913
binance,gate,FUNUSDT,0.00138100,0.03067,2120.8545,1774033908214
binance,gate,FUNUSDT,0.00138100,0.03067,2120.8545,1774033908514
binance,gate,FUNUSDT,0.00138100,0.03067,2120.8545,1774033908814
binance,gate,FUNUSDT,0.00138100,0.03067,2120.8545,1774033909115
binance,gate,FUNUSDT,0.00138100,0.03067,2120.8545,1774033909415
binance,gate,FUNUSDT,0.00138100,0.03067,2120.8545,1774033909715
binance,gate,FUNUSDT,0.00138100,0.03067,2120.8545,1774033910016
binance,gate,FUNUSDT,0.00138100,0.03067,2120.8545,1774033910316
binance,gate,FUNUSDT,0.00138100,0.03067,2120.8545,1774033910617
binance,gate,FUNUSDT,0.00138100,0.03067,2120.8545,1774033910918
binance,gate,FUNUSDT,0.00138100,0.03067,2120.8545,1774033911218
binance,gate,FUNUSDT,0.00138100,0.03067,2120.8545,1774033911519
binance,gate,FUNUSDT,0.00138100,0.03067,2120.8545,1774033911819
binance,gate,FUNUSDT,0.00138100,0.03067,2120.8545,1774033912119
binance,gate,FUNUSDT,0.00138100,0.03067,2120.8545,1774033912420
binance,gate,FUNUSDT,0.00138100,0.03067,2120.8545,1774033912720
binance,gate,FUNUSDT,0.00138100,0.03067,2120.8545,1774033913020
binance,gate,FUNUSDT,0.00138100,0.03067,2120.8545,1774033913321
binance,gate,FUNUSDT,0.00138100,0.03067,2120.8545,1774033913622
binance,gate,FUNUSDT,0.00138100,0.03067,2120.8545,1774033913922
binance,gate,FUNUSDT,0.00138100,0.03067,2120.8545,1774033914222
binance,gate,FUNUSDT,0.00138100,0.03067,2120.8545,1774033914522
binance,gate,FUNUSDT,0.00138100,0.03067,2120.8545,1774033914822
binance,gate,FUNUSDT,0.00138100,0.03067,2120.8545,1774033915123
binance,gate,FUNUSDT,0.00138100,0.03067,2120.8545,1774033915423
binance,gate,FUNUSDT,0.00138100,0.03067,2120.8545,1774033915723
binance,gate,FUNUSDT,0.00138100,0.03067,2120.8545,1774033916023
binance,gate,FUNUSDT,0.00138100,0.03067,2120.8545,1774033916323
binance,gate,FUNUSDT,0.00138100,0.03067,2120.8545,1774033916624
binance,gate,FUNUSDT,0.00138100,0.03067,2120.8545,1774033916925
binance,gate,FUNUSDT,0.00138100,0.03067,2120.8545,1774033917225
binance,gate,FUNUSDT,0.00138100,0.03067,2120.8545,1774033917525
binance,gate,FUNUSDT,0.00138100,0.03067,2120.8545,1774033917825
binance,gate,FUNUSDT,0.00138100,0.03067,2120.8545,1774033918126
binance,gate,FUNUSDT,0.00138100,0.03067,2120.8545,1774033918427
binance,gate,FUNUSDT,0.00138100,0.03067,2120.8545,1774033918728
binance,gate,FUNUSDT,0.00138100,0.03067,2120.8545,1774033919028
binance,gate,FUNUSDT,0.00138100,0.03067,2120.8545,1774033919328
binance,gate,FUNUSDT,0.00138100,0.03067,2120.8545,1774033919628
binance,gate,FUNUSDT,0.00138100,0.03067,2120.8545,1774033919928
binance,gate,FUNUSDT,0.00138100,0.03067,2120.8545,1774033920229
binance,gate,FUNUSDT,0.00138100,0.03067,2120.8545,1774033920529
binance,gate,FUNUSDT,0.00138100,0.03067,2120.8545,1774033920829
binance,gate,FUNUSDT,0.00138100,0.03067,2120.8545,1774033921129
binance,gate,FUNUSDT,0.00138100,0.03067,2120.8545,1774033921429
binance,gate,FUNUSDT,0.00138100,0.03067,2120.8545,1774033921730
binance,gate,FUNUSDT,0.00138100,0.03067,2120.8545,1774033922030
binance,gate,FUNUSDT,0.00138100,0.03067,2120.8545,1774033922334
binance,gate,FUNUSDT,0.00138100,0.03067,2120.8545,1774033922634
binance,gate,FUNUSDT,0.00138100,0.03067,2120.8545,1774033922934
binance,gate,FUNUSDT,0.00138100,0.03067,2120.8545,1774033923235
binance,gate,FUNUSDT,0.00138100,0.03067,2120.8545,1774033923535
binance,gate,FUNUSDT,0.00138100,0.03067,2120.8545,1774033923836
binance,gate,FUNUSDT,0.00138100,0.03067,2120.8545,1774033924136
binance,gate,FUNUSDT,0.00138100,0.03067,2120.8545,1774033924436
binance,gate,FUNUSDT,0.00138100,0.03067,2120.8545,1774033924736
binance,gate,FUNUSDT,0.00138100,0.03067,2120.8545,1774033925037
binance,gate,FUNUSDT,0.00138100,0.03067,2120.8545,1774033925337
binance,gate,FUNUSDT,0.00138100,0.03067,2120.8545,1774033925637
binance,gate,FUNUSDT,0.00138100,0.03067,2120.8545,1774033925937
binance,gate,FUNUSDT,0.00138100,0.03067,2120.8545,1774033926238
binance,gate,FUNUSDT,0.00138100,0.03064,2118.6821,1774033926538
binance,gate,FUNUSDT,0.00138100,0.03064,2118.6821,1774033926838
binance,gate,FUNUSDT,0.00138100,0.03064,2118.6821,1774033927139
binance,gate,FUNUSDT,0.00138100,0.03064,2118.6821,1774033927439
binance,gate,FUNUSDT,0.00138100,0.03064,2118.6821,1774033927740
binance,gate,FUNUSDT,0.00138100,0.03064,2118.6821,1774033928040
binance,gate,FUNUSDT,0.00138100,0.03064,2118.6821,1774033928340
binance,gate,FUNUSDT,0.00138100,0.03064,2118.6821,1774033928640
binance,gate,FUNUSDT,0.00138100,0.03064,2118.6821,1774033928940
binance,gate,FUNUSDT,0.00138100,0.03064,2118.6821,1774033929241
binance,gate,FUNUSDT,0.00138100,0.03064,2118.6821,1774033929541
binance,gate,FUNUSDT,0.00138100,0.03064,2118.6821,1774033929841
binance,gate,FUNUSDT,0.00138100,0.03064,2118.6821,1774033930141
binance,gate,FUNUSDT,0.00138100,0.03064,2118.6821,1774033930442
binance,gate,FUNUSDT,0.00138100,0.03064,2118.6821,1774033930742
binance,gate,FUNUSDT,0.00138100,0.03064,2118.6821,1774033931042
binance,gate,FUNUSDT,0.00138100,0.03064,2118.6821,1774033931343
binance,gate,FUNUSDT,0.00138100,0.03064,2118.6821,1774033931643
binance,gate,FUNUSDT,0.00138100,0.03064,2118.6821,1774033931944
binance,gate,FUNUSDT,0.00138100,0.03064,2118.6821,1774033932244
binance,gate,FUNUSDT,0.00138100,0.03064,2118.6821,1774033932544
binance,gate,FUNUSDT,0.00138100,0.03064,2118.6821,1774033932845
binance,gate,FUNUSDT,0.00138100,0.03064,2118.6821,1774033933145
binance,gate,FUNUSDT,0.00138100,0.03064,2118.6821,1774033933445
binance,gate,FUNUSDT,0.00138100,0.03064,2118.6821,1774033933746
binance,gate,FUNUSDT,0.00138100,0.03064,2118.6821,1774033934047
binance,gate,FUNUSDT,0.00138100,0.03064,2118.6821,1774033934348
binance,gate,FUNUSDT,0.00138100,0.03064,2118.6821,1774033934648
binance,gate,FUNUSDT,0.00138100,0.03064,2118.6821,1774033934949
binance,gate,FUNUSDT,0.00138100,0.03064,2118.6821,1774033935249
binance,gate,FUNUSDT,0.00138100,0.03065,2119.4062,1774033935549
binance,gate,FUNUSDT,0.00138100,0.03065,2119.4062,1774033935850
binance,gate,FUNUSDT,0.00138100,0.03065,2119.4062,1774033936150
binance,gate,FUNUSDT,0.00138100,0.03065,2119.4062,1774033936450
binance,gate,FUNUSDT,0.00138100,0.03064,2118.6821,1774033936750
binance,gate,FUNUSDT,0.00138100,0.03064,2118.6821,1774033937050
binance,gate,FUNUSDT,0.00138100,0.03064,2118.6821,1774033937350
binance,gate,FUNUSDT,0.00138100,0.03064,2118.6821,1774033937650
binance,gate,FUNUSDT,0.00138100,0.03064,2118.6821,1774033937950
binance,gate,FUNUSDT,0.00138100,0.03064,2118.6821,1774033938251
binance,gate,FUNUSDT,0.00138100,0.03064,2118.6821,1774033938551
binance,gate,FUNUSDT,0.00138100,0.03064,2118.6821,1774033938851
binance,gate,FUNUSDT,0.00138100,0.03064,2118.6821,1774033939152
binance,gate,FUNUSDT,0.00138100,0.03064,2118.6821,1774033939452
binance,gate,FUNUSDT,0.00138100,0.03064,2118.6821,1774033939752
binance,gate,FUNUSDT,0.00138100,0.03064,2118.6821,1774033940052
binance,gate,FUNUSDT,0.00138100,0.03064,2118.6821,1774033940352
binance,gate,FUNUSDT,0.00138100,0.03064,2118.6821,1774033940653
binance,gate,FUNUSDT,0.00138100,0.03064,2118.6821,1774033940954
binance,gate,FUNUSDT,0.00138100,0.03064,2118.6821,1774033941254
binance,gate,FUNUSDT,0.00138100,0.03064,2118.6821,1774033941555
binance,gate,FUNUSDT,0.00138100,0.03064,2118.6821,1774033941855
binance,gate,FUNUSDT,0.00138100,0.03064,2118.6821,1774033942155
binance,gate,FUNUSDT,0.00138100,0.03064,2118.6821,1774033942455
binance,gate,FUNUSDT,0.00138100,0.03064,2118.6821,1774033942755
binance,gate,FUNUSDT,0.00138100,0.03067,2120.8545,1774033943056
binance,gate,FUNUSDT,0.00138100,0.03067,2120.8545,1774033943356
binance,gate,FUNUSDT,0.00138100,0.03067,2120.8545,1774033943656
binance,gate,FUNUSDT,0.00138100,0.03067,2120.8545,1774033943957
binance,gate,FUNUSDT,0.00138100,0.03067,2120.8545,1774033944257
binance,gate,FUNUSDT,0.00138100,0.03067,2120.8545,1774033944558
binance,gate,FUNUSDT,0.00138100,0.03067,2120.8545,1774033944858
binance,gate,FUNUSDT,0.00138100,0.03067,2120.8545,1774033945158
binance,gate,FUNUSDT,0.00138100,0.03067,2120.8545,1774033945458
binance,gate,FUNUSDT,0.00138100,0.03067,2120.8545,1774033945758
binance,gate,FUNUSDT,0.00138100,0.03067,2120.8545,1774033946059
binance,gate,FUNUSDT,0.00138100,0.03067,2120.8545,1774033946359
binance,gate,FUNUSDT,0.00138100,0.03067,2120.8545,1774033946660
binance,gate,FUNUSDT,0.00138100,0.03067,2120.8545,1774033946960
binance,gate,FUNUSDT,0.00138100,0.03067,2120.8545,1774033947260
binance,gate,FUNUSDT,0.00138100,0.03067,2120.8545,1774033947561
binance,gate,FUNUSDT,0.00138100,0.03067,2120.8545,1774033947862
binance,gate,FUNUSDT,0.00138100,0.03067,2120.8545,1774033948162
binance,gate,FUNUSDT,0.00138100,0.03067,2120.8545,1774033948463
binance,gate,FUNUSDT,0.00138100,0.03067,2120.8545,1774033948763
binance,gate,FUNUSDT,0.00138100,0.03067,2120.8545,1774033949063
binance,gate,FUNUSDT,0.00138100,0.03067,2120.8545,1774033949363
binance,gate,FUNUSDT,0.00138100,0.03067,2120.8545,1774033949663
binance,gate,FUNUSDT,0.00138100,0.03067,2120.8545,1774033949963
binance,gate,FUNUSDT,0.00138100,0.03067,2120.8545,1774033950264
binance,gate,FUNUSDT,0.00138100,0.03067,2120.8545,1774033950564
binance,gate,FUNUSDT,0.00138100,0.03067,2120.8545,1774033950865
binance,gate,FUNUSDT,0.00138100,0.03067,2120.8545,1774033951165
binance,gate,FUNUSDT,0.00138100,0.03067,2120.8545,1774033951465
binance,gate,FUNUSDT,0.00138100,0.03067,2120.8545,1774033951766
binance,gate,FUNUSDT,0.00138100,0.03067,2120.8545,1774033952066
binance,gate,FUNUSDT,0.00138100,0.03067,2120.8545,1774033952366
binance,gate,FUNUSDT,0.00138100,0.03067,2120.8545,1774033952666
binance,gate,FUNUSDT,0.00138100,0.03067,2120.8545,1774033952966
binance,gate,FUNUSDT,0.00138100,0.03067,2120.8545,1774033953266
binance,gate,FUNUSDT,0.00138100,0.03067,2120.8545,1774033953567
binance,gate,FUNUSDT,0.00138100,0.03067,2120.8545,1774033953867
binance,gate,FUNUSDT,0.00138100,0.03067,2120.8545,1774033954168
binance,gate,FUNUSDT,0.00138100,0.03067,2120.8545,1774033954468
binance,gate,FUNUSDT,0.00138100,0.03067,2120.8545,1774033954768
binance,gate,FUNUSDT,0.00138100,0.03067,2120.8545,1774033955068
binance,gate,FUNUSDT,0.00138100,0.03067,2120.8545,1774033955369
binance,gate,FUNUSDT,0.00138100,0.03067,2120.8545,1774033955669
binance,gate,FUNUSDT,0.00138100,0.03067,2120.8545,1774033955969
binance,gate,FUNUSDT,0.00138100,0.03067,2120.8545,1774033956269
binance,gate,FUNUSDT,0.00138100,0.03067,2120.8545,1774033956576
binance,gate,FUNUSDT,0.00138100,0.03067,2120.8545,1774033956877
binance,gate,FUNUSDT,0.00138100,0.03067,2120.8545,1774033957177
binance,gate,FUNUSDT,0.00138100,0.03067,2120.8545,1774033957477
binance,gate,FUNUSDT,0.00138100,0.03067,2120.8545,1774033957777
binance,gate,FUNUSDT,0.00138100,0.03067,2120.8545,1774033958077
binance,gate,FUNUSDT,0.00138100,0.03067,2120.8545,1774033958377
binance,gate,FUNUSDT,0.00138100,0.03067,2120.8545,1774033958678
binance,gate,FUNUSDT,0.00138100,0.03067,2120.8545,1774033958978
binance,gate,FUNUSDT,0.00138100,0.03067,2120.8545,1774033959279
binance,gate,FUNUSDT,0.00138100,0.03067,2120.8545,1774033959580
binance,gate,FUNUSDT,0.00138100,0.03067,2120.8545,1774033959880
binance,gate,FUNUSDT,0.00138100,0.03067,2120.8545,1774033960180
binance,gate,FUNUSDT,0.00138100,0.03067,2120.8545,1774033960481
binance,gate,FUNUSDT,0.00138100,0.03067,2120.8545,1774033960781
binance,gate,FUNUSDT,0.00138100,0.03067,2120.8545,1774033961081
binance,gate,FUNUSDT,0.00138100,0.03067,2120.8545,1774033961381
binance,gate,FUNUSDT,0.00138100,0.03067,2120.8545,1774033961682
binance,gate,FUNUSDT,0.00138100,0.03067,2120.8545,1774033961983
binance,gate,FUNUSDT,0.00138100,0.03067,2120.8545,1774033962283
binance,gate,FUNUSDT,0.00138100,0.03067,2120.8545,1774033962583
binance,gate,FUNUSDT,0.00138100,0.03067,2120.8545,1774033962884
binance,gate,FUNUSDT,0.00138100,0.03067,2120.8545,1774033963184
binance,gate,FUNUSDT,0.00138100,0.03067,2120.8545,1774033963485
binance,gate,FUNUSDT,0.00138100,0.03067,2120.8545,1774033963785
binance,gate,FUNUSDT,0.00138100,0.03067,2120.8545,1774033964086
binance,gate,FUNUSDT,0.00138100,0.03067,2120.8545,1774033964386
binance,gate,FUNUSDT,0.00138000,0.03067,2122.4638,1774033964686
binance,gate,FUNUSDT,0.00138000,0.03067,2122.4638,1774033964987
binance,gate,FUNUSDT,0.00138000,0.03067,2122.4638,1774033965287
binance,gate,FUNUSDT,0.00138000,0.03067,2122.4638,1774033965587
binance,gate,FUNUSDT,0.00138000,0.03067,2122.4638,1774033965888
binance,gate,FUNUSDT,0.00138000,0.03067,2122.4638,1774033966188
binance,gate,FUNUSDT,0.00138000,0.03067,2122.4638,1774033966488
binance,gate,FUNUSDT,0.00138000,0.03067,2122.4638,1774033966788
binance,gate,FUNUSDT,0.00138000,0.03067,2122.4638,1774033967089
binance,gate,FUNUSDT,0.00138000,0.03067,2122.4638,1774033967390
binance,gate,FUNUSDT,0.00138000,0.03067,2122.4638,1774033967690
binance,gate,FUNUSDT,0.00138000,0.03067,2122.4638,1774033967990
binance,gate,FUNUSDT,0.00138000,0.03067,2122.4638,1774033968291
binance,gate,FUNUSDT,0.00138000,0.03067,2122.4638,1774033968591
binance,gate,FUNUSDT,0.00138000,0.03067,2122.4638,1774033968892
binance,gate,FUNUSDT,0.00138000,0.03067,2122.4638,1774033969192
binance,gate,FUNUSDT,0.00138000,0.03067,2122.4638,1774033969492
binance,gate,FUNUSDT,0.00138000,0.03067,2122.4638,1774033969793
binance,gate,FUNUSDT,0.00138000,0.03067,2122.4638,1774033970093
binance,gate,FUNUSDT,0.00138000,0.03067,2122.4638,1774033970393
binance,gate,FUNUSDT,0.00138000,0.03067,2122.4638,1774033970693
binance,gate,FUNUSDT,0.00138000,0.03067,2122.4638,1774033970993
binance,gate,FUNUSDT,0.00138000,0.03067,2122.4638,1774033971293
binance,gate,FUNUSDT,0.00138000,0.03067,2122.4638,1774033971594
binance,gate,FUNUSDT,0.00138000,0.03067,2122.4638,1774033971894
binance,gate,FUNUSDT,0.00138000,0.03067,2122.4638,1774033972194
binance,gate,FUNUSDT,0.00138000,0.03067,2122.4638,1774033972494
binance,gate,FUNUSDT,0.00138000,0.03067,2122.4638,1774033972795
binance,gate,FUNUSDT,0.00138000,0.03067,2122.4638,1774033973096
binance,gate,FUNUSDT,0.00138000,0.03067,2122.4638,1774033973397
binance,gate,FUNUSDT,0.00138000,0.03067,2122.4638,1774033973698
binance,gate,FUNUSDT,0.00138000,0.03067,2122.4638,1774033973998
binance,gate,FUNUSDT,0.00138000,0.03067,2122.4638,1774033974299
binance,gate,FUNUSDT,0.00138000,0.03067,2122.4638,1774033974599
binance,gate,FUNUSDT,0.00138000,0.03067,2122.4638,1774033974899
binance,gate,FUNUSDT,0.00138000,0.03067,2122.4638,1774033975201
binance,gate,FUNUSDT,0.00138000,0.03067,2122.4638,1774033975501
binance,gate,FUNUSDT,0.00138000,0.03067,2122.4638,1774033975801
binance,gate,FUNUSDT,0.00138000,0.03067,2122.4638,1774033976101
binance,gate,FUNUSDT,0.00138000,0.03067,2122.4638,1774033976402
binance,gate,FUNUSDT,0.00138000,0.03067,2122.4638,1774033976702
binance,gate,FUNUSDT,0.00138100,0.03067,2120.8545,1774033977003
binance,gate,FUNUSDT,0.00138100,0.03067,2120.8545,1774033977303
binance,gate,FUNUSDT,0.00138100,0.03067,2120.8545,1774033977603
binance,gate,FUNUSDT,0.00138100,0.03067,2120.8545,1774033977903
binance,gate,FUNUSDT,0.00138100,0.03067,2120.8545,1774033978203
binance,gate,FUNUSDT,0.00138100,0.03067,2120.8545,1774033978504
binance,gate,FUNUSDT,0.00138100,0.03067,2120.8545,1774033978804
binance,gate,FUNUSDT,0.00138100,0.03067,2120.8545,1774033979104
binance,gate,FUNUSDT,0.00138100,0.03067,2120.8545,1774033979405
binance,gate,FUNUSDT,0.00138100,0.03067,2120.8545,1774033979705
binance,gate,FUNUSDT,0.00138100,0.03064,2118.6821,1774033980005
binance,gate,FUNUSDT,0.00138100,0.03064,2118.6821,1774033980305
binance,gate,FUNUSDT,0.00138100,0.03064,2118.6821,1774033980605
binance,gate,FUNUSDT,0.00138100,0.03064,2118.6821,1774033980905
binance,gate,FUNUSDT,0.00138100,0.03064,2118.6821,1774033981205
binance,gate,FUNUSDT,0.00138100,0.03064,2118.6821,1774033981506
binance,gate,FUNUSDT,0.00138100,0.03064,2118.6821,1774033981806
binance,gate,FUNUSDT,0.00138100,0.03064,2118.6821,1774033982106
binance,gate,FUNUSDT,0.00138100,0.03064,2118.6821,1774033982406
binance,gate,FUNUSDT,0.00138100,0.03064,2118.6821,1774033982706
binance,gate,FUNUSDT,0.00138100,0.03064,2118.6821,1774033983007
binance,gate,FUNUSDT,0.00138100,0.03064,2118.6821,1774033983308
binance,gate,FUNUSDT,0.00138100,0.03064,2118.6821,1774033983608
binance,gate,FUNUSDT,0.00138100,0.03064,2118.6821,1774033983908
binance,gate,FUNUSDT,0.00138100,0.03064,2118.6821,1774033984208
binance,gate,FUNUSDT,0.00138100,0.03064,2118.6821,1774033984509
binance,gate,FUNUSDT,0.00138100,0.03064,2118.6821,1774033984809
binance,gate,FUNUSDT,0.00138100,0.03064,2118.6821,1774033985109
binance,gate,FUNUSDT,0.00138100,0.03064,2118.6821,1774033985409
binance,gate,FUNUSDT,0.00138100,0.03064,2118.6821,1774033985710
binance,gate,FUNUSDT,0.00138100,0.03064,2118.6821,1774033986010
binance,gate,FUNUSDT,0.00138100,0.03064,2118.6821,1774033986310
binance,gate,FUNUSDT,0.00138100,0.03064,2118.6821,1774033986611
binance,gate,FUNUSDT,0.00138100,0.03064,2118.6821,1774033986911
binance,gate,FUNUSDT,0.00138100,0.03064,2118.6821,1774033987212
binance,gate,FUNUSDT,0.00138100,0.03064,2118.6821,1774033987512
binance,gate,FUNUSDT,0.00138100,0.03064,2118.6821,1774033987812
binance,gate,FUNUSDT,0.00138100,0.03064,2118.6821,1774033988113
binance,gate,FUNUSDT,0.00138100,0.03064,2118.6821,1774033988413
binance,gate,FUNUSDT,0.00138100,0.03064,2118.6821,1774033988713
binance,gate,FUNUSDT,0.00138100,0.03064,2118.6821,1774033989013
binance,gate,FUNUSDT,0.00138100,0.03064,2118.6821,1774033989313
binance,gate,FUNUSDT,0.00138100,0.03064,2118.6821,1774033989614
binance,gate,FUNUSDT,0.00138100,0.03064,2118.6821,1774033989914
binance,gate,FUNUSDT,0.00138100,0.03064,2118.6821,1774033990214
binance,gate,FUNUSDT,0.00138100,0.03064,2118.6821,1774033990514
binance,gate,FUNUSDT,0.00138100,0.03064,2118.6821,1774033990814
binance,gate,FUNUSDT,0.00138100,0.03064,2118.6821,1774033991115
binance,gate,FUNUSDT,0.00138100,0.03064,2118.6821,1774033991416
binance,gate,FUNUSDT,0.00138100,0.03064,2118.6821,1774033991717
binance,gate,FUNUSDT,0.00138100,0.03064,2118.6821,1774033992018
binance,gate,FUNUSDT,0.00138100,0.03064,2118.6821,1774033992319
binance,gate,FUNUSDT,0.00138100,0.03064,2118.6821,1774033992619
binance,gate,FUNUSDT,0.00138100,0.03064,2118.6821,1774033992920
binance,gate,FUNUSDT,0.00138100,0.03064,2118.6821,1774033993220
binance,gate,FUNUSDT,0.00138100,0.03064,2118.6821,1774033993520
binance,gate,FUNUSDT,0.00138100,0.03064,2118.6821,1774033993820
binance,gate,FUNUSDT,0.00138100,0.03064,2118.6821,1774033994120
binance,gate,FUNUSDT,0.00138100,0.03064,2118.6821,1774033994421
binance,gate,FUNUSDT,0.00138100,0.03064,2118.6821,1774033994721
binance,gate,FUNUSDT,0.00138100,0.03064,2118.6821,1774033995021
binance,gate,FUNUSDT,0.00138100,0.03064,2118.6821,1774033995321
binance,gate,FUNUSDT,0.00138100,0.03064,2118.6821,1774033995622
binance,gate,FUNUSDT,0.00138100,0.03064,2118.6821,1774033995922
binance,gate,FUNUSDT,0.00138100,0.03064,2118.6821,1774033996223
binance,gate,FUNUSDT,0.00138100,0.03064,2118.6821,1774033996523
binance,gate,FUNUSDT,0.00138100,0.03064,2118.6821,1774033996823
binance,gate,FUNUSDT,0.00138100,0.03064,2118.6821,1774033997123
binance,gate,FUNUSDT,0.00138100,0.03064,2118.6821,1774033997423
binance,gate,FUNUSDT,0.00138100,0.03064,2118.6821,1774033997724
binance,gate,FUNUSDT,0.00138100,0.03064,2118.6821,1774033998024
binance,gate,FUNUSDT,0.00138100,0.03064,2118.6821,1774033998325
binance,gate,FUNUSDT,0.00138100,0.03064,2118.6821,1774033998625
binance,gate,FUNUSDT,0.00138100,0.03064,2118.6821,1774033998926
binance,gate,FUNUSDT,0.00138100,0.03064,2118.6821,1774033999226
binance,gate,FUNUSDT,0.00138100,0.03064,2118.6821,1774033999527
binance,gate,FUNUSDT,0.00138100,0.03064,2118.6821,1774033999827
binance,gate,FUNUSDT,0.00138100,0.03064,2118.6821,1774034000127
binance,gate,FUNUSDT,0.00138100,0.03064,2118.6821,1774034000428
binance,gate,FUNUSDT,0.00138100,0.03064,2118.6821,1774034000728
binance,gate,FUNUSDT,0.00138100,0.03064,2118.6821,1774034001028
binance,gate,FUNUSDT,0.00138100,0.03064,2118.6821,1774034001328
binance,gate,FUNUSDT,0.00138100,0.03064,2118.6821,1774034001629
binance,gate,FUNUSDT,0.00138100,0.03064,2118.6821,1774034001930
binance,gate,FUNUSDT,0.00138100,0.03064,2118.6821,1774034002230
binance,gate,FUNUSDT,0.00138100,0.03064,2118.6821,1774034002531
binance,gate,FUNUSDT,0.00138100,0.03064,2118.6821,1774034002831
binance,gate,FUNUSDT,0.00138100,0.03064,2118.6821,1774034003132
binance,gate,FUNUSDT,0.00138100,0.03064,2118.6821,1774034003432
binance,gate,FUNUSDT,0.00138100,0.03064,2118.6821,1774034003732
binance,gate,FUNUSDT,0.00138100,0.03064,2118.6821,1774034004032
binance,gate,FUNUSDT,0.00138100,0.03064,2118.6821,1774034004333
binance,gate,FUNUSDT,0.00138100,0.03064,2118.6821,1774034004633
binance,gate,FUNUSDT,0.00138100,0.03064,2118.6821,1774034004934
binance,gate,FUNUSDT,0.00138100,0.03064,2118.6821,1774034005234
binance,gate,FUNUSDT,0.00138100,0.03064,2118.6821,1774034005535
binance,gate,FUNUSDT,0.00138100,0.03064,2118.6821,1774034005835
binance,gate,FUNUSDT,0.00138100,0.03064,2118.6821,1774034006136
binance,gate,FUNUSDT,0.00138100,0.03064,2118.6821,1774034006436
binance,gate,FUNUSDT,0.00138100,0.03064,2118.6821,1774034006736
binance,gate,FUNUSDT,0.00138100,0.03064,2118.6821,1774034007041
binance,gate,FUNUSDT,0.00138100,0.03064,2118.6821,1774034007341
binance,gate,FUNUSDT,0.00138100,0.03064,2118.6821,1774034007642
binance,gate,FUNUSDT,0.00138100,0.03064,2118.6821,1774034007942
binance,gate,FUNUSDT,0.00138100,0.03064,2118.6821,1774034008243
binance,gate,FUNUSDT,0.00138100,0.03064,2118.6821,1774034008543
binance,gate,FUNUSDT,0.00138100,0.03064,2118.6821,1774034008844
binance,gate,FUNUSDT,0.00138100,0.03064,2118.6821,1774034009144
binance,gate,FUNUSDT,0.00138100,0.03064,2118.6821,1774034009444
binance,gate,FUNUSDT,0.00138100,0.03064,2118.6821,1774034009745
binance,gate,FUNUSDT,0.00138100,0.03064,2118.6821,1774034010046
binance,gate,FUNUSDT,0.00138100,0.03064,2118.6821,1774034010346
binance,gate,FUNUSDT,0.00138100,0.03064,2118.6821,1774034010646
binance,gate,FUNUSDT,0.00138100,0.03064,2118.6821,1774034010947
binance,gate,FUNUSDT,0.00138100,0.03064,2118.6821,1774034011247
binance,gate,FUNUSDT,0.00138100,0.03064,2118.6821,1774034011547
binance,gate,FUNUSDT,0.00138100,0.03064,2118.6821,1774034011847
binance,gate,FUNUSDT,0.00138100,0.03067,2120.8545,1774034012147
binance,gate,FUNUSDT,0.00138100,0.03067,2120.8545,1774034012448
binance,gate,FUNUSDT,0.00138100,0.03067,2120.8545,1774034012748
binance,gate,FUNUSDT,0.00138100,0.03067,2120.8545,1774034013048
binance,gate,FUNUSDT,0.00138100,0.03067,2120.8545,1774034013348
binance,gate,FUNUSDT,0.00138100,0.03067,2120.8545,1774034013648
binance,gate,FUNUSDT,0.00138100,0.03067,2120.8545,1774034013949
binance,gate,FUNUSDT,0.00138100,0.03067,2120.8545,1774034014249
binance,gate,FUNUSDT,0.00138100,0.03067,2120.8545,1774034014550
binance,gate,FUNUSDT,0.00138100,0.03067,2120.8545,1774034014850
binance,gate,FUNUSDT,0.00138100,0.03067,2120.8545,1774034015150
binance,gate,FUNUSDT,0.00138100,0.03067,2120.8545,1774034015451
binance,gate,FUNUSDT,0.00138100,0.03067,2120.8545,1774034015751
binance,gate,FUNUSDT,0.00138100,0.03067,2120.8545,1774034016051
binance,gate,FUNUSDT,0.00138100,0.03067,2120.8545,1774034016351
binance,gate,FUNUSDT,0.00138100,0.03067,2120.8545,1774034016651
binance,gate,FUNUSDT,0.00138100,0.03067,2120.8545,1774034016951
binance,gate,FUNUSDT,0.00138100,0.03067,2120.8545,1774034017252
binance,gate,FUNUSDT,0.00138100,0.03067,2120.8545,1774034017552
binance,gate,FUNUSDT,0.00138100,0.03067,2120.8545,1774034017852
binance,gate,FUNUSDT,0.00138100,0.03067,2120.8545,1774034018152
binance,gate,FUNUSDT,0.00138100,0.03067,2120.8545,1774034018452
binance,gate,FUNUSDT,0.00138100,0.03067,2120.8545,1774034018753
binance,gate,FUNUSDT,0.00138100,0.03067,2120.8545,1774034019054
binance,gate,FUNUSDT,0.00138100,0.03067,2120.8545,1774034019354
binance,gate,FUNUSDT,0.00138100,0.03067,2120.8545,1774034019654
binance,gate,FUNUSDT,0.00138100,0.03067,2120.8545,1774034019955
binance,gate,FUNUSDT,0.00138100,0.03067,2120.8545,1774034020256
binance,gate,FUNUSDT,0.00138100,0.03067,2120.8545,1774034020556
binance,gate,FUNUSDT,0.00138100,0.03067,2120.8545,1774034020857
binance,gate,FUNUSDT,0.00138100,0.03067,2120.8545,1774034021157
binance,gate,FUNUSDT,0.00138100,0.03067,2120.8545,1774034021458
binance,gate,FUNUSDT,0.00138100,0.03067,2120.8545,1774034021758
binance,gate,FUNUSDT,0.00138100,0.03067,2120.8545,1774034022059
binance,gate,FUNUSDT,0.00138100,0.03067,2120.8545,1774034022359
binance,gate,FUNUSDT,0.00138100,0.03067,2120.8545,1774034022659
binance,gate,FUNUSDT,0.00138100,0.03067,2120.8545,1774034022959
binance,gate,FUNUSDT,0.00138100,0.03067,2120.8545,1774034023260
binance,gate,FUNUSDT,0.00138100,0.03067,2120.8545,1774034023560
binance,gate,FUNUSDT,0.00138100,0.03067,2120.8545,1774034023860
binance,gate,FUNUSDT,0.00138100,0.03067,2120.8545,1774034024161
binance,gate,FUNUSDT,0.00138100,0.03067,2120.8545,1774034024461
binance,gate,FUNUSDT,0.00138100,0.03067,2120.8545,1774034024762
binance,gate,FUNUSDT,0.00138100,0.03067,2120.8545,1774034025062
binance,gate,FUNUSDT,0.00138100,0.03067,2120.8545,1774034025363
binance,gate,FUNUSDT,0.00138100,0.03067,2120.8545,1774034025663
binance,gate,FUNUSDT,0.00138100,0.03067,2120.8545,1774034025963
binance,gate,FUNUSDT,0.00138100,0.03067,2120.8545,1774034026263
binance,gate,FUNUSDT,0.00138100,0.03067,2120.8545,1774034026564
binance,gate,FUNUSDT,0.00138100,0.03067,2120.8545,1774034026864
binance,gate,FUNUSDT,0.00138100,0.03067,2120.8545,1774034027164
binance,gate,FUNUSDT,0.00138100,0.03067,2120.8545,1774034027464
binance,gate,FUNUSDT,0.00138100,0.03067,2120.8545,1774034027765
binance,gate,FUNUSDT,0.00138100,0.03067,2120.8545,1774034028065
binance,gate,FUNUSDT,0.00138100,0.03067,2120.8545,1774034028366
binance,gate,FUNUSDT,0.00138100,0.03067,2120.8545,1774034028666
binance,gate,FUNUSDT,0.00138100,0.03067,2120.8545,1774034028966
binance,gate,FUNUSDT,0.00138100,0.03067,2120.8545,1774034029267
binance,gate,FUNUSDT,0.00138100,0.03067,2120.8545,1774034029567
binance,gate,FUNUSDT,0.00138100,0.03067,2120.8545,1774034029868
binance,gate,FUNUSDT,0.00138100,0.03067,2120.8545,1774034030168
binance,gate,FUNUSDT,0.00138100,0.03067,2120.8545,1774034030468
binance,gate,FUNUSDT,0.00138100,0.03067,2120.8545,1774034030769
binance,gate,FUNUSDT,0.00138100,0.03067,2120.8545,1774034031069
binance,gate,FUNUSDT,0.00138100,0.03067,2120.8545,1774034031370
binance,gate,FUNUSDT,0.00138100,0.03067,2120.8545,1774034031670
binance,gate,FUNUSDT,0.00138100,0.03067,2120.8545,1774034031970
binance,gate,FUNUSDT,0.00138100,0.03067,2120.8545,1774034032274
binance,gate,FUNUSDT,0.00138100,0.03067,2120.8545,1774034032574
binance,gate,FUNUSDT,0.00138100,0.03067,2120.8545,1774034032874
binance,gate,FUNUSDT,0.00138100,0.03067,2120.8545,1774034033175
binance,gate,FUNUSDT,0.00138100,0.03067,2120.8545,1774034033475
binance,gate,FUNUSDT,0.00138100,0.03067,2120.8545,1774034033775
binance,gate,FUNUSDT,0.00138100,0.03067,2120.8545,1774034034075
binance,gate,FUNUSDT,0.00138100,0.03067,2120.8545,1774034034375
binance,gate,FUNUSDT,0.00138100,0.03067,2120.8545,1774034034675
binance,gate,FUNUSDT,0.00138100,0.03067,2120.8545,1774034034976
binance,gate,FUNUSDT,0.00138100,0.03067,2120.8545,1774034035276
binance,gate,FUNUSDT,0.00138100,0.03067,2120.8545,1774034035576
binance,gate,FUNUSDT,0.00138100,0.03067,2120.8545,1774034035877
binance,gate,FUNUSDT,0.00138100,0.03067,2120.8545,1774034036177
binance,gate,FUNUSDT,0.00138100,0.03067,2120.8545,1774034036478
binance,gate,FUNUSDT,0.00138100,0.03067,2120.8545,1774034036778
binance,gate,FUNUSDT,0.00138100,0.03067,2120.8545,1774034037078
binance,gate,FUNUSDT,0.00138100,0.03067,2120.8545,1774034037378
binance,gate,FUNUSDT,0.00138100,0.03067,2120.8545,1774034037678
binance,gate,FUNUSDT,0.00138100,0.03067,2120.8545,1774034037978
binance,gate,FUNUSDT,0.00138100,0.03067,2120.8545,1774034038279
binance,gate,FUNUSDT,0.00138100,0.03067,2120.8545,1774034038579
binance,gate,FUNUSDT,0.00138100,0.03067,2120.8545,1774034038879
binance,gate,FUNUSDT,0.00138100,0.03067,2120.8545,1774034039180
binance,gate,FUNUSDT,0.00138100,0.03067,2120.8545,1774034039480
binance,gate,FUNUSDT,0.00138100,0.03067,2120.8545,1774034039781
binance,gate,FUNUSDT,0.00138100,0.03067,2120.8545,1774034040081
binance,gate,FUNUSDT,0.00138100,0.03067,2120.8545,1774034040381
binance,gate,FUNUSDT,0.00138100,0.03067,2120.8545,1774034040681
binance,gate,FUNUSDT,0.00138100,0.03067,2120.8545,1774034040981
binance,gate,FUNUSDT,0.00138100,0.03067,2120.8545,1774034041282
binance,gate,FUNUSDT,0.00138100,0.03067,2120.8545,1774034041582
binance,gate,FUNUSDT,0.00138100,0.03067,2120.8545,1774034041882
binance,gate,FUNUSDT,0.00138100,0.03067,2120.8545,1774034042182
binance,gate,FUNUSDT,0.00138100,0.03067,2120.8545,1774034042482
binance,gate,FUNUSDT,0.00138100,0.03067,2120.8545,1774034042783
binance,gate,FUNUSDT,0.00138100,0.03067,2120.8545,1774034043083
binance,gate,FUNUSDT,0.00138100,0.03067,2120.8545,1774034043383
binance,gate,FUNUSDT,0.00138100,0.03067,2120.8545,1774034043683
binance,gate,FUNUSDT,0.00138100,0.03067,2120.8545,1774034043984
binance,gate,FUNUSDT,0.00138100,0.03067,2120.8545,1774034044284
binance,gate,FUNUSDT,0.00138100,0.03067,2120.8545,1774034044584
binance,gate,FUNUSDT,0.00138100,0.03067,2120.8545,1774034044884
binance,gate,FUNUSDT,0.00138100,0.03067,2120.8545,1774034045184
binance,gate,FUNUSDT,0.00138100,0.03067,2120.8545,1774034045485
binance,gate,FUNUSDT,0.00138100,0.03067,2120.8545,1774034045786
binance,gate,FUNUSDT,0.00138100,0.03067,2120.8545,1774034046086
binance,gate,FUNUSDT,0.00138100,0.03067,2120.8545,1774034046391
binance,gate,FUNUSDT,0.00138100,0.03067,2120.8545,1774034046691
binance,gate,FUNUSDT,0.00138100,0.03067,2120.8545,1774034046991
binance,gate,FUNUSDT,0.00138100,0.03067,2120.8545,1774034047291
binance,gate,FUNUSDT,0.00138100,0.03067,2120.8545,1774034047592
binance,gate,FUNUSDT,0.00138100,0.03067,2120.8545,1774034047892
binance,gate,FUNUSDT,0.00138100,0.03067,2120.8545,1774034048192
binance,gate,FUNUSDT,0.00138100,0.03067,2120.8545,1774034048492
binance,gate,FUNUSDT,0.00138100,0.03067,2120.8545,1774034048793
binance,gate,FUNUSDT,0.00138100,0.03067,2120.8545,1774034049093
binance,gate,FUNUSDT,0.00138100,0.03067,2120.8545,1774034049393
binance,gate,FUNUSDT,0.00138100,0.03067,2120.8545,1774034049694
binance,gate,FUNUSDT,0.00138100,0.03067,2120.8545,1774034049994
binance,gate,FUNUSDT,0.00138100,0.03067,2120.8545,1774034050294
binance,gate,FUNUSDT,0.00138100,0.03067,2120.8545,1774034050594
binance,gate,FUNUSDT,0.00138100,0.03067,2120.8545,1774034050895
binance,gate,FUNUSDT,0.00138100,0.03067,2120.8545,1774034051195
binance,gate,FUNUSDT,0.00138100,0.03067,2120.8545,1774034051495
binance,gate,FUNUSDT,0.00138100,0.03067,2120.8545,1774034051795
binance,gate,FUNUSDT,0.00138100,0.03067,2120.8545,1774034052095
binance,gate,FUNUSDT,0.00138100,0.03067,2120.8545,1774034052395
binance,gate,FUNUSDT,0.00138100,0.03067,2120.8545,1774034052696
binance,gate,FUNUSDT,0.00138100,0.03067,2120.8545,1774034052996
binance,gate,FUNUSDT,0.00138100,0.03067,2120.8545,1774034053296
binance,gate,FUNUSDT,0.00138100,0.03067,2120.8545,1774034053596
binance,gate,FUNUSDT,0.00138100,0.03067,2120.8545,1774034053897
binance,gate,FUNUSDT,0.00138100,0.03067,2120.8545,1774034054197
binance,gate,FUNUSDT,0.00138100,0.03067,2120.8545,1774034054497
binance,gate,FUNUSDT,0.00138100,0.03067,2120.8545,1774034054797
binance,gate,FUNUSDT,0.00138100,0.03067,2120.8545,1774034055098
binance,gate,FUNUSDT,0.00138100,0.03067,2120.8545,1774034055398
binance,gate,FUNUSDT,0.00138100,0.03067,2120.8545,1774034055698
binance,gate,FUNUSDT,0.00138100,0.03067,2120.8545,1774034055999
binance,gate,FUNUSDT,0.00138100,0.03067,2120.8545,1774034056299
binance,gate,FUNUSDT,0.00138100,0.03067,2120.8545,1774034056600
binance,gate,FUNUSDT,0.00138100,0.03067,2120.8545,1774034056900
binance,gate,FUNUSDT,0.00138100,0.03067,2120.8545,1774034057200
binance,gate,FUNUSDT,0.00138100,0.03067,2120.8545,1774034057500
binance,gate,FUNUSDT,0.00138100,0.03067,2120.8545,1774034057801
binance,gate,FUNUSDT,0.00138100,0.03067,2120.8545,1774034058101
binance,gate,FUNUSDT,0.00138100,0.03067,2120.8545,1774034058401
binance,gate,FUNUSDT,0.00138100,0.03067,2120.8545,1774034058701
binance,gate,FUNUSDT,0.00138100,0.03067,2120.8545,1774034059002
binance,gate,FUNUSDT,0.00138100,0.03067,2120.8545,1774034059302
binance,gate,FUNUSDT,0.00138100,0.03067,2120.8545,1774034059602
binance,gate,FUNUSDT,0.00138100,0.03067,2120.8545,1774034059902
binance,gate,FUNUSDT,0.00138100,0.03067,2120.8545,1774034060203
binance,gate,FUNUSDT,0.00138100,0.03067,2120.8545,1774034060503
binance,gate,FUNUSDT,0.00138100,0.03067,2120.8545,1774034060804
binance,gate,FUNUSDT,0.00138100,0.03067,2120.8545,1774034061104
binance,gate,FUNUSDT,0.00138100,0.03067,2120.8545,1774034061404
binance,gate,FUNUSDT,0.00138100,0.03067,2120.8545,1774034061704
binance,gate,FUNUSDT,0.00138100,0.03067,2120.8545,1774034062005
binance,gate,FUNUSDT,0.00138100,0.03067,2120.8545,1774034062305
binance,gate,FUNUSDT,0.00138100,0.03067,2120.8545,1774034062605
binance,gate,FUNUSDT,0.00138100,0.03067,2120.8545,1774034062906
binance,gate,FUNUSDT,0.00138100,0.03067,2120.8545,1774034063206
binance,gate,FUNUSDT,0.00138100,0.03067,2120.8545,1774034063506
binance,gate,FUNUSDT,0.00138100,0.03067,2120.8545,1774034063807
binance,gate,FUNUSDT,0.00138100,0.03067,2120.8545,1774034064108
binance,gate,FUNUSDT,0.00138100,0.03067,2120.8545,1774034064408
binance,gate,FUNUSDT,0.00138100,0.03067,2120.8545,1774034064708
binance,gate,FUNUSDT,0.00138100,0.03067,2120.8545,1774034065009
binance,gate,FUNUSDT,0.00138100,0.03067,2120.8545,1774034065309
binance,gate,FUNUSDT,0.00138100,0.03067,2120.8545,1774034065609
binance,gate,FUNUSDT,0.00138100,0.03067,2120.8545,1774034065909
binance,gate,FUNUSDT,0.00138100,0.03067,2120.8545,1774034066209
binance,gate,FUNUSDT,0.00138100,0.03067,2120.8545,1774034066510
binance,gate,FUNUSDT,0.00138100,0.03067,2120.8545,1774034066810
binance,gate,FUNUSDT,0.00138100,0.03067,2120.8545,1774034067110
binance,gate,FUNUSDT,0.00138100,0.03067,2120.8545,1774034067410
binance,gate,FUNUSDT,0.00138100,0.03067,2120.8545,1774034067711
binance,gate,FUNUSDT,0.00138100,0.03067,2120.8545,1774034068011
binance,gate,FUNUSDT,0.00138100,0.03067,2120.8545,1774034068311
binance,gate,FUNUSDT,0.00138100,0.03067,2120.8545,1774034068611
binance,gate,FUNUSDT,0.00138100,0.03067,2120.8545,1774034068912
binance,gate,FUNUSDT,0.00138100,0.03067,2120.8545,1774034069212
binance,gate,FUNUSDT,0.00138100,0.03067,2120.8545,1774034069513
binance,gate,FUNUSDT,0.00138100,0.03067,2120.8545,1774034069813
binance,gate,FUNUSDT,0.00138100,0.03067,2120.8545,1774034070113
binance,gate,FUNUSDT,0.00138100,0.03067,2120.8545,1774034070414
binance,gate,FUNUSDT,0.00138100,0.03067,2120.8545,1774034070714
binance,gate,FUNUSDT,0.00138100,0.03067,2120.8545,1774034071014
binance,gate,FUNUSDT,0.00138100,0.03067,2120.8545,1774034071315
binance,gate,FUNUSDT,0.00138100,0.03067,2120.8545,1774034071615
binance,gate,FUNUSDT,0.00138100,0.03067,2120.8545,1774034071915
binance,gate,FUNUSDT,0.00138100,0.03067,2120.8545,1774034072215
binance,gate,FUNUSDT,0.00138100,0.03067,2120.8545,1774034072515
binance,gate,FUNUSDT,0.00138100,0.03067,2120.8545,1774034072816
binance,gate,FUNUSDT,0.00138100,0.03067,2120.8545,1774034073116
binance,gate,FUNUSDT,0.00138100,0.03067,2120.8545,1774034073416
binance,gate,FUNUSDT,0.00138100,0.03067,2120.8545,1774034073716
binance,gate,FUNUSDT,0.00138100,0.03067,2120.8545,1774034074017
binance,gate,FUNUSDT,0.00138100,0.03067,2120.8545,1774034074317
binance,gate,FUNUSDT,0.00138100,0.03067,2120.8545,1774034074620
binance,gate,FUNUSDT,0.00138100,0.03067,2120.8545,1774034074920
binance,gate,FUNUSDT,0.00138100,0.03067,2120.8545,1774034075220
binance,gate,FUNUSDT,0.00138100,0.03067,2120.8545,1774034075520
binance,gate,FUNUSDT,0.00138100,0.03067,2120.8545,1774034075821
binance,gate,FUNUSDT,0.00138100,0.03067,2120.8545,1774034076121
binance,gate,FUNUSDT,0.00138100,0.03067,2120.8545,1774034076421
binance,gate,FUNUSDT,0.00138100,0.03067,2120.8545,1774034076721
binance,gate,FUNUSDT,0.00138100,0.03067,2120.8545,1774034077021
binance,gate,FUNUSDT,0.00138100,0.03067,2120.8545,1774034077322
binance,gate,FUNUSDT,0.00138100,0.03067,2120.8545,1774034077622
binance,gate,FUNUSDT,0.00138100,0.03067,2120.8545,1774034077922
binance,gate,FUNUSDT,0.00138100,0.03067,2120.8545,1774034078223
binance,gate,FUNUSDT,0.00138100,0.03067,2120.8545,1774034078524
binance,gate,FUNUSDT,0.00138100,0.03067,2120.8545,1774034078824
binance,gate,FUNUSDT,0.00138100,0.03067,2120.8545,1774034079124
binance,gate,FUNUSDT,0.00138100,0.03067,2120.8545,1774034079424
binance,gate,FUNUSDT,0.00138100,0.03067,2120.8545,1774034079725
binance,gate,FUNUSDT,0.00138100,0.03067,2120.8545,1774034080025
binance,gate,FUNUSDT,0.00138100,0.03067,2120.8545,1774034080326
binance,gate,FUNUSDT,0.00138100,0.03067,2120.8545,1774034080626
binance,gate,FUNUSDT,0.00138100,0.03067,2120.8545,1774034080926
binance,gate,FUNUSDT,0.00138100,0.03067,2120.8545,1774034081226
binance,gate,FUNUSDT,0.00138100,0.03067,2120.8545,1774034081526
binance,gate,FUNUSDT,0.00138100,0.03067,2120.8545,1774034081827
binance,gate,FUNUSDT,0.00138100,0.03067,2120.8545,1774034082127
binance,gate,FUNUSDT,0.00138100,0.03067,2120.8545,1774034082427
binance,gate,FUNUSDT,0.00138100,0.03067,2120.8545,1774034082728
binance,gate,FUNUSDT,0.00138100,0.03067,2120.8545,1774034083028
binance,gate,FUNUSDT,0.00138100,0.03067,2120.8545,1774034083328
binance,gate,FUNUSDT,0.00138100,0.03067,2120.8545,1774034083629
binance,gate,FUNUSDT,0.00138100,0.03067,2120.8545,1774034083929
binance,gate,FUNUSDT,0.00138100,0.03067,2120.8545,1774034084230
binance,gate,FUNUSDT,0.00138100,0.03067,2120.8545,1774034084530
binance,gate,FUNUSDT,0.00138100,0.03067,2120.8545,1774034084830
binance,gate,FUNUSDT,0.00138100,0.03067,2120.8545,1774034085131
binance,gate,FUNUSDT,0.00138100,0.03067,2120.8545,1774034085432
binance,gate,FUNUSDT,0.00138100,0.03067,2120.8545,1774034085733
binance,gate,FUNUSDT,0.00138100,0.03067,2120.8545,1774034086033
binance,gate,FUNUSDT,0.00138100,0.03067,2120.8545,1774034086333
binance,gate,FUNUSDT,0.00138100,0.03067,2120.8545,1774034086633
binance,gate,FUNUSDT,0.00138100,0.03067,2120.8545,1774034086933
binance,gate,FUNUSDT,0.00138100,0.03067,2120.8545,1774034087234
binance,gate,FUNUSDT,0.00138100,0.03067,2120.8545,1774034087534
binance,gate,FUNUSDT,0.00138100,0.03067,2120.8545,1774034087834
binance,gate,FUNUSDT,0.00138100,0.03067,2120.8545,1774034088135
binance,gate,FUNUSDT,0.00138100,0.03067,2120.8545,1774034088435
binance,gate,FUNUSDT,0.00138100,0.03067,2120.8545,1774034088743
binance,gate,FUNUSDT,0.00138100,0.03067,2120.8545,1774034089043
binance,gate,FUNUSDT,0.00138100,0.03067,2120.8545,1774034089343
binance,gate,FUNUSDT,0.00138100,0.03067,2120.8545,1774034089643
binance,gate,FUNUSDT,0.00138100,0.03067,2120.8545,1774034089944
binance,gate,FUNUSDT,0.00138100,0.03067,2120.8545,1774034090244
binance,gate,FUNUSDT,0.00138100,0.03067,2120.8545,1774034090544
binance,gate,FUNUSDT,0.00138100,0.03067,2120.8545,1774034090844
binance,gate,FUNUSDT,0.00138100,0.03067,2120.8545,1774034091145
binance,gate,FUNUSDT,0.00138100,0.03067,2120.8545,1774034091446
binance,gate,FUNUSDT,0.00138100,0.03067,2120.8545,1774034091746
binance,gate,FUNUSDT,0.00138100,0.03067,2120.8545,1774034092046
binance,gate,FUNUSDT,0.00138100,0.03067,2120.8545,1774034092346
binance,gate,FUNUSDT,0.00138100,0.03067,2120.8545,1774034092647
binance,gate,FUNUSDT,0.00138100,0.03067,2120.8545,1774034092947
binance,gate,FUNUSDT,0.00138100,0.03067,2120.8545,1774034093247
binance,gate,FUNUSDT,0.00138100,0.03067,2120.8545,1774034093547
binance,gate,FUNUSDT,0.00138100,0.03067,2120.8545,1774034093847
binance,gate,FUNUSDT,0.00138100,0.03067,2120.8545,1774034094147
binance,gate,FUNUSDT,0.00138100,0.03067,2120.8545,1774034094448
binance,gate,FUNUSDT,0.00138100,0.03067,2120.8545,1774034094748
binance,gate,FUNUSDT,0.00138100,0.03067,2120.8545,1774034095048
binance,gate,FUNUSDT,0.00138100,0.03067,2120.8545,1774034095348
binance,gate,FUNUSDT,0.00138100,0.03067,2120.8545,1774034095649
binance,gate,FUNUSDT,0.00138100,0.03067,2120.8545,1774034095949
binance,gate,FUNUSDT,0.00138100,0.03067,2120.8545,1774034096249
binance,gate,FUNUSDT,0.00138100,0.03067,2120.8545,1774034096550
binance,gate,FUNUSDT,0.00138100,0.03067,2120.8545,1774034096850
binance,gate,FUNUSDT,0.00138100,0.03067,2120.8545,1774034097150
binance,gate,FUNUSDT,0.00138100,0.03067,2120.8545,1774034097451
binance,gate,FUNUSDT,0.00138100,0.03067,2120.8545,1774034097751
binance,gate,FUNUSDT,0.00138100,0.03067,2120.8545,1774034098051
binance,gate,FUNUSDT,0.00138100,0.03067,2120.8545,1774034098352
binance,gate,FUNUSDT,0.00138100,0.03067,2120.8545,1774034098652
binance,gate,FUNUSDT,0.00138100,0.03067,2120.8545,1774034098952
binance,gate,FUNUSDT,0.00138100,0.03067,2120.8545,1774034099252
binance,gate,FUNUSDT,0.00138100,0.03067,2120.8545,1774034099552
binance,gate,FUNUSDT,0.00138100,0.03067,2120.8545,1774034099853
binance,gate,FUNUSDT,0.00138100,0.03067,2120.8545,1774034100153
binance,gate,FUNUSDT,0.00138100,0.03067,2120.8545,1774034100453
binance,gate,FUNUSDT,0.00138100,0.03067,2120.8545,1774034100753
binance,gate,FUNUSDT,0.00138100,0.03067,2120.8545,1774034101053
binance,gate,FUNUSDT,0.00138100,0.03067,2120.8545,1774034101354
binance,gate,FUNUSDT,0.00138100,0.03067,2120.8545,1774034101654
binance,gate,FUNUSDT,0.00138100,0.03067,2120.8545,1774034101954
binance,gate,FUNUSDT,0.00138100,0.03067,2120.8545,1774034102254
binance,gate,FUNUSDT,0.00138100,0.03067,2120.8545,1774034102554
binance,gate,FUNUSDT,0.00138100,0.03067,2120.8545,1774034102857
binance,gate,FUNUSDT,0.00138100,0.03067,2120.8545,1774034103157
binance,gate,FUNUSDT,0.00138100,0.03067,2120.8545,1774034103457
binance,gate,FUNUSDT,0.00138100,0.03067,2120.8545,1774034103757
binance,gate,FUNUSDT,0.00138100,0.03067,2120.8545,1774034104057
binance,gate,FUNUSDT,0.00138100,0.03067,2120.8545,1774034104357
binance,gate,FUNUSDT,0.00138100,0.03067,2120.8545,1774034104658
binance,gate,FUNUSDT,0.00138100,0.03067,2120.8545,1774034104959
binance,gate,FUNUSDT,0.00138100,0.03067,2120.8545,1774034105259
binance,gate,FUNUSDT,0.00138100,0.03067,2120.8545,1774034105559
binance,gate,FUNUSDT,0.00138100,0.03067,2120.8545,1774034105859
binance,gate,FUNUSDT,0.00138100,0.03067,2120.8545,1774034106159
binance,gate,FUNUSDT,0.00138100,0.03067,2120.8545,1774034106459
binance,gate,FUNUSDT,0.00138100,0.03067,2120.8545,1774034106772
binance,gate,FUNUSDT,0.00138100,0.03067,2120.8545,1774034107072
binance,gate,FUNUSDT,0.00138100,0.03067,2120.8545,1774034107372
binance,gate,FUNUSDT,0.00138100,0.03067,2120.8545,1774034107672
binance,gate,FUNUSDT,0.00138100,0.03067,2120.8545,1774034107973
binance,gate,FUNUSDT,0.00138100,0.03067,2120.8545,1774034108273
binance,gate,FUNUSDT,0.00138100,0.03067,2120.8545,1774034108573
binance,gate,FUNUSDT,0.00138100,0.03067,2120.8545,1774034108874
binance,gate,FUNUSDT,0.00138100,0.03067,2120.8545,1774034109174
binance,gate,FUNUSDT,0.00138100,0.03067,2120.8545,1774034109474
binance,gate,FUNUSDT,0.00138100,0.03067,2120.8545,1774034109775
binance,gate,FUNUSDT,0.00138100,0.03067,2120.8545,1774034110075
binance,gate,FUNUSDT,0.00138100,0.03067,2120.8545,1774034110375
binance,gate,FUNUSDT,0.00138100,0.03067,2120.8545,1774034110676
binance,gate,FUNUSDT,0.00138100,0.03067,2120.8545,1774034110976
binance,gate,FUNUSDT,0.00138100,0.03067,2120.8545,1774034111276
binance,gate,FUNUSDT,0.00138100,0.03067,2120.8545,1774034111577
binance,gate,FUNUSDT,0.00138100,0.03067,2120.8545,1774034111877
binance,gate,FUNUSDT,0.00138100,0.03067,2120.8545,1774034112177
binance,gate,FUNUSDT,0.00138100,0.03067,2120.8545,1774034112478
binance,gate,FUNUSDT,0.00138100,0.03067,2120.8545,1774034112778
binance,gate,FUNUSDT,0.00138100,0.03067,2120.8545,1774034113078
binance,gate,FUNUSDT,0.00138100,0.03067,2120.8545,1774034113378
binance,gate,FUNUSDT,0.00138100,0.03067,2120.8545,1774034113678
binance,gate,FUNUSDT,0.00138100,0.03067,2120.8545,1774034113979
binance,gate,FUNUSDT,0.00138100,0.03067,2120.8545,1774034114279
binance,gate,FUNUSDT,0.00138100,0.03067,2120.8545,1774034114579
binance,gate,FUNUSDT,0.00138100,0.03067,2120.8545,1774034114886
binance,gate,FUNUSDT,0.00138100,0.03067,2120.8545,1774034115187
binance,gate,FUNUSDT,0.00138100,0.03067,2120.8545,1774034115487
binance,gate,FUNUSDT,0.00138100,0.03067,2120.8545,1774034115787
binance,gate,FUNUSDT,0.00138100,0.03067,2120.8545,1774034116088
binance,gate,FUNUSDT,0.00138100,0.03067,2120.8545,1774034116388
binance,gate,FUNUSDT,0.00138100,0.03067,2120.8545,1774034116688
binance,gate,FUNUSDT,0.00138100,0.03067,2120.8545,1774034116990
binance,gate,FUNUSDT,0.00138100,0.03067,2120.8545,1774034117290
binance,gate,FUNUSDT,0.00138100,0.03067,2120.8545,1774034117590
binance,gate,FUNUSDT,0.00138100,0.03067,2120.8545,1774034117891
binance,gate,FUNUSDT,0.00138100,0.03067,2120.8545,1774034118191
binance,gate,FUNUSDT,0.00138100,0.03067,2120.8545,1774034118491
binance,gate,FUNUSDT,0.00138100,0.03067,2120.8545,1774034118791
binance,gate,FUNUSDT,0.00138100,0.03067,2120.8545,1774034119092
binance,gate,FUNUSDT,0.00138100,0.03067,2120.8545,1774034119392
binance,gate,FUNUSDT,0.00138100,0.03067,2120.8545,1774034119692
binance,gate,FUNUSDT,0.00138100,0.03067,2120.8545,1774034119993
binance,gate,FUNUSDT,0.00138100,0.03067,2120.8545,1774034120293
binance,gate,FUNUSDT,0.00138100,0.03067,2120.8545,1774034120593
binance,gate,FUNUSDT,0.00138100,0.03067,2120.8545,1774034120893
binance,gate,FUNUSDT,0.00138100,0.03067,2120.8545,1774034121194
binance,gate,FUNUSDT,0.00138100,0.03067,2120.8545,1774034121494
binance,gate,FUNUSDT,0.00138100,0.03067,2120.8545,1774034121794
binance,gate,FUNUSDT,0.00138100,0.03067,2120.8545,1774034122094
binance,gate,FUNUSDT,0.00138100,0.03067,2120.8545,1774034122394
binance,gate,FUNUSDT,0.00138100,0.03067,2120.8545,1774034122695
binance,gate,FUNUSDT,0.00138100,0.03067,2120.8545,1774034122995
binance,gate,FUNUSDT,0.00138100,0.03067,2120.8545,1774034123296
binance,gate,FUNUSDT,0.00138100,0.03067,2120.8545,1774034123596
binance,gate,FUNUSDT,0.00138100,0.03067,2120.8545,1774034123897
binance,gate,FUNUSDT,0.00138100,0.03067,2120.8545,1774034124197
binance,gate,FUNUSDT,0.00138100,0.03067,2120.8545,1774034124497
binance,gate,FUNUSDT,0.00138100,0.03067,2120.8545,1774034124798
binance,gate,FUNUSDT,0.00138100,0.03067,2120.8545,1774034125098
binance,gate,FUNUSDT,0.00138100,0.03067,2120.8545,1774034125398
binance,gate,FUNUSDT,0.00138100,0.03067,2120.8545,1774034125698
binance,gate,FUNUSDT,0.00138100,0.03067,2120.8545,1774034125998
binance,gate,FUNUSDT,0.00138100,0.03067,2120.8545,1774034126298
binance,gate,FUNUSDT,0.00138100,0.03067,2120.8545,1774034126599
binance,gate,FUNUSDT,0.00138100,0.03067,2120.8545,1774034126899
binance,gate,FUNUSDT,0.00138100,0.03067,2120.8545,1774034127200
binance,gate,FUNUSDT,0.00138100,0.03067,2120.8545,1774034127500
binance,gate,FUNUSDT,0.00138100,0.03067,2120.8545,1774034127800
binance,gate,FUNUSDT,0.00138100,0.03067,2120.8545,1774034128100
binance,gate,FUNUSDT,0.00138100,0.03067,2120.8545,1774034128400
binance,gate,FUNUSDT,0.00138100,0.03067,2120.8545,1774034128701
binance,gate,FUNUSDT,0.00138100,0.03067,2120.8545,1774034129001
binance,gate,FUNUSDT,0.00138100,0.03067,2120.8545,1774034129301
binance,gate,FUNUSDT,0.00138100,0.03067,2120.8545,1774034129601
binance,gate,FUNUSDT,0.00138100,0.03067,2120.8545,1774034129902
binance,gate,FUNUSDT,0.00138100,0.03067,2120.8545,1774034130202
binance,gate,FUNUSDT,0.00138100,0.03067,2120.8545,1774034130502
binance,gate,FUNUSDT,0.00138100,0.03067,2120.8545,1774034130802
binance,gate,FUNUSDT,0.00138100,0.03067,2120.8545,1774034131103
binance,gate,FUNUSDT,0.00138100,0.03067,2120.8545,1774034131403
binance,gate,FUNUSDT,0.00138100,0.03067,2120.8545,1774034131703
binance,gate,FUNUSDT,0.00138100,0.03067,2120.8545,1774034132004
binance,gate,FUNUSDT,0.00138100,0.03067,2120.8545,1774034132304
binance,gate,FUNUSDT,0.00138100,0.03067,2120.8545,1774034132604
binance,gate,FUNUSDT,0.00138100,0.03067,2120.8545,1774034132904
binance,gate,FUNUSDT,0.00138100,0.03067,2120.8545,1774034133205
binance,gate,FUNUSDT,0.00138100,0.03067,2120.8545,1774034133505
binance,gate,FUNUSDT,0.00138100,0.03067,2120.8545,1774034133805
binance,gate,FUNUSDT,0.00138100,0.03067,2120.8545,1774034134105
binance,gate,FUNUSDT,0.00138100,0.03067,2120.8545,1774034134406
binance,gate,FUNUSDT,0.00138100,0.03067,2120.8545,1774034134706
binance,gate,FUNUSDT,0.00138100,0.03067,2120.8545,1774034135006
binance,gate,FUNUSDT,0.00138100,0.03067,2120.8545,1774034135307
binance,gate,FUNUSDT,0.00138100,0.03067,2120.8545,1774034135607
binance,gate,FUNUSDT,0.00138100,0.03067,2120.8545,1774034135908
binance,gate,FUNUSDT,0.00138100,0.03067,2120.8545,1774034136208
binance,gate,FUNUSDT,0.00138100,0.03067,2120.8545,1774034136508
binance,gate,FUNUSDT,0.00138100,0.03067,2120.8545,1774034136808
binance,gate,FUNUSDT,0.00138100,0.03067,2120.8545,1774034137109
binance,gate,FUNUSDT,0.00138100,0.03067,2120.8545,1774034137409
binance,gate,FUNUSDT,0.00138100,0.03067,2120.8545,1774034137709
binance,gate,FUNUSDT,0.00138100,0.03067,2120.8545,1774034138009
binance,gate,FUNUSDT,0.00138100,0.03067,2120.8545,1774034138309
binance,gate,FUNUSDT,0.00138100,0.03067,2120.8545,1774034138609
binance,gate,FUNUSDT,0.00138100,0.03067,2120.8545,1774034138910
binance,gate,FUNUSDT,0.00138100,0.03067,2120.8545,1774034139210
binance,gate,FUNUSDT,0.00138100,0.03067,2120.8545,1774034139510
binance,gate,FUNUSDT,0.00138100,0.03067,2120.8545,1774034139810
binance,gate,FUNUSDT,0.00138100,0.03067,2120.8545,1774034140111
binance,gate,FUNUSDT,0.00138100,0.03067,2120.8545,1774034140411
binance,gate,FUNUSDT,0.00138100,0.03067,2120.8545,1774034140711
binance,gate,FUNUSDT,0.00138100,0.03067,2120.8545,1774034141012
binance,gate,FUNUSDT,0.00138100,0.03067,2120.8545,1774034141312
binance,gate,FUNUSDT,0.00138100,0.03067,2120.8545,1774034141613
binance,gate,FUNUSDT,0.00138100,0.03067,2120.8545,1774034141913
binance,gate,FUNUSDT,0.00138100,0.03067,2120.8545,1774034142213
binance,gate,FUNUSDT,0.00138100,0.03067,2120.8545,1774034142513
binance,gate,FUNUSDT,0.00138100,0.03067,2120.8545,1774034142813
binance,gate,FUNUSDT,0.00138100,0.03067,2120.8545,1774034143113
binance,gate,FUNUSDT,0.00138100,0.03067,2120.8545,1774034143414
binance,gate,FUNUSDT,0.00138100,0.03067,2120.8545,1774034143714
binance,gate,FUNUSDT,0.00138100,0.03067,2120.8545,1774034144014
binance,gate,FUNUSDT,0.00138100,0.03067,2120.8545,1774034144314
binance,gate,FUNUSDT,0.00138100,0.03067,2120.8545,1774034144615
binance,gate,FUNUSDT,0.00138100,0.03067,2120.8545,1774034144916
binance,gate,FUNUSDT,0.00138100,0.03067,2120.8545,1774034145221
binance,gate,FUNUSDT,0.00138100,0.03067,2120.8545,1774034145521
binance,gate,FUNUSDT,0.00138100,0.03067,2120.8545,1774034145821
binance,gate,FUNUSDT,0.00138100,0.03067,2120.8545,1774034146121
binance,gate,FUNUSDT,0.00138100,0.03067,2120.8545,1774034146421
binance,gate,FUNUSDT,0.00138100,0.03067,2120.8545,1774034146721
binance,gate,FUNUSDT,0.00138100,0.03067,2120.8545,1774034147022
binance,gate,FUNUSDT,0.00138100,0.03067,2120.8545,1774034147323
binance,gate,FUNUSDT,0.00138100,0.03067,2120.8545,1774034147623
binance,gate,FUNUSDT,0.00138100,0.03067,2120.8545,1774034147924
binance,gate,FUNUSDT,0.00138100,0.03067,2120.8545,1774034148224
binance,gate,FUNUSDT,0.00138100,0.03067,2120.8545,1774034148524
binance,gate,FUNUSDT,0.00138100,0.03067,2120.8545,1774034148824
binance,gate,FUNUSDT,0.00138100,0.03067,2120.8545,1774034149124
binance,gate,FUNUSDT,0.00138100,0.03067,2120.8545,1774034149425
binance,gate,FUNUSDT,0.00138100,0.03067,2120.8545,1774034149725
binance,gate,FUNUSDT,0.00138100,0.03067,2120.8545,1774034150025
binance,gate,FUNUSDT,0.00138100,0.03067,2120.8545,1774034150326
binance,gate,FUNUSDT,0.00138100,0.03067,2120.8545,1774034150626
binance,gate,FUNUSDT,0.00138100,0.03067,2120.8545,1774034150926
binance,gate,FUNUSDT,0.00138100,0.03067,2120.8545,1774034151226
binance,gate,FUNUSDT,0.00138100,0.03067,2120.8545,1774034151526
binance,gate,FUNUSDT,0.00138100,0.03067,2120.8545,1774034151826
binance,gate,FUNUSDT,0.00138100,0.03067,2120.8545,1774034152127
binance,gate,FUNUSDT,0.00138100,0.03067,2120.8545,1774034152427
binance,gate,FUNUSDT,0.00138100,0.03067,2120.8545,1774034152727
binance,gate,FUNUSDT,0.00138100,0.03067,2120.8545,1774034153028
binance,gate,FUNUSDT,0.00138100,0.03067,2120.8545,1774034153328
binance,gate,FUNUSDT,0.00138100,0.03067,2120.8545,1774034153628
binance,gate,FUNUSDT,0.00138100,0.03067,2120.8545,1774034153928
binance,gate,FUNUSDT,0.00138100,0.03067,2120.8545,1774034154228
binance,gate,FUNUSDT,0.00138100,0.03067,2120.8545,1774034154529
binance,gate,FUNUSDT,0.00138100,0.03067,2120.8545,1774034154829
binance,gate,FUNUSDT,0.00138100,0.03067,2120.8545,1774034155131
binance,gate,FUNUSDT,0.00138100,0.03067,2120.8545,1774034155432
binance,gate,FUNUSDT,0.00138100,0.03067,2120.8545,1774034155732
binance,gate,FUNUSDT,0.00138100,0.03067,2120.8545,1774034156033
binance,gate,FUNUSDT,0.00138100,0.03067,2120.8545,1774034156334
binance,gate,FUNUSDT,0.00138100,0.03067,2120.8545,1774034156635
binance,gate,FUNUSDT,0.00138100,0.03067,2120.8545,1774034156936
binance,gate,FUNUSDT,0.00138100,0.03067,2120.8545,1774034157236
binance,gate,FUNUSDT,0.00138100,0.03067,2120.8545,1774034157536
binance,gate,FUNUSDT,0.00138100,0.03067,2120.8545,1774034157836
binance,gate,FUNUSDT,0.00138100,0.03067,2120.8545,1774034158137
binance,gate,FUNUSDT,0.00138100,0.03067,2120.8545,1774034158437
binance,gate,FUNUSDT,0.00138100,0.03067,2120.8545,1774034158737
binance,gate,FUNUSDT,0.00138100,0.03067,2120.8545,1774034159037
binance,gate,FUNUSDT,0.00138100,0.03067,2120.8545,1774034159338
binance,gate,FUNUSDT,0.00138100,0.03067,2120.8545,1774034159638
binance,gate,FUNUSDT,0.00138100,0.03067,2120.8545,1774034159938
binance,gate,FUNUSDT,0.00138100,0.03067,2120.8545,1774034160239
binance,gate,FUNUSDT,0.00138100,0.03067,2120.8545,1774034160539
binance,gate,FUNUSDT,0.00138100,0.03067,2120.8545,1774034160839
binance,gate,FUNUSDT,0.00138100,0.03067,2120.8545,1774034161139
binance,gate,FUNUSDT,0.00138100,0.03067,2120.8545,1774034161439
binance,gate,FUNUSDT,0.00138100,0.03067,2120.8545,1774034161739
binance,gate,FUNUSDT,0.00138100,0.03067,2120.8545,1774034162039
binance,gate,FUNUSDT,0.00138100,0.03067,2120.8545,1774034162339
binance,gate,FUNUSDT,0.00138100,0.03067,2120.8545,1774034162640
binance,gate,FUNUSDT,0.00138100,0.03067,2120.8545,1774034162940
binance,gate,FUNUSDT,0.00138100,0.03067,2120.8545,1774034163240
binance,gate,FUNUSDT,0.00138100,0.03067,2120.8545,1774034163540
binance,gate,FUNUSDT,0.00138100,0.03067,2120.8545,1774034163840
binance,gate,FUNUSDT,0.00138100,0.03067,2120.8545,1774034164140
binance,gate,FUNUSDT,0.00138100,0.03067,2120.8545,1774034164441
binance,gate,FUNUSDT,0.00138100,0.03067,2120.8545,1774034164741
binance,gate,FUNUSDT,0.00138100,0.03067,2120.8545,1774034165042
binance,gate,FUNUSDT,0.00138100,0.03067,2120.8545,1774034165342
binance,gate,FUNUSDT,0.00138100,0.03067,2120.8545,1774034165642
binance,gate,FUNUSDT,0.00138100,0.03067,2120.8545,1774034165942
binance,gate,FUNUSDT,0.00138100,0.03067,2120.8545,1774034166243
binance,gate,FUNUSDT,0.00138100,0.03067,2120.8545,1774034166543
binance,gate,FUNUSDT,0.00138100,0.03067,2120.8545,1774034166844
binance,gate,FUNUSDT,0.00138100,0.03067,2120.8545,1774034167144
binance,gate,FUNUSDT,0.00138100,0.03067,2120.8545,1774034167445
binance,gate,FUNUSDT,0.00137800,0.03067,2125.6894,1774034167746
binance,gate,FUNUSDT,0.00137800,0.03067,2125.6894,1774034168046
binance,gate,FUNUSDT,0.00137800,0.03067,2125.6894,1774034168346
binance,gate,FUNUSDT,0.00137800,0.03067,2125.6894,1774034168646
binance,gate,FUNUSDT,0.00137800,0.03067,2125.6894,1774034168946
binance,gate,FUNUSDT,0.00137800,0.03067,2125.6894,1774034169246
binance,gate,FUNUSDT,0.00137800,0.03067,2125.6894,1774034169547
binance,gate,FUNUSDT,0.00137800,0.03067,2125.6894,1774034169847
binance,gate,FUNUSDT,0.00137800,0.03067,2125.6894,1774034170147
binance,gate,FUNUSDT,0.00137800,0.03067,2125.6894,1774034170456
binance,gate,FUNUSDT,0.00137800,0.03067,2125.6894,1774034170756
binance,gate,FUNUSDT,0.00137800,0.03067,2125.6894,1774034171056
binance,gate,FUNUSDT,0.00137800,0.03067,2125.6894,1774034171357
binance,gate,FUNUSDT,0.00137800,0.03067,2125.6894,1774034171657
binance,gate,FUNUSDT,0.00137800,0.03067,2125.6894,1774034171957
binance,gate,FUNUSDT,0.00137800,0.03067,2125.6894,1774034172257
binance,gate,FUNUSDT,0.00137800,0.03067,2125.6894,1774034172557
binance,gate,FUNUSDT,0.00137800,0.03067,2125.6894,1774034172858
binance,gate,FUNUSDT,0.00137800,0.03067,2125.6894,1774034173158
binance,gate,FUNUSDT,0.00137800,0.03067,2125.6894,1774034173458
binance,gate,FUNUSDT,0.00137800,0.03067,2125.6894,1774034173758
binance,gate,FUNUSDT,0.00137800,0.03067,2125.6894,1774034174058
binance,gate,FUNUSDT,0.00137800,0.03067,2125.6894,1774034174358
binance,gate,FUNUSDT,0.00137800,0.03067,2125.6894,1774034174659
binance,gate,FUNUSDT,0.00137800,0.03067,2125.6894,1774034174959
binance,gate,FUNUSDT,0.00137800,0.03067,2125.6894,1774034175259
binance,gate,FUNUSDT,0.00137800,0.03067,2125.6894,1774034175559
binance,gate,FUNUSDT,0.00137800,0.03067,2125.6894,1774034175860
binance,gate,FUNUSDT,0.00137800,0.03067,2125.6894,1774034176160
binance,gate,FUNUSDT,0.00137800,0.03067,2125.6894,1774034176460
binance,gate,FUNUSDT,0.00137800,0.03067,2125.6894,1774034176760
binance,gate,FUNUSDT,0.00137800,0.03067,2125.6894,1774034177061
binance,gate,FUNUSDT,0.00137700,0.03067,2127.3057,1774034177361
binance,gate,FUNUSDT,0.00137700,0.03067,2127.3057,1774034177661
binance,gate,FUNUSDT,0.00137700,0.03067,2127.3057,1774034177962
binance,gate,FUNUSDT,0.00137700,0.03067,2127.3057,1774034178262
binance,gate,FUNUSDT,0.00137700,0.03067,2127.3057,1774034178562
binance,gate,FUNUSDT,0.00137700,0.03067,2127.3057,1774034178863
binance,gate,FUNUSDT,0.00137700,0.03067,2127.3057,1774034179163
binance,gate,FUNUSDT,0.00137700,0.03067,2127.3057,1774034179464
binance,gate,FUNUSDT,0.00137700,0.03067,2127.3057,1774034179764
binance,gate,FUNUSDT,0.00137700,0.03067,2127.3057,1774034180065
binance,gate,FUNUSDT,0.00137700,0.03067,2127.3057,1774034180365
binance,gate,FUNUSDT,0.00137700,0.03067,2127.3057,1774034180665
binance,gate,FUNUSDT,0.00137700,0.03067,2127.3057,1774034180966
binance,gate,FUNUSDT,0.00137700,0.03067,2127.3057,1774034181267
binance,gate,FUNUSDT,0.00137700,0.03067,2127.3057,1774034181567
binance,gate,FUNUSDT,0.00137700,0.03067,2127.3057,1774034181867
binance,gate,FUNUSDT,0.00137700,0.03067,2127.3057,1774034182167
binance,gate,FUNUSDT,0.00137700,0.03067,2127.3057,1774034182467
binance,gate,FUNUSDT,0.00137700,0.03067,2127.3057,1774034182768
binance,gate,FUNUSDT,0.00137700,0.03067,2127.3057,1774034183068
binance,gate,FUNUSDT,0.00137700,0.03067,2127.3057,1774034183368
binance,gate,FUNUSDT,0.00137700,0.03067,2127.3057,1774034183669
binance,gate,FUNUSDT,0.00137700,0.03067,2127.3057,1774034183969
binance,gate,FUNUSDT,0.00137700,0.03067,2127.3057,1774034184269
binance,gate,FUNUSDT,0.00137700,0.03067,2127.3057,1774034184569
binance,gate,FUNUSDT,0.00137700,0.03067,2127.3057,1774034184870
binance,gate,FUNUSDT,0.00137700,0.0307,2129.4844,1774034185170
binance,gate,FUNUSDT,0.00137700,0.0307,2129.4844,1774034185470
binance,gate,FUNUSDT,0.00137700,0.0307,2129.4844,1774034185770
binance,gate,FUNUSDT,0.00137700,0.0307,2129.4844,1774034186070
binance,gate,FUNUSDT,0.00137700,0.0307,2129.4844,1774034186370
binance,gate,FUNUSDT,0.00137700,0.0307,2129.4844,1774034186671
binance,gate,FUNUSDT,0.00137700,0.0307,2129.4844,1774034186971
binance,gate,FUNUSDT,0.00137700,0.0307,2129.4844,1774034187271
binance,gate,FUNUSDT,0.00137700,0.0307,2129.4844,1774034187571
binance,gate,FUNUSDT,0.00137700,0.0307,2129.4844,1774034187872
binance,gate,FUNUSDT,0.00137700,0.0307,2129.4844,1774034188172
binance,gate,FUNUSDT,0.00137700,0.0307,2129.4844,1774034188472
binance,gate,FUNUSDT,0.00137700,0.0307,2129.4844,1774034188772
binance,gate,FUNUSDT,0.00137700,0.0307,2129.4844,1774034189073
binance,gate,FUNUSDT,0.00137700,0.0307,2129.4844,1774034189373
binance,gate,FUNUSDT,0.00137700,0.0307,2129.4844,1774034189673
binance,gate,FUNUSDT,0.00137700,0.0307,2129.4844,1774034189973
binance,gate,FUNUSDT,0.00137700,0.0307,2129.4844,1774034190273
binance,gate,FUNUSDT,0.00137700,0.0307,2129.4844,1774034190574
binance,gate,FUNUSDT,0.00137700,0.0307,2129.4844,1774034190874
binance,gate,FUNUSDT,0.00137700,0.0307,2129.4844,1774034191174
binance,gate,FUNUSDT,0.00137700,0.0307,2129.4844,1774034191475
binance,gate,FUNUSDT,0.00137700,0.0307,2129.4844,1774034191775
binance,gate,FUNUSDT,0.00137700,0.0307,2129.4844,1774034192076
binance,gate,FUNUSDT,0.00137700,0.0307,2129.4844,1774034192376
binance,gate,FUNUSDT,0.00137700,0.0307,2129.4844,1774034192677
binance,gate,FUNUSDT,0.00137700,0.0307,2129.4844,1774034192978
binance,gate,FUNUSDT,0.00137700,0.0307,2129.4844,1774034193279
binance,gate,FUNUSDT,0.00137700,0.0307,2129.4844,1774034193579
binance,gate,FUNUSDT,0.00137700,0.0307,2129.4844,1774034193879
binance,gate,FUNUSDT,0.00137700,0.0307,2129.4844,1774034194179
binance,gate,FUNUSDT,0.00137700,0.0307,2129.4844,1774034194480
binance,gate,FUNUSDT,0.00137700,0.03073,2131.663,1774034194780
binance,gate,FUNUSDT,0.00137700,0.03073,2131.663,1774034195081
binance,gate,FUNUSDT,0.00137700,0.03073,2131.663,1774034195381
binance,gate,FUNUSDT,0.00137700,0.03073,2131.663,1774034195688
binance,gate,FUNUSDT,0.00137700,0.03073,2131.663,1774034195989
binance,gate,FUNUSDT,0.00137700,0.03073,2131.663,1774034196289
binance,gate,FUNUSDT,0.00137700,0.03073,2131.663,1774034196590
binance,gate,FUNUSDT,0.00137700,0.03073,2131.663,1774034196890
binance,gate,FUNUSDT,0.00137700,0.03073,2131.663,1774034197190
binance,gate,FUNUSDT,0.00137700,0.03073,2131.663,1774034197491
binance,gate,FUNUSDT,0.00137700,0.03073,2131.663,1774034197792
binance,gate,FUNUSDT,0.00137700,0.03073,2131.663,1774034198092
binance,gate,FUNUSDT,0.00137700,0.03073,2131.663,1774034198393
binance,gate,FUNUSDT,0.00137700,0.03073,2131.663,1774034198693
binance,gate,FUNUSDT,0.00137700,0.03073,2131.663,1774034198993
binance,gate,FUNUSDT,0.00137700,0.03073,2131.663,1774034199293
binance,gate,FUNUSDT,0.00137700,0.03073,2131.663,1774034199593
binance,gate,FUNUSDT,0.00137700,0.03073,2131.663,1774034199893
binance,gate,FUNUSDT,0.00137700,0.03073,2131.663,1774034200194
binance,gate,FUNUSDT,0.00137700,0.03073,2131.663,1774034200494
binance,gate,FUNUSDT,0.00137700,0.03073,2131.663,1774034200795
binance,gate,FUNUSDT,0.00137700,0.03073,2131.663,1774034201095
binance,gate,FUNUSDT,0.00137700,0.03073,2131.663,1774034201395
binance,gate,FUNUSDT,0.00137700,0.03073,2131.663,1774034201695
binance,gate,FUNUSDT,0.00137700,0.03073,2131.663,1774034201995
binance,gate,FUNUSDT,0.00137700,0.03073,2131.663,1774034202296
binance,gate,FUNUSDT,0.00137700,0.03073,2131.663,1774034202596
binance,gate,FUNUSDT,0.00137700,0.03073,2131.663,1774034202897
binance,gate,FUNUSDT,0.00137700,0.03073,2131.663,1774034203198
binance,gate,FUNUSDT,0.00137700,0.03073,2131.663,1774034203498
binance,gate,FUNUSDT,0.00137700,0.0307,2129.4844,1774034203799
binance,gate,FUNUSDT,0.00137700,0.0307,2129.4844,1774034204099
binance,gate,FUNUSDT,0.00137700,0.0307,2129.4844,1774034204400
binance,gate,FUNUSDT,0.00137700,0.0307,2129.4844,1774034204700
binance,gate,FUNUSDT,0.00137700,0.0307,2129.4844,1774034205000
binance,gate,FUNUSDT,0.00137700,0.0307,2129.4844,1774034205300
binance,gate,FUNUSDT,0.00137700,0.0307,2129.4844,1774034205600
binance,gate,FUNUSDT,0.00137700,0.0307,2129.4844,1774034205900
binance,gate,FUNUSDT,0.00137700,0.0307,2129.4844,1774034206201
binance,gate,FUNUSDT,0.00137700,0.0307,2129.4844,1774034206501
binance,gate,FUNUSDT,0.00137700,0.0307,2129.4844,1774034206801
binance,gate,FUNUSDT,0.00137700,0.0307,2129.4844,1774034207102
binance,gate,FUNUSDT,0.00137700,0.0307,2129.4844,1774034207402
binance,gate,FUNUSDT,0.00137700,0.0307,2129.4844,1774034207703
binance,gate,FUNUSDT,0.00137700,0.0307,2129.4844,1774034208004
binance,gate,FUNUSDT,0.00137700,0.0307,2129.4844,1774034208304
binance,gate,FUNUSDT,0.00137700,0.0307,2129.4844,1774034208604
binance,gate,FUNUSDT,0.00137700,0.0307,2129.4844,1774034208904
binance,gate,FUNUSDT,0.00137700,0.0307,2129.4844,1774034209205
binance,gate,FUNUSDT,0.00137700,0.0307,2129.4844,1774034209506
binance,gate,FUNUSDT,0.00137700,0.0307,2129.4844,1774034209806
binance,gate,FUNUSDT,0.00137700,0.0307,2129.4844,1774034210106
binance,gate,FUNUSDT,0.00137700,0.0307,2129.4844,1774034210406
binance,gate,FUNUSDT,0.00137700,0.0307,2129.4844,1774034210707
binance,gate,FUNUSDT,0.00137700,0.0307,2129.4844,1774034211007
binance,gate,FUNUSDT,0.00137700,0.0307,2129.4844,1774034211307
binance,gate,FUNUSDT,0.00137700,0.0307,2129.4844,1774034211608
binance,gate,FUNUSDT,0.00137700,0.0307,2129.4844,1774034211908
binance,gate,FUNUSDT,0.00137700,0.0307,2129.4844,1774034212208
binance,gate,FUNUSDT,0.00137700,0.0307,2129.4844,1774034212508
binance,gate,FUNUSDT,0.00137700,0.0307,2129.4844,1774034212809
binance,gate,FUNUSDT,0.00137700,0.0307,2129.4844,1774034213109
binance,gate,FUNUSDT,0.00137700,0.0307,2129.4844,1774034213410
binance,gate,FUNUSDT,0.00137700,0.0307,2129.4844,1774034213710
binance,gate,FUNUSDT,0.00137700,0.0307,2129.4844,1774034214010
binance,gate,FUNUSDT,0.00137700,0.0307,2129.4844,1774034214311
binance,gate,FUNUSDT,0.00137700,0.0307,2129.4844,1774034214611
binance,gate,FUNUSDT,0.00137700,0.0307,2129.4844,1774034214911
binance,gate,FUNUSDT,0.00137700,0.0307,2129.4844,1774034215212
binance,gate,FUNUSDT,0.00137700,0.0307,2129.4844,1774034215512
binance,gate,FUNUSDT,0.00137700,0.0307,2129.4844,1774034215812
binance,gate,FUNUSDT,0.00137700,0.03069,2128.7582,1774034216112
binance,gate,FUNUSDT,0.00137700,0.03069,2128.7582,1774034216412
binance,gate,FUNUSDT,0.00137700,0.03069,2128.7582,1774034216712
binance,gate,FUNUSDT,0.00137700,0.03069,2128.7582,1774034217012
binance,gate,FUNUSDT,0.00137700,0.03069,2128.7582,1774034217313
binance,gate,FUNUSDT,0.00137700,0.03069,2128.7582,1774034217613
binance,gate,FUNUSDT,0.00137700,0.03069,2128.7582,1774034217913
binance,gate,FUNUSDT,0.00137700,0.03069,2128.7582,1774034218213
binance,gate,FUNUSDT,0.00137700,0.03069,2128.7582,1774034218513
binance,gate,FUNUSDT,0.00137700,0.03069,2128.7582,1774034218813
binance,gate,FUNUSDT,0.00137700,0.03069,2128.7582,1774034219113
binance,gate,FUNUSDT,0.00137700,0.03069,2128.7582,1774034219415
binance,gate,FUNUSDT,0.00137700,0.03069,2128.7582,1774034219715
binance,gate,FUNUSDT,0.00137700,0.03069,2128.7582,1774034220015
binance,gate,FUNUSDT,0.00137700,0.03069,2128.7582,1774034220316
binance,gate,FUNUSDT,0.00137700,0.03069,2128.7582,1774034220616
binance,gate,FUNUSDT,0.00137700,0.03069,2128.7582,1774034220916
binance,gate,FUNUSDT,0.00137700,0.03069,2128.7582,1774034221216
binance,gate,FUNUSDT,0.00137700,0.03069,2128.7582,1774034221516
binance,gate,FUNUSDT,0.00137700,0.03069,2128.7582,1774034221816
binance,gate,FUNUSDT,0.00137700,0.03069,2128.7582,1774034222117
binance,gate,FUNUSDT,0.00137700,0.03069,2128.7582,1774034222417
binance,gate,FUNUSDT,0.00137700,0.03069,2128.7582,1774034222717
binance,gate,FUNUSDT,0.00137700,0.03069,2128.7582,1774034223017
binance,gate,FUNUSDT,0.00137700,0.03069,2128.7582,1774034223318
binance,gate,FUNUSDT,0.00137700,0.03069,2128.7582,1774034223618
binance,gate,FUNUSDT,0.00137700,0.03069,2128.7582,1774034223919
binance,gate,FUNUSDT,0.00137700,0.03069,2128.7582,1774034224219
binance,gate,FUNUSDT,0.00137700,0.03069,2128.7582,1774034224520
binance,gate,FUNUSDT,0.00137700,0.0307,2129.4844,1774034224820
binance,gate,FUNUSDT,0.00137700,0.03069,2128.7582,1774034225120
binance,gate,FUNUSDT,0.00137700,0.03069,2128.7582,1774034225421
binance,gate,FUNUSDT,0.00137700,0.03069,2128.7582,1774034225721
binance,gate,FUNUSDT,0.00137700,0.03069,2128.7582,1774034226021
binance,gate,FUNUSDT,0.00137700,0.03069,2128.7582,1774034226322
binance,gate,FUNUSDT,0.00137700,0.03069,2128.7582,1774034226622
binance,gate,FUNUSDT,0.00137700,0.03069,2128.7582,1774034226922
binance,gate,FUNUSDT,0.00137700,0.03069,2128.7582,1774034227222
binance,gate,FUNUSDT,0.00137700,0.03069,2128.7582,1774034227522
binance,gate,FUNUSDT,0.00137700,0.03069,2128.7582,1774034227823
binance,gate,FUNUSDT,0.00137700,0.03069,2128.7582,1774034228123
binance,gate,FUNUSDT,0.00137700,0.03069,2128.7582,1774034228423
binance,gate,FUNUSDT,0.00137700,0.03069,2128.7582,1774034228723
binance,gate,FUNUSDT,0.00137700,0.03069,2128.7582,1774034229023
binance,gate,FUNUSDT,0.00137700,0.03069,2128.7582,1774034229323
binance,gate,FUNUSDT,0.00137700,0.03069,2128.7582,1774034229624
binance,gate,FUNUSDT,0.00137700,0.03069,2128.7582,1774034229924
binance,gate,FUNUSDT,0.00137700,0.03069,2128.7582,1774034230224
binance,gate,FUNUSDT,0.00137700,0.03069,2128.7582,1774034230525
binance,gate,FUNUSDT,0.00137700,0.0307,2129.4844,1774034230825
binance,gate,FUNUSDT,0.00137700,0.0307,2129.4844,1774034231125
binance,gate,FUNUSDT,0.00137700,0.0307,2129.4844,1774034231425
binance,gate,FUNUSDT,0.00137700,0.0307,2129.4844,1774034231725
binance,gate,FUNUSDT,0.00137700,0.03069,2128.7582,1774034232025
binance,gate,FUNUSDT,0.00137700,0.03069,2128.7582,1774034232326
binance,gate,FUNUSDT,0.00137700,0.03069,2128.7582,1774034232626
binance,gate,FUNUSDT,0.00137700,0.03069,2128.7582,1774034232926
binance,gate,FUNUSDT,0.00137700,0.03069,2128.7582,1774034233227
binance,gate,FUNUSDT,0.00137700,0.0307,2129.4844,1774034233527
binance,gate,FUNUSDT,0.00137700,0.0307,2129.4844,1774034233828
binance,gate,FUNUSDT,0.00137700,0.03069,2128.7582,1774034234128
binance,gate,FUNUSDT,0.00137700,0.03069,2128.7582,1774034234428
binance,gate,FUNUSDT,0.00137700,0.03069,2128.7582,1774034234729
binance,gate,FUNUSDT,0.00137700,0.03069,2128.7582,1774034235029
binance,gate,FUNUSDT,0.00137700,0.03069,2128.7582,1774034235329
binance,gate,FUNUSDT,0.00137700,0.03069,2128.7582,1774034235629
binance,gate,FUNUSDT,0.00137700,0.03069,2128.7582,1774034235929
binance,gate,FUNUSDT,0.00137700,0.03069,2128.7582,1774034236230
binance,gate,FUNUSDT,0.00137700,0.03069,2128.7582,1774034236530
binance,gate,FUNUSDT,0.00137700,0.03069,2128.7582,1774034236830
binance,gate,FUNUSDT,0.00137700,0.03069,2128.7582,1774034237130
binance,gate,FUNUSDT,0.00137700,0.03069,2128.7582,1774034237430
binance,gate,FUNUSDT,0.00137700,0.03069,2128.7582,1774034237731
binance,gate,FUNUSDT,0.00137700,0.03069,2128.7582,1774034238032
binance,gate,FUNUSDT,0.00137700,0.03069,2128.7582,1774034238332
binance,gate,FUNUSDT,0.00137700,0.03069,2128.7582,1774034238632
binance,gate,FUNUSDT,0.00137700,0.03069,2128.7582,1774034238932
binance,gate,FUNUSDT,0.00137700,0.03069,2128.7582,1774034239232
binance,gate,FUNUSDT,0.00137700,0.03069,2128.7582,1774034239532
binance,gate,FUNUSDT,0.00137700,0.03069,2128.7582,1774034239833
binance,gate,FUNUSDT,0.00137700,0.03069,2128.7582,1774034240133
binance,gate,FUNUSDT,0.00137700,0.03069,2128.7582,1774034240434
binance,gate,FUNUSDT,0.00137700,0.03069,2128.7582,1774034240734
binance,gate,FUNUSDT,0.00137700,0.03069,2128.7582,1774034241035
binance,gate,FUNUSDT,0.00137700,0.03069,2128.7582,1774034241335
binance,gate,FUNUSDT,0.00137700,0.03069,2128.7582,1774034241641
binance,gate,FUNUSDT,0.00137700,0.03069,2128.7582,1774034241941
binance,gate,FUNUSDT,0.00137700,0.03069,2128.7582,1774034242242
binance,gate,FUNUSDT,0.00137500,0.03069,2132.0,1774034242542
binance,gate,FUNUSDT,0.00137500,0.03069,2132.0,1774034242842
binance,gate,FUNUSDT,0.00137500,0.03069,2132.0,1774034243143
binance,gate,FUNUSDT,0.00137500,0.03069,2132.0,1774034243443
binance,gate,FUNUSDT,0.00137500,0.03069,2132.0,1774034243743
binance,gate,FUNUSDT,0.00137500,0.03069,2132.0,1774034244043
binance,gate,FUNUSDT,0.00137500,0.03069,2132.0,1774034244343
binance,gate,FUNUSDT,0.00137500,0.03069,2132.0,1774034244644
binance,gate,FUNUSDT,0.00137500,0.03069,2132.0,1774034244944
binance,gate,FUNUSDT,0.00137500,0.03069,2132.0,1774034245244
binance,gate,FUNUSDT,0.00137500,0.03069,2132.0,1774034245544
binance,gate,FUNUSDT,0.00137500,0.03069,2132.0,1774034245845
binance,gate,FUNUSDT,0.00137500,0.03069,2132.0,1774034246146
binance,gate,FUNUSDT,0.00137500,0.03069,2132.0,1774034246446
binance,gate,FUNUSDT,0.00137500,0.03069,2132.0,1774034246746
binance,gate,FUNUSDT,0.00137500,0.03069,2132.0,1774034247046
binance,gate,FUNUSDT,0.00137500,0.03069,2132.0,1774034247347
binance,gate,FUNUSDT,0.00137500,0.03069,2132.0,1774034247647
binance,gate,FUNUSDT,0.00137500,0.03069,2132.0,1774034247947
binance,gate,FUNUSDT,0.00137500,0.03069,2132.0,1774034248248
binance,gate,FUNUSDT,0.00137500,0.03069,2132.0,1774034248548
binance,gate,FUNUSDT,0.00137500,0.03069,2132.0,1774034248848
binance,gate,FUNUSDT,0.00137500,0.03069,2132.0,1774034249153
binance,gate,FUNUSDT,0.00137500,0.03069,2132.0,1774034249453
binance,gate,FUNUSDT,0.00137500,0.03069,2132.0,1774034249754
binance,gate,FUNUSDT,0.00137500,0.03069,2132.0,1774034250054
binance,gate,FUNUSDT,0.00137500,0.03069,2132.0,1774034250355
binance,gate,FUNUSDT,0.00137500,0.03069,2132.0,1774034250655
binance,gate,FUNUSDT,0.00137500,0.03069,2132.0,1774034250955
binance,gate,FUNUSDT,0.00137500,0.03069,2132.0,1774034251256
binance,gate,FUNUSDT,0.00137500,0.03069,2132.0,1774034251557
binance,gate,FUNUSDT,0.00137500,0.03069,2132.0,1774034251859
binance,gate,FUNUSDT,0.00137500,0.03069,2132.0,1774034252159
binance,gate,FUNUSDT,0.00137500,0.03069,2132.0,1774034252459
binance,gate,FUNUSDT,0.00137500,0.03069,2132.0,1774034252759
binance,gate,FUNUSDT,0.00137500,0.03069,2132.0,1774034253060
binance,gate,FUNUSDT,0.00137500,0.03069,2132.0,1774034253360
binance,gate,FUNUSDT,0.00137500,0.03069,2132.0,1774034253660
binance,gate,FUNUSDT,0.00137500,0.03073,2134.9091,1774034253960
binance,gate,FUNUSDT,0.00137500,0.03073,2134.9091,1774034254261
binance,gate,FUNUSDT,0.00137500,0.03073,2134.9091,1774034254561
binance,gate,FUNUSDT,0.00137500,0.03073,2134.9091,1774034254861
binance,gate,FUNUSDT,0.00137500,0.03073,2134.9091,1774034255161
binance,gate,FUNUSDT,0.00137500,0.03073,2134.9091,1774034255462
binance,gate,FUNUSDT,0.00137500,0.03073,2134.9091,1774034255762
binance,gate,FUNUSDT,0.00137500,0.03073,2134.9091,1774034256062
binance,gate,FUNUSDT,0.00137500,0.03073,2134.9091,1774034256362
binance,gate,FUNUSDT,0.00137500,0.03073,2134.9091,1774034256662
binance,gate,FUNUSDT,0.00137500,0.03073,2134.9091,1774034256963
binance,gate,FUNUSDT,0.00137500,0.03073,2134.9091,1774034257263
binance,gate,FUNUSDT,0.00137500,0.03073,2134.9091,1774034257563
binance,gate,FUNUSDT,0.00137500,0.03073,2134.9091,1774034257863
binance,gate,FUNUSDT,0.00137500,0.03073,2134.9091,1774034258163
binance,gate,FUNUSDT,0.00137500,0.03073,2134.9091,1774034258463
binance,gate,FUNUSDT,0.00137500,0.03073,2134.9091,1774034258764
binance,gate,FUNUSDT,0.00137500,0.03073,2134.9091,1774034259065
binance,gate,FUNUSDT,0.00137500,0.03073,2134.9091,1774034259365
