spot_exch,fut_exch,symbol,ask_spot,bid_futures,spread_pct,ts
binance,gate,FUNUSDT,0.00137900,0.03078,2132.0522,1774036599568
binance,gate,FUNUSDT,0.00137900,0.03078,2132.0522,1774036599868
binance,gate,FUNUSDT,0.00137900,0.03079,2132.7774,1774036600169
binance,gate,FUNUSDT,0.00137900,0.03079,2132.7774,1774036600470
binance,gate,FUNUSDT,0.00137900,0.03079,2132.7774,1774036600770
binance,gate,FUNUSDT,0.00137900,0.03079,2132.7774,1774036601070
binance,gate,FUNUSDT,0.00137900,0.03079,2132.7774,1774036601370
binance,gate,FUNUSDT,0.00137900,0.03079,2132.7774,1774036601670
binance,gate,FUNUSDT,0.00137900,0.03079,2132.7774,1774036601970
binance,gate,FUNUSDT,0.00137900,0.03079,2132.7774,1774036602271
binance,gate,FUNUSDT,0.00137900,0.03079,2132.7774,1774036602573
binance,gate,FUNUSDT,0.00137900,0.03079,2132.7774,1774036602873
binance,gate,FUNUSDT,0.00137900,0.03079,2132.7774,1774036603173
binance,gate,FUNUSDT,0.00137900,0.03079,2132.7774,1774036603474
binance,gate,FUNUSDT,0.00137900,0.03079,2132.7774,1774036603774
binance,gate,FUNUSDT,0.00137900,0.03079,2132.7774,1774036604074
binance,gate,FUNUSDT,0.00137900,0.03079,2132.7774,1774036604374
binance,gate,FUNUSDT,0.00137900,0.03079,2132.7774,1774036604675
binance,gate,FUNUSDT,0.00137900,0.03079,2132.7774,1774036604975
binance,gate,FUNUSDT,0.00137900,0.03079,2132.7774,1774036605275
binance,gate,FUNUSDT,0.00137900,0.03079,2132.7774,1774036605576
binance,gate,FUNUSDT,0.00137900,0.03079,2132.7774,1774036605876
binance,gate,FUNUSDT,0.00137900,0.03079,2132.7774,1774036606176
binance,gate,FUNUSDT,0.00137900,0.03079,2132.7774,1774036606477
binance,gate,FUNUSDT,0.00137900,0.03079,2132.7774,1774036606778
binance,gate,FUNUSDT,0.00137900,0.03079,2132.7774,1774036607078
binance,gate,FUNUSDT,0.00137900,0.03078,2132.0522,1774036607378
binance,gate,FUNUSDT,0.00137900,0.03076,2130.6019,1774036607679
binance,gate,FUNUSDT,0.00137900,0.03076,2130.6019,1774036607979
binance,gate,FUNUSDT,0.00137900,0.03076,2130.6019,1774036608279
binance,gate,FUNUSDT,0.00137900,0.03076,2130.6019,1774036608580
binance,gate,FUNUSDT,0.00137900,0.03077,2131.327,1774036608881
binance,gate,FUNUSDT,0.00137900,0.03081,2134.2277,1774036609181
binance,gate,FUNUSDT,0.00137900,0.03081,2134.2277,1774036609482
binance,gate,FUNUSDT,0.00137900,0.03081,2134.2277,1774036609782
binance,gate,FUNUSDT,0.00137900,0.03081,2134.2277,1774036610082
binance,gate,FUNUSDT,0.00137900,0.03081,2134.2277,1774036610382
binance,gate,FUNUSDT,0.00137900,0.03081,2134.2277,1774036610683
binance,gate,FUNUSDT,0.00137900,0.03081,2134.2277,1774036610984
binance,gate,FUNUSDT,0.00137900,0.03081,2134.2277,1774036611284
binance,gate,FUNUSDT,0.00137900,0.03081,2134.2277,1774036611584
binance,gate,FUNUSDT,0.00137900,0.03081,2134.2277,1774036611884
binance,gate,FUNUSDT,0.00137900,0.03081,2134.2277,1774036612184
binance,gate,FUNUSDT,0.00137900,0.03081,2134.2277,1774036612485
binance,gate,FUNUSDT,0.00137900,0.03081,2134.2277,1774036612785
binance,gate,FUNUSDT,0.00137900,0.03081,2134.2277,1774036613085
binance,gate,FUNUSDT,0.00137900,0.03081,2134.2277,1774036613386
binance,gate,FUNUSDT,0.00137900,0.03081,2134.2277,1774036613686
binance,gate,FUNUSDT,0.00137900,0.03081,2134.2277,1774036613987
binance,gate,FUNUSDT,0.00137900,0.03076,2130.6019,1774036614287
binance,gate,FUNUSDT,0.00137900,0.03076,2130.6019,1774036614587
binance,gate,FUNUSDT,0.00137900,0.03076,2130.6019,1774036614887
binance,gate,FUNUSDT,0.00137900,0.03076,2130.6019,1774036615188
binance,gate,FUNUSDT,0.00137900,0.03076,2130.6019,1774036615488
binance,gate,FUNUSDT,0.00137900,0.03076,2130.6019,1774036615788
binance,gate,FUNUSDT,0.00137900,0.03076,2130.6019,1774036616088
binance,gate,FUNUSDT,0.00137900,0.03076,2130.6019,1774036616389
binance,gate,FUNUSDT,0.00137900,0.03076,2130.6019,1774036616690
binance,gate,FUNUSDT,0.00137900,0.03076,2130.6019,1774036616991
binance,gate,FUNUSDT,0.00137900,0.03076,2130.6019,1774036617291
binance,gate,FUNUSDT,0.00137900,0.03076,2130.6019,1774036617591
binance,gate,FUNUSDT,0.00137900,0.03076,2130.6019,1774036617891
binance,gate,FUNUSDT,0.00137900,0.03076,2130.6019,1774036618191
binance,gate,FUNUSDT,0.00137900,0.03076,2130.6019,1774036618492
binance,gate,FUNUSDT,0.00137900,0.03076,2130.6019,1774036618792
binance,gate,FUNUSDT,0.00137900,0.03076,2130.6019,1774036619092
binance,gate,FUNUSDT,0.00137900,0.03076,2130.6019,1774036619392
binance,gate,FUNUSDT,0.00137900,0.03076,2130.6019,1774036619692
binance,gate,FUNUSDT,0.00137900,0.03076,2130.6019,1774036619993
binance,gate,FUNUSDT,0.00137900,0.03076,2130.6019,1774036620293
binance,gate,FUNUSDT,0.00137900,0.03076,2130.6019,1774036620593
binance,gate,FUNUSDT,0.00137900,0.03076,2130.6019,1774036620893
binance,gate,FUNUSDT,0.00137900,0.03076,2130.6019,1774036621193
binance,gate,FUNUSDT,0.00137900,0.03076,2130.6019,1774036621494
binance,gate,FUNUSDT,0.00137900,0.03076,2130.6019,1774036621795
binance,gate,FUNUSDT,0.00137900,0.03076,2130.6019,1774036622095
binance,gate,FUNUSDT,0.00137900,0.03076,2130.6019,1774036622395
binance,gate,FUNUSDT,0.00137900,0.03076,2130.6019,1774036622695
binance,gate,FUNUSDT,0.00137900,0.03076,2130.6019,1774036622997
binance,gate,FUNUSDT,0.00137900,0.03076,2130.6019,1774036623297
binance,gate,FUNUSDT,0.00137900,0.03076,2130.6019,1774036623597
binance,gate,FUNUSDT,0.00137900,0.03076,2130.6019,1774036623897
binance,gate,FUNUSDT,0.00137900,0.03076,2130.6019,1774036624198
binance,gate,FUNUSDT,0.00137900,0.03076,2130.6019,1774036624498
binance,gate,FUNUSDT,0.00137900,0.03081,2134.2277,1774036624799
binance,gate,FUNUSDT,0.00137900,0.03081,2134.2277,1774036625099
binance,gate,FUNUSDT,0.00137900,0.03081,2134.2277,1774036625399
binance,gate,FUNUSDT,0.00137900,0.03081,2134.2277,1774036625699
binance,gate,FUNUSDT,0.00137900,0.03081,2134.2277,1774036626000
binance,gate,FUNUSDT,0.00137900,0.03081,2134.2277,1774036626300
binance,gate,FUNUSDT,0.00137900,0.03081,2134.2277,1774036626601
binance,gate,FUNUSDT,0.00137900,0.03081,2134.2277,1774036626901
binance,gate,FUNUSDT,0.00137900,0.03081,2134.2277,1774036627201
binance,gate,FUNUSDT,0.00137900,0.03081,2134.2277,1774036627501
binance,gate,FUNUSDT,0.00137900,0.03081,2134.2277,1774036627802
binance,gate,FUNUSDT,0.00137900,0.03081,2134.2277,1774036628102
binance,gate,FUNUSDT,0.00137900,0.03081,2134.2277,1774036628403
binance,gate,FUNUSDT,0.00137900,0.03081,2134.2277,1774036628704
binance,gate,FUNUSDT,0.00137900,0.03081,2134.2277,1774036629004
binance,gate,FUNUSDT,0.00137900,0.03081,2134.2277,1774036629304
binance,gate,FUNUSDT,0.00137900,0.03081,2134.2277,1774036629604
binance,gate,FUNUSDT,0.00137900,0.03081,2134.2277,1774036629904
binance,gate,FUNUSDT,0.00137900,0.03081,2134.2277,1774036630205
binance,gate,FUNUSDT,0.00137900,0.03081,2134.2277,1774036630505
binance,gate,FUNUSDT,0.00137900,0.03081,2134.2277,1774036630805
binance,gate,FUNUSDT,0.00137900,0.03081,2134.2277,1774036631106
binance,gate,FUNUSDT,0.00137900,0.03081,2134.2277,1774036631406
binance,gate,FUNUSDT,0.00137900,0.03081,2134.2277,1774036631707
binance,gate,FUNUSDT,0.00137900,0.03081,2134.2277,1774036632007
binance,gate,FUNUSDT,0.00137900,0.03081,2134.2277,1774036632307
binance,gate,FUNUSDT,0.00137900,0.03081,2134.2277,1774036632608
binance,gate,FUNUSDT,0.00137900,0.03081,2134.2277,1774036632908
binance,gate,FUNUSDT,0.00137900,0.03081,2134.2277,1774036633208
binance,gate,FUNUSDT,0.00137900,0.03081,2134.2277,1774036633509
binance,gate,FUNUSDT,0.00137900,0.03081,2134.2277,1774036633809
binance,gate,FUNUSDT,0.00137900,0.03081,2134.2277,1774036634109
binance,gate,FUNUSDT,0.00137900,0.03081,2134.2277,1774036634410
binance,gate,FUNUSDT,0.00137900,0.03081,2134.2277,1774036634710
binance,gate,FUNUSDT,0.00137900,0.03081,2134.2277,1774036635010
binance,gate,FUNUSDT,0.00137900,0.03081,2134.2277,1774036635310
binance,gate,FUNUSDT,0.00137900,0.03081,2134.2277,1774036635610
binance,gate,FUNUSDT,0.00137900,0.03081,2134.2277,1774036635911
binance,gate,FUNUSDT,0.00137900,0.03081,2134.2277,1774036636211
binance,gate,FUNUSDT,0.00137900,0.03081,2134.2277,1774036636511
binance,gate,FUNUSDT,0.00137900,0.03081,2134.2277,1774036636812
binance,gate,FUNUSDT,0.00137900,0.03081,2134.2277,1774036637112
binance,gate,FUNUSDT,0.00137900,0.03081,2134.2277,1774036637412
binance,gate,FUNUSDT,0.00137900,0.03081,2134.2277,1774036637712
binance,gate,FUNUSDT,0.00137900,0.03081,2134.2277,1774036638012
binance,gate,FUNUSDT,0.00137900,0.03081,2134.2277,1774036638312
binance,gate,FUNUSDT,0.00137900,0.03081,2134.2277,1774036638613
binance,gate,FUNUSDT,0.00137900,0.03081,2134.2277,1774036638913
binance,gate,FUNUSDT,0.00137900,0.03081,2134.2277,1774036639213
binance,gate,FUNUSDT,0.00137900,0.03081,2134.2277,1774036639513
binance,gate,FUNUSDT,0.00137900,0.03081,2134.2277,1774036639814
binance,gate,FUNUSDT,0.00137900,0.03081,2134.2277,1774036640115
binance,gate,FUNUSDT,0.00137900,0.03081,2134.2277,1774036640415
binance,gate,FUNUSDT,0.00137900,0.03081,2134.2277,1774036640715
binance,gate,FUNUSDT,0.00137900,0.03081,2134.2277,1774036641015
binance,gate,FUNUSDT,0.00137900,0.03081,2134.2277,1774036641315
binance,gate,FUNUSDT,0.00137900,0.03081,2134.2277,1774036641615
binance,gate,FUNUSDT,0.00137900,0.03081,2134.2277,1774036641916
binance,gate,FUNUSDT,0.00137900,0.03081,2134.2277,1774036642217
binance,gate,FUNUSDT,0.00137900,0.03081,2134.2277,1774036642517
binance,gate,FUNUSDT,0.00137900,0.03081,2134.2277,1774036642817
binance,gate,FUNUSDT,0.00137900,0.03081,2134.2277,1774036643118
binance,gate,FUNUSDT,0.00137900,0.03081,2134.2277,1774036643419
binance,gate,FUNUSDT,0.00137900,0.03081,2134.2277,1774036643719
binance,gate,FUNUSDT,0.00137900,0.03081,2134.2277,1774036644019
binance,gate,FUNUSDT,0.00137900,0.03081,2134.2277,1774036644320
binance,gate,FUNUSDT,0.00137900,0.03081,2134.2277,1774036644620
binance,gate,FUNUSDT,0.00137900,0.03081,2134.2277,1774036644921
binance,gate,FUNUSDT,0.00137900,0.03081,2134.2277,1774036645221
binance,gate,FUNUSDT,0.00137900,0.03081,2134.2277,1774036645521
binance,gate,FUNUSDT,0.00137900,0.03081,2134.2277,1774036645821
binance,gate,FUNUSDT,0.00137900,0.03081,2134.2277,1774036646122
binance,gate,FUNUSDT,0.00137900,0.03081,2134.2277,1774036646422
binance,gate,FUNUSDT,0.00137900,0.03081,2134.2277,1774036646722
binance,gate,FUNUSDT,0.00137900,0.03081,2134.2277,1774036647022
binance,gate,FUNUSDT,0.00137900,0.03081,2134.2277,1774036647322
binance,gate,FUNUSDT,0.00137900,0.03081,2134.2277,1774036647622
binance,gate,FUNUSDT,0.00137900,0.03081,2134.2277,1774036647922
binance,gate,FUNUSDT,0.00137900,0.03081,2134.2277,1774036648223
binance,gate,FUNUSDT,0.00137900,0.03081,2134.2277,1774036648524
binance,gate,FUNUSDT,0.00137900,0.03081,2134.2277,1774036648824
binance,gate,FUNUSDT,0.00137900,0.03081,2134.2277,1774036649124
binance,gate,FUNUSDT,0.00137900,0.03081,2134.2277,1774036649425
binance,gate,FUNUSDT,0.00137900,0.03081,2134.2277,1774036649725
binance,gate,FUNUSDT,0.00137900,0.03081,2134.2277,1774036650025
binance,gate,FUNUSDT,0.00137900,0.03081,2134.2277,1774036650325
binance,gate,FUNUSDT,0.00137900,0.03081,2134.2277,1774036650625
binance,gate,FUNUSDT,0.00137900,0.03081,2134.2277,1774036650925
binance,gate,FUNUSDT,0.00137900,0.03081,2134.2277,1774036651225
binance,gate,FUNUSDT,0.00137900,0.03081,2134.2277,1774036651525
binance,gate,FUNUSDT,0.00137900,0.03081,2134.2277,1774036651827
binance,gate,FUNUSDT,0.00137900,0.03081,2134.2277,1774036652127
binance,gate,FUNUSDT,0.00137900,0.03081,2134.2277,1774036652428
binance,gate,FUNUSDT,0.00137900,0.03081,2134.2277,1774036652728
binance,gate,FUNUSDT,0.00137900,0.03081,2134.2277,1774036653028
binance,gate,FUNUSDT,0.00137900,0.03081,2134.2277,1774036653328
binance,gate,FUNUSDT,0.00137900,0.03081,2134.2277,1774036653629
binance,gate,FUNUSDT,0.00137900,0.03081,2134.2277,1774036653929
binance,gate,FUNUSDT,0.00137900,0.03081,2134.2277,1774036654229
binance,gate,FUNUSDT,0.00137900,0.03081,2134.2277,1774036654530
binance,gate,FUNUSDT,0.00137900,0.03081,2134.2277,1774036654830
binance,gate,FUNUSDT,0.00137900,0.03081,2134.2277,1774036655130
binance,gate,FUNUSDT,0.00137900,0.03081,2134.2277,1774036655431
binance,gate,FUNUSDT,0.00137900,0.03081,2134.2277,1774036655732
binance,gate,FUNUSDT,0.00137900,0.03081,2134.2277,1774036656032
binance,gate,FUNUSDT,0.00137900,0.03081,2134.2277,1774036656332
binance,gate,FUNUSDT,0.00137900,0.03081,2134.2277,1774036656632
binance,gate,FUNUSDT,0.00137900,0.03081,2134.2277,1774036656932
binance,gate,FUNUSDT,0.00137900,0.03081,2134.2277,1774036657233
binance,gate,FUNUSDT,0.00137900,0.03081,2134.2277,1774036657533
binance,gate,FUNUSDT,0.00137900,0.03081,2134.2277,1774036657833
binance,gate,FUNUSDT,0.00137900,0.03081,2134.2277,1774036658133
binance,gate,FUNUSDT,0.00137900,0.03081,2134.2277,1774036658434
binance,gate,FUNUSDT,0.00137900,0.03081,2134.2277,1774036658735
binance,gate,FUNUSDT,0.00137900,0.03081,2134.2277,1774036659035
binance,gate,FUNUSDT,0.00137900,0.03081,2134.2277,1774036659335
binance,gate,FUNUSDT,0.00137900,0.03081,2134.2277,1774036659635
binance,gate,FUNUSDT,0.00137900,0.03081,2134.2277,1774036659935
binance,gate,FUNUSDT,0.00137900,0.03081,2134.2277,1774036660236
binance,gate,FUNUSDT,0.00137900,0.03081,2134.2277,1774036660536
binance,gate,FUNUSDT,0.00137900,0.03081,2134.2277,1774036660836
binance,gate,FUNUSDT,0.00137900,0.03081,2134.2277,1774036661136
binance,gate,FUNUSDT,0.00137900,0.03081,2134.2277,1774036661437
binance,gate,FUNUSDT,0.00137900,0.03081,2134.2277,1774036661737
binance,gate,FUNUSDT,0.00137900,0.03081,2134.2277,1774036662037
binance,gate,FUNUSDT,0.00137900,0.03081,2134.2277,1774036662337
binance,gate,FUNUSDT,0.00137900,0.03081,2134.2277,1774036662637
binance,gate,FUNUSDT,0.00137900,0.03081,2134.2277,1774036662937
binance,gate,FUNUSDT,0.00137900,0.03081,2134.2277,1774036663237
binance,gate,FUNUSDT,0.00137900,0.03081,2134.2277,1774036663538
binance,gate,FUNUSDT,0.00137900,0.03081,2134.2277,1774036663838
binance,gate,FUNUSDT,0.00137900,0.03081,2134.2277,1774036664138
binance,gate,FUNUSDT,0.00137900,0.03081,2134.2277,1774036664439
binance,gate,FUNUSDT,0.00137900,0.03081,2134.2277,1774036664739
binance,gate,FUNUSDT,0.00137900,0.03081,2134.2277,1774036665039
binance,gate,FUNUSDT,0.00137900,0.03081,2134.2277,1774036665339
binance,gate,FUNUSDT,0.00137900,0.03081,2134.2277,1774036665640
binance,gate,FUNUSDT,0.00137900,0.03081,2134.2277,1774036665940
binance,gate,FUNUSDT,0.00137900,0.03081,2134.2277,1774036666240
binance,gate,FUNUSDT,0.00137900,0.03081,2134.2277,1774036666540
binance,gate,FUNUSDT,0.00137900,0.03081,2134.2277,1774036666840
binance,gate,FUNUSDT,0.00137900,0.03081,2134.2277,1774036667141
binance,gate,FUNUSDT,0.00137900,0.03081,2134.2277,1774036667441
binance,gate,FUNUSDT,0.00137900,0.03081,2134.2277,1774036667741
binance,gate,FUNUSDT,0.00137900,0.03081,2134.2277,1774036668042
binance,gate,FUNUSDT,0.00137900,0.03081,2134.2277,1774036668342
binance,gate,FUNUSDT,0.00137900,0.03081,2134.2277,1774036668643
binance,gate,FUNUSDT,0.00137900,0.03081,2134.2277,1774036668943
binance,gate,FUNUSDT,0.00137900,0.03081,2134.2277,1774036669243
binance,gate,FUNUSDT,0.00137900,0.03081,2134.2277,1774036669543
binance,gate,FUNUSDT,0.00137900,0.03081,2134.2277,1774036669843
binance,gate,FUNUSDT,0.00137900,0.03081,2134.2277,1774036670144
binance,gate,FUNUSDT,0.00137900,0.03081,2134.2277,1774036670444
binance,gate,FUNUSDT,0.00137900,0.03081,2134.2277,1774036670745
binance,gate,FUNUSDT,0.00137900,0.03081,2134.2277,1774036671045
binance,gate,FUNUSDT,0.00137900,0.03081,2134.2277,1774036671345
binance,gate,FUNUSDT,0.00137900,0.03081,2134.2277,1774036671645
binance,gate,FUNUSDT,0.00137900,0.03081,2134.2277,1774036671945
binance,gate,FUNUSDT,0.00137900,0.03081,2134.2277,1774036672246
binance,gate,FUNUSDT,0.00137900,0.03081,2134.2277,1774036672546
binance,gate,FUNUSDT,0.00137900,0.03081,2134.2277,1774036672847
binance,gate,FUNUSDT,0.00137900,0.03081,2134.2277,1774036673147
binance,gate,FUNUSDT,0.00137900,0.03081,2134.2277,1774036673448
binance,gate,FUNUSDT,0.00137900,0.03081,2134.2277,1774036673748
binance,gate,FUNUSDT,0.00137900,0.03081,2134.2277,1774036674048
binance,gate,FUNUSDT,0.00137900,0.03081,2134.2277,1774036674348
binance,gate,FUNUSDT,0.00137900,0.03081,2134.2277,1774036674648
binance,gate,FUNUSDT,0.00137900,0.03081,2134.2277,1774036674949
binance,gate,FUNUSDT,0.00137900,0.03081,2134.2277,1774036675249
binance,gate,FUNUSDT,0.00137900,0.03081,2134.2277,1774036675550
binance,gate,FUNUSDT,0.00137900,0.03081,2134.2277,1774036675850
binance,gate,FUNUSDT,0.00137900,0.03081,2134.2277,1774036676150
binance,gate,FUNUSDT,0.00137900,0.03081,2134.2277,1774036676450
binance,gate,FUNUSDT,0.00137900,0.03081,2134.2277,1774036676751
binance,gate,FUNUSDT,0.00137900,0.03081,2134.2277,1774036677051
binance,gate,FUNUSDT,0.00137900,0.03081,2134.2277,1774036677351
binance,gate,FUNUSDT,0.00137900,0.03081,2134.2277,1774036677653
binance,gate,FUNUSDT,0.00137900,0.03081,2134.2277,1774036677953
binance,gate,FUNUSDT,0.00137900,0.03081,2134.2277,1774036678253
binance,gate,FUNUSDT,0.00137900,0.03081,2134.2277,1774036678553
binance,gate,FUNUSDT,0.00137900,0.03081,2134.2277,1774036678854
binance,gate,FUNUSDT,0.00137900,0.03081,2134.2277,1774036679154
binance,gate,FUNUSDT,0.00137900,0.03081,2134.2277,1774036679454
binance,gate,FUNUSDT,0.00137900,0.03081,2134.2277,1774036679754
binance,gate,FUNUSDT,0.00137900,0.03081,2134.2277,1774036680055
binance,gate,FUNUSDT,0.00137900,0.03081,2134.2277,1774036680355
binance,gate,FUNUSDT,0.00137900,0.03081,2134.2277,1774036680655
binance,gate,FUNUSDT,0.00137900,0.03081,2134.2277,1774036680956
binance,gate,FUNUSDT,0.00137900,0.03081,2134.2277,1774036681256
binance,gate,FUNUSDT,0.00137900,0.03081,2134.2277,1774036681556
binance,gate,FUNUSDT,0.00137900,0.03081,2134.2277,1774036681857
binance,gate,FUNUSDT,0.00137900,0.03081,2134.2277,1774036682157
binance,gate,FUNUSDT,0.00137900,0.03081,2134.2277,1774036682457
binance,gate,FUNUSDT,0.00137900,0.03081,2134.2277,1774036682757
binance,gate,FUNUSDT,0.00137900,0.03081,2134.2277,1774036683057
binance,gate,FUNUSDT,0.00137900,0.03081,2134.2277,1774036683357
binance,gate,FUNUSDT,0.00137900,0.03081,2134.2277,1774036683657
binance,gate,FUNUSDT,0.00137900,0.03081,2134.2277,1774036683958
binance,gate,FUNUSDT,0.00137900,0.03081,2134.2277,1774036684258
binance,gate,FUNUSDT,0.00137900,0.03081,2134.2277,1774036684558
binance,gate,FUNUSDT,0.00137900,0.03081,2134.2277,1774036684858
binance,gate,FUNUSDT,0.00137900,0.03081,2134.2277,1774036685160
binance,gate,FUNUSDT,0.00137900,0.03081,2134.2277,1774036685460
binance,gate,FUNUSDT,0.00137900,0.03081,2134.2277,1774036685760
binance,gate,FUNUSDT,0.00137900,0.03081,2134.2277,1774036686060
binance,gate,FUNUSDT,0.00137900,0.03081,2134.2277,1774036686361
binance,gate,FUNUSDT,0.00137900,0.03081,2134.2277,1774036686661
binance,gate,FUNUSDT,0.00137900,0.03081,2134.2277,1774036686961
binance,gate,FUNUSDT,0.00137900,0.03081,2134.2277,1774036687261
binance,gate,FUNUSDT,0.00137900,0.03081,2134.2277,1774036687561
binance,gate,FUNUSDT,0.00137900,0.03081,2134.2277,1774036687862
binance,gate,FUNUSDT,0.00137900,0.03081,2134.2277,1774036688162
binance,gate,FUNUSDT,0.00137900,0.03081,2134.2277,1774036688462
binance,gate,FUNUSDT,0.00137900,0.03081,2134.2277,1774036688762
binance,gate,FUNUSDT,0.00137900,0.03081,2134.2277,1774036689062
binance,gate,FUNUSDT,0.00137900,0.03081,2134.2277,1774036689363
binance,gate,FUNUSDT,0.00137900,0.03081,2134.2277,1774036689663
binance,gate,FUNUSDT,0.00137900,0.03081,2134.2277,1774036689963
binance,gate,FUNUSDT,0.00137900,0.03081,2134.2277,1774036690264
binance,gate,FUNUSDT,0.00137900,0.03081,2134.2277,1774036690564
binance,gate,FUNUSDT,0.00137900,0.03081,2134.2277,1774036690864
binance,gate,FUNUSDT,0.00137900,0.03081,2134.2277,1774036691165
binance,gate,FUNUSDT,0.00137900,0.03081,2134.2277,1774036691465
binance,gate,FUNUSDT,0.00137900,0.03081,2134.2277,1774036691765
binance,gate,FUNUSDT,0.00137900,0.03081,2134.2277,1774036692066
binance,gate,FUNUSDT,0.00137900,0.03081,2134.2277,1774036692366
binance,gate,FUNUSDT,0.00137900,0.03081,2134.2277,1774036692666
binance,gate,FUNUSDT,0.00137900,0.03081,2134.2277,1774036692967
binance,gate,FUNUSDT,0.00137800,0.03081,2135.8491,1774036693267
binance,gate,FUNUSDT,0.00137800,0.03081,2135.8491,1774036693567
binance,gate,FUNUSDT,0.00137800,0.03081,2135.8491,1774036693868
binance,gate,FUNUSDT,0.00137800,0.03081,2135.8491,1774036694168
binance,gate,FUNUSDT,0.00137800,0.03081,2135.8491,1774036694469
binance,gate,FUNUSDT,0.00137800,0.03081,2135.8491,1774036694770
binance,gate,FUNUSDT,0.00137800,0.03081,2135.8491,1774036695070
binance,gate,FUNUSDT,0.00137800,0.03081,2135.8491,1774036695370
binance,gate,FUNUSDT,0.00137800,0.03081,2135.8491,1774036695670
binance,gate,FUNUSDT,0.00137800,0.03081,2135.8491,1774036695971
binance,gate,FUNUSDT,0.00137800,0.03081,2135.8491,1774036696271
binance,gate,FUNUSDT,0.00137800,0.03081,2135.8491,1774036696571
binance,gate,FUNUSDT,0.00137800,0.03081,2135.8491,1774036696872
binance,gate,FUNUSDT,0.00137800,0.03081,2135.8491,1774036697172
binance,gate,FUNUSDT,0.00137800,0.03081,2135.8491,1774036697472
binance,gate,FUNUSDT,0.00137800,0.03081,2135.8491,1774036697772
binance,gate,FUNUSDT,0.00137800,0.03081,2135.8491,1774036698072
binance,gate,FUNUSDT,0.00137800,0.03081,2135.8491,1774036698373
binance,gate,FUNUSDT,0.00137800,0.03081,2135.8491,1774036698673
binance,gate,FUNUSDT,0.00137800,0.03081,2135.8491,1774036698974
binance,gate,FUNUSDT,0.00137800,0.03081,2135.8491,1774036699274
binance,gate,FUNUSDT,0.00137800,0.03081,2135.8491,1774036699574
binance,gate,FUNUSDT,0.00137800,0.03081,2135.8491,1774036699874
binance,gate,FUNUSDT,0.00137800,0.03081,2135.8491,1774036700174
binance,gate,FUNUSDT,0.00137800,0.03081,2135.8491,1774036700475
binance,gate,FUNUSDT,0.00137800,0.03081,2135.8491,1774036700775
binance,gate,FUNUSDT,0.00137800,0.03081,2135.8491,1774036701075
binance,gate,FUNUSDT,0.00137800,0.03081,2135.8491,1774036701376
binance,gate,FUNUSDT,0.00137800,0.03081,2135.8491,1774036701676
binance,gate,FUNUSDT,0.00137800,0.03081,2135.8491,1774036701976
binance,gate,FUNUSDT,0.00137800,0.03081,2135.8491,1774036702276
binance,gate,FUNUSDT,0.00137800,0.03081,2135.8491,1774036702577
binance,gate,FUNUSDT,0.00137800,0.03081,2135.8491,1774036702877
binance,gate,FUNUSDT,0.00137800,0.03081,2135.8491,1774036703178
binance,gate,FUNUSDT,0.00137800,0.03081,2135.8491,1774036703478
binance,gate,FUNUSDT,0.00137800,0.03081,2135.8491,1774036703778
binance,gate,FUNUSDT,0.00137800,0.03081,2135.8491,1774036704079
binance,gate,FUNUSDT,0.00137800,0.03081,2135.8491,1774036704379
binance,gate,FUNUSDT,0.00137800,0.03081,2135.8491,1774036704680
binance,gate,FUNUSDT,0.00137800,0.03081,2135.8491,1774036704980
binance,gate,FUNUSDT,0.00137800,0.03081,2135.8491,1774036705280
binance,gate,FUNUSDT,0.00137800,0.03081,2135.8491,1774036705580
binance,gate,FUNUSDT,0.00137800,0.03081,2135.8491,1774036705881
binance,gate,FUNUSDT,0.00137800,0.03081,2135.8491,1774036706182
binance,gate,FUNUSDT,0.00137800,0.03081,2135.8491,1774036706483
binance,gate,FUNUSDT,0.00137800,0.03081,2135.8491,1774036706783
binance,gate,FUNUSDT,0.00137800,0.03081,2135.8491,1774036707083
binance,gate,FUNUSDT,0.00137800,0.03081,2135.8491,1774036707384
binance,gate,FUNUSDT,0.00137800,0.03081,2135.8491,1774036707684
binance,gate,FUNUSDT,0.00137800,0.03081,2135.8491,1774036707984
binance,gate,FUNUSDT,0.00137900,0.03081,2134.2277,1774036708284
binance,gate,FUNUSDT,0.00137900,0.03081,2134.2277,1774036708585
binance,gate,FUNUSDT,0.00137900,0.03081,2134.2277,1774036708885
binance,gate,FUNUSDT,0.00137900,0.03081,2134.2277,1774036709186
binance,gate,FUNUSDT,0.00137900,0.03081,2134.2277,1774036709486
binance,gate,FUNUSDT,0.00137900,0.03081,2134.2277,1774036709787
binance,gate,FUNUSDT,0.00137900,0.03081,2134.2277,1774036710087
binance,gate,FUNUSDT,0.00137900,0.03081,2134.2277,1774036710387
binance,gate,FUNUSDT,0.00137900,0.03081,2134.2277,1774036710687
binance,gate,FUNUSDT,0.00137900,0.03081,2134.2277,1774036710987
binance,gate,FUNUSDT,0.00137900,0.03081,2134.2277,1774036711288
binance,gate,FUNUSDT,0.00137900,0.03081,2134.2277,1774036711588
binance,gate,FUNUSDT,0.00137900,0.03081,2134.2277,1774036711889
binance,gate,FUNUSDT,0.00137900,0.03081,2134.2277,1774036712189
binance,gate,FUNUSDT,0.00137900,0.03081,2134.2277,1774036712490
binance,gate,FUNUSDT,0.00137900,0.03081,2134.2277,1774036712790
binance,gate,FUNUSDT,0.00137900,0.03081,2134.2277,1774036713090
binance,gate,FUNUSDT,0.00137900,0.03081,2134.2277,1774036713391
binance,gate,FUNUSDT,0.00137900,0.03081,2134.2277,1774036713691
binance,gate,FUNUSDT,0.00137900,0.03081,2134.2277,1774036713991
binance,gate,FUNUSDT,0.00137900,0.03081,2134.2277,1774036714291
binance,gate,FUNUSDT,0.00137900,0.03081,2134.2277,1774036714591
binance,gate,FUNUSDT,0.00137900,0.03081,2134.2277,1774036714892
binance,gate,FUNUSDT,0.00137900,0.03081,2134.2277,1774036715194
binance,gate,FUNUSDT,0.00137900,0.03081,2134.2277,1774036715495
binance,gate,FUNUSDT,0.00137900,0.03081,2134.2277,1774036715795
binance,gate,FUNUSDT,0.00137900,0.03081,2134.2277,1774036716095
binance,gate,FUNUSDT,0.00137900,0.03081,2134.2277,1774036716395
binance,gate,FUNUSDT,0.00137900,0.03081,2134.2277,1774036716696
binance,gate,FUNUSDT,0.00137900,0.03081,2134.2277,1774036716996
binance,gate,FUNUSDT,0.00137900,0.03081,2134.2277,1774036717296
binance,gate,FUNUSDT,0.00137900,0.03081,2134.2277,1774036717596
binance,gate,FUNUSDT,0.00137900,0.03081,2134.2277,1774036717896
binance,gate,FUNUSDT,0.00137900,0.03081,2134.2277,1774036718196
binance,gate,FUNUSDT,0.00137900,0.03081,2134.2277,1774036718497
binance,gate,FUNUSDT,0.00137900,0.03081,2134.2277,1774036718797
binance,gate,FUNUSDT,0.00137900,0.03081,2134.2277,1774036719098
binance,gate,FUNUSDT,0.00137900,0.03081,2134.2277,1774036719398
binance,gate,FUNUSDT,0.00137900,0.03081,2134.2277,1774036719699
binance,gate,FUNUSDT,0.00137900,0.03081,2134.2277,1774036719999
binance,gate,FUNUSDT,0.00137900,0.03081,2134.2277,1774036720299
binance,gate,FUNUSDT,0.00137900,0.03081,2134.2277,1774036720599
binance,gate,FUNUSDT,0.00137900,0.03081,2134.2277,1774036720900
binance,gate,FUNUSDT,0.00137900,0.03081,2134.2277,1774036721200
binance,gate,FUNUSDT,0.00137900,0.03081,2134.2277,1774036721500
binance,gate,FUNUSDT,0.00137900,0.03081,2134.2277,1774036721800
binance,gate,FUNUSDT,0.00137900,0.03081,2134.2277,1774036722100
binance,gate,FUNUSDT,0.00137900,0.03081,2134.2277,1774036722401
binance,gate,FUNUSDT,0.00137900,0.03081,2134.2277,1774036722701
binance,gate,FUNUSDT,0.00137900,0.03081,2134.2277,1774036723001
binance,gate,FUNUSDT,0.00137900,0.03081,2134.2277,1774036723301
binance,gate,FUNUSDT,0.00137900,0.03081,2134.2277,1774036723601
binance,gate,FUNUSDT,0.00137900,0.03081,2134.2277,1774036723901
binance,gate,FUNUSDT,0.00137900,0.03081,2134.2277,1774036724201
binance,gate,FUNUSDT,0.00137900,0.03081,2134.2277,1774036724502
binance,gate,FUNUSDT,0.00137900,0.03081,2134.2277,1774036724802
binance,gate,FUNUSDT,0.00137900,0.03081,2134.2277,1774036725102
binance,gate,FUNUSDT,0.00137900,0.03081,2134.2277,1774036725403
binance,gate,FUNUSDT,0.00137900,0.03081,2134.2277,1774036725703
binance,gate,FUNUSDT,0.00137900,0.03081,2134.2277,1774036726006
binance,gate,FUNUSDT,0.00137900,0.03081,2134.2277,1774036726306
binance,gate,FUNUSDT,0.00137900,0.03081,2134.2277,1774036726606
binance,gate,FUNUSDT,0.00137900,0.03081,2134.2277,1774036726907
binance,gate,FUNUSDT,0.00137900,0.03081,2134.2277,1774036727207
binance,gate,FUNUSDT,0.00137900,0.03081,2134.2277,1774036727507
binance,gate,FUNUSDT,0.00137900,0.03081,2134.2277,1774036727807
binance,gate,FUNUSDT,0.00137900,0.03081,2134.2277,1774036728107
binance,gate,FUNUSDT,0.00137900,0.03081,2134.2277,1774036728407
binance,gate,FUNUSDT,0.00137900,0.03081,2134.2277,1774036728708
binance,gate,FUNUSDT,0.00137900,0.03081,2134.2277,1774036729008
binance,gate,FUNUSDT,0.00137900,0.03081,2134.2277,1774036729309
binance,gate,FUNUSDT,0.00137900,0.03081,2134.2277,1774036729609
binance,gate,FUNUSDT,0.00137900,0.03081,2134.2277,1774036729909
binance,gate,FUNUSDT,0.00137900,0.03081,2134.2277,1774036730210
binance,gate,FUNUSDT,0.00137900,0.03081,2134.2277,1774036730510
binance,gate,FUNUSDT,0.00137900,0.03081,2134.2277,1774036730810
binance,gate,FUNUSDT,0.00137900,0.03081,2134.2277,1774036731110
binance,gate,FUNUSDT,0.00137900,0.03081,2134.2277,1774036731411
binance,gate,FUNUSDT,0.00137900,0.03081,2134.2277,1774036731712
binance,gate,FUNUSDT,0.00137900,0.03081,2134.2277,1774036732014
binance,gate,FUNUSDT,0.00137900,0.03081,2134.2277,1774036732314
binance,gate,FUNUSDT,0.00137900,0.03081,2134.2277,1774036732615
binance,gate,FUNUSDT,0.00137900,0.03081,2134.2277,1774036732915
binance,gate,FUNUSDT,0.00137900,0.03079,2132.7774,1774036733216
binance,gate,FUNUSDT,0.00137900,0.03079,2132.7774,1774036733516
binance,gate,FUNUSDT,0.00137900,0.03079,2132.7774,1774036733817
binance,gate,FUNUSDT,0.00137900,0.03079,2132.7774,1774036734117
binance,gate,FUNUSDT,0.00137900,0.03079,2132.7774,1774036734418
binance,gate,FUNUSDT,0.00137900,0.0308,2133.5025,1774036734718
binance,gate,FUNUSDT,0.00137900,0.0308,2133.5025,1774036735018
binance,gate,FUNUSDT,0.00137900,0.0308,2133.5025,1774036735319
binance,gate,FUNUSDT,0.00137900,0.0308,2133.5025,1774036735619
binance,gate,FUNUSDT,0.00137900,0.0308,2133.5025,1774036735919
binance,gate,FUNUSDT,0.00137900,0.0308,2133.5025,1774036736220
binance,gate,FUNUSDT,0.00137900,0.0308,2133.5025,1774036736520
binance,gate,FUNUSDT,0.00137900,0.0308,2133.5025,1774036736821
binance,gate,FUNUSDT,0.00137900,0.0308,2133.5025,1774036737121
binance,gate,FUNUSDT,0.00137900,0.0308,2133.5025,1774036737422
binance,gate,FUNUSDT,0.00137900,0.0308,2133.5025,1774036737722
binance,gate,FUNUSDT,0.00137900,0.0308,2133.5025,1774036738022
binance,gate,FUNUSDT,0.00137900,0.0308,2133.5025,1774036738323
binance,gate,FUNUSDT,0.00137900,0.0308,2133.5025,1774036738623
binance,gate,FUNUSDT,0.00137900,0.0308,2133.5025,1774036738924
binance,gate,FUNUSDT,0.00137900,0.0308,2133.5025,1774036739224
binance,gate,FUNUSDT,0.00137900,0.0308,2133.5025,1774036739524
binance,gate,FUNUSDT,0.00137900,0.0308,2133.5025,1774036739825
binance,gate,FUNUSDT,0.00137900,0.03079,2132.7774,1774036740125
binance,gate,FUNUSDT,0.00137900,0.03079,2132.7774,1774036740426
binance,gate,FUNUSDT,0.00137900,0.0308,2133.5025,1774036740726
binance,gate,FUNUSDT,0.00137900,0.0308,2133.5025,1774036741026
binance,gate,FUNUSDT,0.00137900,0.0308,2133.5025,1774036741326
binance,gate,FUNUSDT,0.00137900,0.0308,2133.5025,1774036741627
binance,gate,FUNUSDT,0.00137900,0.0308,2133.5025,1774036741927
binance,gate,FUNUSDT,0.00137900,0.0308,2133.5025,1774036742227
binance,gate,FUNUSDT,0.00137900,0.0308,2133.5025,1774036742527
binance,gate,FUNUSDT,0.00137900,0.0308,2133.5025,1774036742827
binance,gate,FUNUSDT,0.00137900,0.0308,2133.5025,1774036743127
binance,gate,FUNUSDT,0.00137900,0.03079,2132.7774,1774036743428
binance,gate,FUNUSDT,0.00137900,0.0308,2133.5025,1774036743728
binance,gate,FUNUSDT,0.00137900,0.0308,2133.5025,1774036744028
binance,gate,FUNUSDT,0.00137900,0.03079,2132.7774,1774036744328
binance,gate,FUNUSDT,0.00137900,0.03079,2132.7774,1774036744628
binance,gate,FUNUSDT,0.00137900,0.03079,2132.7774,1774036744929
binance,gate,FUNUSDT,0.00137900,0.03079,2132.7774,1774036745229
binance,gate,FUNUSDT,0.00137800,0.03079,2134.3977,1774036745529
binance,gate,FUNUSDT,0.00137800,0.03079,2134.3977,1774036745829
binance,gate,FUNUSDT,0.00137800,0.03079,2134.3977,1774036746130
binance,gate,FUNUSDT,0.00137800,0.03079,2134.3977,1774036746430
binance,gate,FUNUSDT,0.00137800,0.03079,2134.3977,1774036746730
binance,gate,FUNUSDT,0.00137800,0.03079,2134.3977,1774036747031
binance,gate,FUNUSDT,0.00137800,0.03079,2134.3977,1774036747331
binance,gate,FUNUSDT,0.00137800,0.03079,2134.3977,1774036747631
binance,gate,FUNUSDT,0.00137800,0.03079,2134.3977,1774036747932
binance,gate,FUNUSDT,0.00137800,0.03079,2134.3977,1774036748234
binance,gate,FUNUSDT,0.00137800,0.03079,2134.3977,1774036748534
binance,gate,FUNUSDT,0.00137800,0.03079,2134.3977,1774036748834
binance,gate,FUNUSDT,0.00137800,0.03079,2134.3977,1774036749135
binance,gate,FUNUSDT,0.00137800,0.03079,2134.3977,1774036749435
binance,gate,FUNUSDT,0.00137800,0.03079,2134.3977,1774036749736
binance,gate,FUNUSDT,0.00137800,0.03079,2134.3977,1774036750036
binance,gate,FUNUSDT,0.00137800,0.03079,2134.3977,1774036750336
binance,gate,FUNUSDT,0.00137800,0.03079,2134.3977,1774036750638
binance,gate,FUNUSDT,0.00137800,0.03079,2134.3977,1774036750938
binance,gate,FUNUSDT,0.00137800,0.03079,2134.3977,1774036751238
binance,gate,FUNUSDT,0.00137800,0.03079,2134.3977,1774036751538
binance,gate,FUNUSDT,0.00137800,0.03079,2134.3977,1774036751839
binance,gate,FUNUSDT,0.00137800,0.0308,2135.1234,1774036752139
binance,gate,FUNUSDT,0.00137800,0.0308,2135.1234,1774036752440
binance,gate,FUNUSDT,0.00137800,0.0308,2135.1234,1774036752741
binance,gate,FUNUSDT,0.00137800,0.0308,2135.1234,1774036753042
binance,gate,FUNUSDT,0.00137800,0.0308,2135.1234,1774036753342
binance,gate,FUNUSDT,0.00137800,0.0308,2135.1234,1774036753642
binance,gate,FUNUSDT,0.00137800,0.0308,2135.1234,1774036753942
binance,gate,FUNUSDT,0.00137800,0.0308,2135.1234,1774036754243
binance,gate,FUNUSDT,0.00137800,0.0308,2135.1234,1774036754543
binance,gate,FUNUSDT,0.00137800,0.0308,2135.1234,1774036754843
binance,gate,FUNUSDT,0.00137800,0.0308,2135.1234,1774036755144
binance,gate,FUNUSDT,0.00137800,0.03079,2134.3977,1774036755444
binance,gate,FUNUSDT,0.00137800,0.0308,2135.1234,1774036755744
binance,gate,FUNUSDT,0.00137800,0.0308,2135.1234,1774036756045
binance,gate,FUNUSDT,0.00137800,0.0308,2135.1234,1774036756346
binance,gate,FUNUSDT,0.00137800,0.0308,2135.1234,1774036756646
binance,gate,FUNUSDT,0.00137800,0.0308,2135.1234,1774036756947
binance,gate,FUNUSDT,0.00137700,0.0308,2136.7466,1774036757247
binance,gate,FUNUSDT,0.00137700,0.0308,2136.7466,1774036757547
binance,gate,FUNUSDT,0.00137700,0.0308,2136.7466,1774036757847
binance,gate,FUNUSDT,0.00137700,0.0308,2136.7466,1774036758147
binance,gate,FUNUSDT,0.00137700,0.03079,2136.0203,1774036758447
binance,gate,FUNUSDT,0.00137700,0.03079,2136.0203,1774036758748
binance,gate,FUNUSDT,0.00137700,0.03079,2136.0203,1774036759048
binance,gate,FUNUSDT,0.00137700,0.03079,2136.0203,1774036759348
binance,gate,FUNUSDT,0.00137700,0.03079,2136.0203,1774036759648
binance,gate,FUNUSDT,0.00137700,0.03079,2136.0203,1774036759948
binance,gate,FUNUSDT,0.00137700,0.03079,2136.0203,1774036760249
binance,gate,FUNUSDT,0.00137700,0.03079,2136.0203,1774036760549
binance,gate,FUNUSDT,0.00137700,0.03079,2136.0203,1774036760850
binance,gate,FUNUSDT,0.00137700,0.03079,2136.0203,1774036761150
binance,gate,FUNUSDT,0.00137700,0.03079,2136.0203,1774036761453
binance,gate,FUNUSDT,0.00137700,0.0308,2136.7466,1774036761753
binance,gate,FUNUSDT,0.00137700,0.0308,2136.7466,1774036762053
binance,gate,FUNUSDT,0.00137700,0.0308,2136.7466,1774036762354
binance,gate,FUNUSDT,0.00137700,0.0308,2136.7466,1774036762654
binance,gate,FUNUSDT,0.00137700,0.03079,2136.0203,1774036762954
binance,gate,FUNUSDT,0.00137700,0.03079,2136.0203,1774036763254
binance,gate,FUNUSDT,0.00137700,0.03079,2136.0203,1774036763554
binance,gate,FUNUSDT,0.00137700,0.03079,2136.0203,1774036763855
binance,gate,FUNUSDT,0.00137700,0.03079,2136.0203,1774036764155
binance,gate,FUNUSDT,0.00137700,0.03079,2136.0203,1774036764455
binance,gate,FUNUSDT,0.00137700,0.03079,2136.0203,1774036764756
binance,gate,FUNUSDT,0.00137700,0.03079,2136.0203,1774036765057
binance,gate,FUNUSDT,0.00137700,0.03079,2136.0203,1774036765357
binance,gate,FUNUSDT,0.00137700,0.03079,2136.0203,1774036765657
binance,gate,FUNUSDT,0.00137700,0.03079,2136.0203,1774036765957
binance,gate,FUNUSDT,0.00137700,0.03079,2136.0203,1774036766258
binance,gate,FUNUSDT,0.00137700,0.03079,2136.0203,1774036766558
binance,gate,FUNUSDT,0.00137700,0.03079,2136.0203,1774036766859
binance,gate,FUNUSDT,0.00137700,0.03079,2136.0203,1774036767159
binance,gate,FUNUSDT,0.00137700,0.03079,2136.0203,1774036767459
binance,gate,FUNUSDT,0.00137700,0.03079,2136.0203,1774036767759
binance,gate,FUNUSDT,0.00137700,0.03079,2136.0203,1774036768059
binance,gate,FUNUSDT,0.00137700,0.03079,2136.0203,1774036768359
binance,gate,FUNUSDT,0.00137700,0.0308,2136.7466,1774036768660
binance,gate,FUNUSDT,0.00137700,0.0308,2136.7466,1774036768961
binance,gate,FUNUSDT,0.00137700,0.0308,2136.7466,1774036769261
binance,gate,FUNUSDT,0.00137700,0.0308,2136.7466,1774036769561
binance,gate,FUNUSDT,0.00137700,0.0308,2136.7466,1774036769861
binance,gate,FUNUSDT,0.00137700,0.0308,2136.7466,1774036770162
binance,gate,FUNUSDT,0.00137700,0.0308,2136.7466,1774036770462
binance,gate,FUNUSDT,0.00137700,0.0308,2136.7466,1774036770763
binance,gate,FUNUSDT,0.00137700,0.0308,2136.7466,1774036771063
binance,gate,FUNUSDT,0.00137700,0.0308,2136.7466,1774036771363
binance,gate,FUNUSDT,0.00137700,0.0308,2136.7466,1774036771663
binance,gate,FUNUSDT,0.00137700,0.0308,2136.7466,1774036771964
binance,gate,FUNUSDT,0.00137700,0.0308,2136.7466,1774036772264
binance,gate,FUNUSDT,0.00137700,0.0308,2136.7466,1774036772565
binance,gate,FUNUSDT,0.00137800,0.0308,2135.1234,1774036772866
binance,gate,FUNUSDT,0.00137800,0.0308,2135.1234,1774036773166
binance,gate,FUNUSDT,0.00137800,0.0308,2135.1234,1774036773466
binance,gate,FUNUSDT,0.00137800,0.0308,2135.1234,1774036773766
binance,gate,FUNUSDT,0.00137800,0.0308,2135.1234,1774036774066
binance,gate,FUNUSDT,0.00137800,0.0308,2135.1234,1774036774367
binance,gate,FUNUSDT,0.00137800,0.0308,2135.1234,1774036774668
binance,gate,FUNUSDT,0.00137800,0.0308,2135.1234,1774036774969
binance,gate,FUNUSDT,0.00137800,0.0308,2135.1234,1774036775270
binance,gate,FUNUSDT,0.00137800,0.0308,2135.1234,1774036775570
binance,gate,FUNUSDT,0.00137800,0.0308,2135.1234,1774036775870
binance,gate,FUNUSDT,0.00137800,0.0308,2135.1234,1774036776170
binance,gate,FUNUSDT,0.00137800,0.0308,2135.1234,1774036776471
binance,gate,FUNUSDT,0.00137800,0.0308,2135.1234,1774036776771
binance,gate,FUNUSDT,0.00137800,0.0308,2135.1234,1774036777071
binance,gate,FUNUSDT,0.00137800,0.0308,2135.1234,1774036777372
binance,gate,FUNUSDT,0.00137800,0.0308,2135.1234,1774036777672
binance,gate,FUNUSDT,0.00137800,0.0308,2135.1234,1774036777973
binance,gate,FUNUSDT,0.00137800,0.0308,2135.1234,1774036778274
binance,gate,FUNUSDT,0.00137800,0.0308,2135.1234,1774036778574
binance,gate,FUNUSDT,0.00137800,0.0308,2135.1234,1774036778874
binance,gate,FUNUSDT,0.00137800,0.0308,2135.1234,1774036779175
binance,gate,FUNUSDT,0.00137800,0.0308,2135.1234,1774036779475
binance,gate,FUNUSDT,0.00137800,0.0308,2135.1234,1774036779775
binance,gate,FUNUSDT,0.00137800,0.0308,2135.1234,1774036780076
binance,gate,FUNUSDT,0.00137800,0.0308,2135.1234,1774036780376
binance,gate,FUNUSDT,0.00137800,0.0308,2135.1234,1774036780676
binance,gate,FUNUSDT,0.00137800,0.0308,2135.1234,1774036780977
binance,gate,FUNUSDT,0.00137800,0.0308,2135.1234,1774036781277
binance,gate,FUNUSDT,0.00137800,0.0308,2135.1234,1774036781577
binance,gate,FUNUSDT,0.00137800,0.0308,2135.1234,1774036781879
binance,gate,FUNUSDT,0.00137800,0.0308,2135.1234,1774036782180
binance,gate,FUNUSDT,0.00137800,0.0308,2135.1234,1774036782480
binance,gate,FUNUSDT,0.00137800,0.0308,2135.1234,1774036782780
binance,gate,FUNUSDT,0.00137800,0.0308,2135.1234,1774036783080
binance,gate,FUNUSDT,0.00137800,0.0308,2135.1234,1774036783380
binance,gate,FUNUSDT,0.00137800,0.0308,2135.1234,1774036783680
binance,gate,FUNUSDT,0.00137800,0.0308,2135.1234,1774036783980
binance,gate,FUNUSDT,0.00137800,0.0308,2135.1234,1774036784281
binance,gate,FUNUSDT,0.00137800,0.0308,2135.1234,1774036784581
binance,gate,FUNUSDT,0.00137800,0.0308,2135.1234,1774036784881
binance,gate,FUNUSDT,0.00137800,0.0308,2135.1234,1774036785181
binance,gate,FUNUSDT,0.00137800,0.0308,2135.1234,1774036785482
binance,gate,FUNUSDT,0.00137800,0.0308,2135.1234,1774036785782
binance,gate,FUNUSDT,0.00137800,0.0308,2135.1234,1774036786083
binance,gate,FUNUSDT,0.00137800,0.0308,2135.1234,1774036786383
binance,gate,FUNUSDT,0.00137800,0.0308,2135.1234,1774036786683
binance,gate,FUNUSDT,0.00137800,0.0308,2135.1234,1774036786983
binance,gate,FUNUSDT,0.00137800,0.0308,2135.1234,1774036787284
binance,gate,FUNUSDT,0.00137800,0.0308,2135.1234,1774036787585
binance,gate,FUNUSDT,0.00137800,0.0308,2135.1234,1774036787885
binance,gate,FUNUSDT,0.00137800,0.0308,2135.1234,1774036788186
binance,gate,FUNUSDT,0.00137800,0.0308,2135.1234,1774036788486
binance,gate,FUNUSDT,0.00137800,0.0308,2135.1234,1774036788786
binance,gate,FUNUSDT,0.00138000,0.0308,2131.8841,1774036789086
binance,gate,FUNUSDT,0.00138000,0.0308,2131.8841,1774036789386
binance,gate,FUNUSDT,0.00138000,0.0308,2131.8841,1774036789686
binance,gate,FUNUSDT,0.00138000,0.0308,2131.8841,1774036789986
binance,gate,FUNUSDT,0.00138000,0.0308,2131.8841,1774036790286
binance,gate,FUNUSDT,0.00138000,0.0308,2131.8841,1774036790587
binance,gate,FUNUSDT,0.00138000,0.0308,2131.8841,1774036790887
binance,gate,FUNUSDT,0.00138000,0.0308,2131.8841,1774036791188
binance,gate,FUNUSDT,0.00138000,0.0308,2131.8841,1774036791488
binance,gate,FUNUSDT,0.00138000,0.0308,2131.8841,1774036791788
binance,gate,FUNUSDT,0.00138000,0.0308,2131.8841,1774036792088
binance,gate,FUNUSDT,0.00138000,0.0308,2131.8841,1774036792389
binance,gate,FUNUSDT,0.00138000,0.0308,2131.8841,1774036792689
binance,gate,FUNUSDT,0.00138000,0.0308,2131.8841,1774036792990
binance,gate,FUNUSDT,0.00138000,0.0308,2131.8841,1774036793290
binance,gate,FUNUSDT,0.00138000,0.0308,2131.8841,1774036793590
binance,gate,FUNUSDT,0.00138000,0.0308,2131.8841,1774036793890
binance,gate,FUNUSDT,0.00138000,0.0308,2131.8841,1774036794191
binance,gate,FUNUSDT,0.00138000,0.0308,2131.8841,1774036794491
binance,gate,FUNUSDT,0.00138000,0.0308,2131.8841,1774036794798
binance,gate,FUNUSDT,0.00138000,0.0308,2131.8841,1774036795099
binance,gate,FUNUSDT,0.00138000,0.0308,2131.8841,1774036795399
binance,gate,FUNUSDT,0.00138000,0.0308,2131.8841,1774036795699
binance,gate,FUNUSDT,0.00138000,0.0308,2131.8841,1774036795999
binance,gate,FUNUSDT,0.00138000,0.0308,2131.8841,1774036796299
binance,gate,FUNUSDT,0.00138000,0.0308,2131.8841,1774036796599
binance,gate,FUNUSDT,0.00138000,0.0308,2131.8841,1774036796899
binance,gate,FUNUSDT,0.00137900,0.0308,2133.5025,1774036797199
binance,gate,FUNUSDT,0.00137900,0.0308,2133.5025,1774036797500
binance,gate,FUNUSDT,0.00137900,0.0308,2133.5025,1774036797800
binance,gate,FUNUSDT,0.00137900,0.0308,2133.5025,1774036798100
binance,gate,FUNUSDT,0.00137900,0.0308,2133.5025,1774036798400
binance,gate,FUNUSDT,0.00137900,0.0308,2133.5025,1774036798701
binance,gate,FUNUSDT,0.00137900,0.0308,2133.5025,1774036799001
binance,gate,FUNUSDT,0.00137900,0.0308,2133.5025,1774036799301
binance,gate,FUNUSDT,0.00137900,0.0308,2133.5025,1774036799601
binance,gate,FUNUSDT,0.00137900,0.0308,2133.5025,1774036799903
binance,gate,FUNUSDT,0.00137900,0.0308,2133.5025,1774036800203
binance,gate,FUNUSDT,0.00137900,0.0308,2133.5025,1774036800503
binance,gate,FUNUSDT,0.00137900,0.0308,2133.5025,1774036800803
binance,gate,FUNUSDT,0.00137900,0.0308,2133.5025,1774036801107
binance,gate,FUNUSDT,0.00137900,0.0308,2133.5025,1774036801407
binance,gate,FUNUSDT,0.00137900,0.0308,2133.5025,1774036801708
binance,gate,FUNUSDT,0.00137900,0.0308,2133.5025,1774036802009
binance,gate,FUNUSDT,0.00137900,0.0308,2133.5025,1774036802309
binance,gate,FUNUSDT,0.00137900,0.0308,2133.5025,1774036802609
binance,gate,FUNUSDT,0.00137900,0.0308,2133.5025,1774036802909
binance,gate,FUNUSDT,0.00137900,0.0308,2133.5025,1774036803210
binance,gate,FUNUSDT,0.00137900,0.0308,2133.5025,1774036803510
binance,gate,FUNUSDT,0.00137900,0.0308,2133.5025,1774036803810
binance,gate,FUNUSDT,0.00137900,0.0308,2133.5025,1774036804110
binance,gate,FUNUSDT,0.00137900,0.0308,2133.5025,1774036804411
binance,gate,FUNUSDT,0.00137900,0.0308,2133.5025,1774036804711
binance,gate,FUNUSDT,0.00137900,0.0308,2133.5025,1774036805011
binance,gate,FUNUSDT,0.00137900,0.0308,2133.5025,1774036805311
binance,gate,FUNUSDT,0.00137900,0.0308,2133.5025,1774036805612
binance,gate,FUNUSDT,0.00137900,0.0308,2133.5025,1774036805912
binance,gate,FUNUSDT,0.00137900,0.0308,2133.5025,1774036806212
binance,gate,FUNUSDT,0.00137900,0.0308,2133.5025,1774036806512
binance,gate,FUNUSDT,0.00137900,0.0308,2133.5025,1774036806812
binance,gate,FUNUSDT,0.00137900,0.0308,2133.5025,1774036807112
binance,gate,FUNUSDT,0.00137900,0.0308,2133.5025,1774036807412
binance,gate,FUNUSDT,0.00137900,0.0308,2133.5025,1774036807714
binance,gate,FUNUSDT,0.00137900,0.0308,2133.5025,1774036808014
binance,gate,FUNUSDT,0.00137900,0.0308,2133.5025,1774036808314
binance,gate,FUNUSDT,0.00137900,0.0308,2133.5025,1774036808614
binance,gate,FUNUSDT,0.00137900,0.0308,2133.5025,1774036808914
binance,gate,FUNUSDT,0.00137900,0.03079,2132.7774,1774036809214
binance,gate,FUNUSDT,0.00137900,0.03079,2132.7774,1774036809515
binance,gate,FUNUSDT,0.00137900,0.03079,2132.7774,1774036809815
binance,gate,FUNUSDT,0.00137900,0.03079,2132.7774,1774036810115
binance,gate,FUNUSDT,0.00137900,0.03079,2132.7774,1774036810415
binance,gate,FUNUSDT,0.00137900,0.03079,2132.7774,1774036810715
binance,gate,FUNUSDT,0.00137900,0.03079,2132.7774,1774036811016
binance,gate,FUNUSDT,0.00137900,0.03079,2132.7774,1774036811316
binance,gate,FUNUSDT,0.00137900,0.03079,2132.7774,1774036811617
binance,gate,FUNUSDT,0.00137900,0.03079,2132.7774,1774036811919
binance,gate,FUNUSDT,0.00137900,0.03079,2132.7774,1774036812219
binance,gate,FUNUSDT,0.00137900,0.03079,2132.7774,1774036812519
binance,gate,FUNUSDT,0.00137900,0.03079,2132.7774,1774036812820
binance,gate,FUNUSDT,0.00137900,0.03079,2132.7774,1774036813120
binance,gate,FUNUSDT,0.00137900,0.03079,2132.7774,1774036813421
binance,gate,FUNUSDT,0.00137900,0.03079,2132.7774,1774036813721
binance,gate,FUNUSDT,0.00137900,0.03079,2132.7774,1774036814021
binance,gate,FUNUSDT,0.00137900,0.03079,2132.7774,1774036814321
binance,gate,FUNUSDT,0.00137900,0.03079,2132.7774,1774036814621
binance,gate,FUNUSDT,0.00137900,0.03079,2132.7774,1774036814921
binance,gate,FUNUSDT,0.00137900,0.03079,2132.7774,1774036815222
binance,gate,FUNUSDT,0.00137900,0.03079,2132.7774,1774036815522
binance,gate,FUNUSDT,0.00137900,0.03079,2132.7774,1774036815822
binance,gate,FUNUSDT,0.00137900,0.03079,2132.7774,1774036816123
binance,gate,FUNUSDT,0.00137900,0.03079,2132.7774,1774036816423
binance,gate,FUNUSDT,0.00137900,0.03079,2132.7774,1774036816724
binance,gate,FUNUSDT,0.00137900,0.03079,2132.7774,1774036817024
binance,gate,FUNUSDT,0.00137900,0.03079,2132.7774,1774036817324
binance,gate,FUNUSDT,0.00137900,0.03079,2132.7774,1774036817624
binance,gate,FUNUSDT,0.00137900,0.03079,2132.7774,1774036817924
binance,gate,FUNUSDT,0.00137900,0.03079,2132.7774,1774036818224
binance,gate,FUNUSDT,0.00137900,0.03079,2132.7774,1774036818525
binance,gate,FUNUSDT,0.00137900,0.03079,2132.7774,1774036818825
binance,gate,FUNUSDT,0.00137900,0.03079,2132.7774,1774036819125
binance,gate,FUNUSDT,0.00137900,0.03079,2132.7774,1774036819425
binance,gate,FUNUSDT,0.00137900,0.03079,2132.7774,1774036819725
binance,gate,FUNUSDT,0.00137900,0.03079,2132.7774,1774036820025
binance,gate,FUNUSDT,0.00137900,0.03079,2132.7774,1774036820326
binance,gate,FUNUSDT,0.00137900,0.03079,2132.7774,1774036820626
binance,gate,FUNUSDT,0.00137900,0.03079,2132.7774,1774036820926
binance,gate,FUNUSDT,0.00137900,0.03079,2132.7774,1774036821227
binance,gate,FUNUSDT,0.00137900,0.03079,2132.7774,1774036821527
binance,gate,FUNUSDT,0.00137900,0.03079,2132.7774,1774036821828
binance,gate,FUNUSDT,0.00137900,0.03079,2132.7774,1774036822128
binance,gate,FUNUSDT,0.00137900,0.03079,2132.7774,1774036822429
binance,gate,FUNUSDT,0.00137900,0.03079,2132.7774,1774036822730
binance,gate,FUNUSDT,0.00137900,0.03079,2132.7774,1774036823030
binance,gate,FUNUSDT,0.00137900,0.03079,2132.7774,1774036823330
binance,gate,FUNUSDT,0.00137900,0.03079,2132.7774,1774036823630
binance,gate,FUNUSDT,0.00137900,0.03079,2132.7774,1774036823930
binance,gate,FUNUSDT,0.00137900,0.03079,2132.7774,1774036824231
binance,gate,FUNUSDT,0.00137900,0.03079,2132.7774,1774036824531
binance,gate,FUNUSDT,0.00137900,0.03079,2132.7774,1774036824832
binance,gate,FUNUSDT,0.00137900,0.03079,2132.7774,1774036825132
binance,gate,FUNUSDT,0.00137900,0.03079,2132.7774,1774036825435
binance,gate,FUNUSDT,0.00137900,0.03079,2132.7774,1774036825735
binance,gate,FUNUSDT,0.00137900,0.03079,2132.7774,1774036826036
binance,gate,FUNUSDT,0.00137900,0.03079,2132.7774,1774036826336
binance,gate,FUNUSDT,0.00137900,0.03079,2132.7774,1774036826636
binance,gate,FUNUSDT,0.00137900,0.03079,2132.7774,1774036826936
binance,gate,FUNUSDT,0.00137900,0.03079,2132.7774,1774036827237
binance,gate,FUNUSDT,0.00137900,0.03079,2132.7774,1774036827537
binance,gate,FUNUSDT,0.00137900,0.03079,2132.7774,1774036827838
binance,gate,FUNUSDT,0.00137900,0.03079,2132.7774,1774036828138
binance,gate,FUNUSDT,0.00137900,0.03079,2132.7774,1774036828439
binance,gate,FUNUSDT,0.00137900,0.03079,2132.7774,1774036828739
binance,gate,FUNUSDT,0.00137900,0.03079,2132.7774,1774036829040
binance,gate,FUNUSDT,0.00137900,0.03079,2132.7774,1774036829340
binance,gate,FUNUSDT,0.00137900,0.03079,2132.7774,1774036829640
binance,gate,FUNUSDT,0.00137900,0.03079,2132.7774,1774036829941
binance,gate,FUNUSDT,0.00137900,0.03079,2132.7774,1774036830241
binance,gate,FUNUSDT,0.00137900,0.03079,2132.7774,1774036830542
binance,gate,FUNUSDT,0.00137900,0.03079,2132.7774,1774036830842
binance,gate,FUNUSDT,0.00137900,0.03079,2132.7774,1774036831142
binance,gate,FUNUSDT,0.00137900,0.03079,2132.7774,1774036831443
binance,gate,FUNUSDT,0.00137900,0.03079,2132.7774,1774036831743
binance,gate,FUNUSDT,0.00137900,0.03079,2132.7774,1774036832043
binance,gate,FUNUSDT,0.00137900,0.03079,2132.7774,1774036832344
binance,gate,FUNUSDT,0.00137900,0.03079,2132.7774,1774036832644
binance,gate,FUNUSDT,0.00137900,0.03079,2132.7774,1774036832944
binance,gate,FUNUSDT,0.00137900,0.03079,2132.7774,1774036833244
binance,gate,FUNUSDT,0.00137900,0.03079,2132.7774,1774036833545
binance,gate,FUNUSDT,0.00137900,0.03079,2132.7774,1774036833845
binance,gate,FUNUSDT,0.00137900,0.03079,2132.7774,1774036834146
binance,gate,FUNUSDT,0.00137900,0.03079,2132.7774,1774036834446
binance,gate,FUNUSDT,0.00137900,0.03079,2132.7774,1774036834747
binance,gate,FUNUSDT,0.00137900,0.03079,2132.7774,1774036835047
binance,gate,FUNUSDT,0.00137900,0.03079,2132.7774,1774036835347
binance,gate,FUNUSDT,0.00137900,0.03079,2132.7774,1774036835647
binance,gate,FUNUSDT,0.00137900,0.03079,2132.7774,1774036835948
binance,gate,FUNUSDT,0.00137900,0.03079,2132.7774,1774036836248
binance,gate,FUNUSDT,0.00137900,0.03079,2132.7774,1774036836549
binance,gate,FUNUSDT,0.00137900,0.03079,2132.7774,1774036836849
binance,gate,FUNUSDT,0.00137900,0.03079,2132.7774,1774036837149
binance,gate,FUNUSDT,0.00137900,0.03079,2132.7774,1774036837450
binance,gate,FUNUSDT,0.00137900,0.03079,2132.7774,1774036837750
binance,gate,FUNUSDT,0.00137900,0.03079,2132.7774,1774036838051
binance,gate,FUNUSDT,0.00137900,0.03079,2132.7774,1774036838351
binance,gate,FUNUSDT,0.00137900,0.03079,2132.7774,1774036838651
binance,gate,FUNUSDT,0.00137900,0.03079,2132.7774,1774036838951
binance,gate,FUNUSDT,0.00137900,0.03079,2132.7774,1774036839251
binance,gate,FUNUSDT,0.00137900,0.03079,2132.7774,1774036839552
binance,gate,FUNUSDT,0.00137900,0.03079,2132.7774,1774036839852
binance,gate,FUNUSDT,0.00137900,0.03079,2132.7774,1774036840152
binance,gate,FUNUSDT,0.00137900,0.03079,2132.7774,1774036840453
binance,gate,FUNUSDT,0.00137900,0.03079,2132.7774,1774036840753
binance,gate,FUNUSDT,0.00137900,0.03079,2132.7774,1774036841053
binance,gate,FUNUSDT,0.00137900,0.03079,2132.7774,1774036841353
binance,gate,FUNUSDT,0.00137900,0.03079,2132.7774,1774036841653
binance,gate,FUNUSDT,0.00137900,0.03079,2132.7774,1774036841954
binance,gate,FUNUSDT,0.00137900,0.03079,2132.7774,1774036842254
binance,gate,FUNUSDT,0.00137900,0.03079,2132.7774,1774036842554
binance,gate,FUNUSDT,0.00137900,0.03079,2132.7774,1774036842854
binance,gate,FUNUSDT,0.00137900,0.03079,2132.7774,1774036843155
binance,gate,FUNUSDT,0.00137900,0.03079,2132.7774,1774036843455
binance,gate,FUNUSDT,0.00137900,0.03079,2132.7774,1774036843756
binance,gate,FUNUSDT,0.00137900,0.03079,2132.7774,1774036844056
binance,gate,FUNUSDT,0.00137900,0.03079,2132.7774,1774036844356
binance,gate,FUNUSDT,0.00137900,0.03079,2132.7774,1774036844656
binance,gate,FUNUSDT,0.00137900,0.03079,2132.7774,1774036844956
binance,gate,FUNUSDT,0.00137900,0.03079,2132.7774,1774036845256
binance,gate,FUNUSDT,0.00137900,0.03079,2132.7774,1774036845556
binance,gate,FUNUSDT,0.00137900,0.03079,2132.7774,1774036845857
binance,gate,FUNUSDT,0.00137900,0.03079,2132.7774,1774036846157
binance,gate,FUNUSDT,0.00137900,0.03079,2132.7774,1774036846457
binance,gate,FUNUSDT,0.00137900,0.03079,2132.7774,1774036846757
binance,gate,FUNUSDT,0.00137900,0.03079,2132.7774,1774036847057
binance,gate,FUNUSDT,0.00137900,0.03079,2132.7774,1774036847358
binance,gate,FUNUSDT,0.00137900,0.03079,2132.7774,1774036847658
binance,gate,FUNUSDT,0.00137900,0.03079,2132.7774,1774036847959
binance,gate,FUNUSDT,0.00137900,0.03079,2132.7774,1774036848259
binance,gate,FUNUSDT,0.00137900,0.03079,2132.7774,1774036848559
binance,gate,FUNUSDT,0.00137900,0.03079,2132.7774,1774036848859
binance,gate,FUNUSDT,0.00137900,0.03079,2132.7774,1774036849160
binance,gate,FUNUSDT,0.00137900,0.03079,2132.7774,1774036849460
binance,gate,FUNUSDT,0.00137900,0.03079,2132.7774,1774036849760
binance,gate,FUNUSDT,0.00137900,0.03079,2132.7774,1774036850061
binance,gate,FUNUSDT,0.00137900,0.03079,2132.7774,1774036850361
binance,gate,FUNUSDT,0.00137900,0.03079,2132.7774,1774036850661
binance,gate,FUNUSDT,0.00137900,0.03079,2132.7774,1774036850961
binance,gate,FUNUSDT,0.00137900,0.03079,2132.7774,1774036851261
binance,gate,FUNUSDT,0.00137900,0.03079,2132.7774,1774036851563
binance,gate,FUNUSDT,0.00137900,0.03079,2132.7774,1774036851865
binance,gate,FUNUSDT,0.00137900,0.03079,2132.7774,1774036852165
binance,gate,FUNUSDT,0.00137900,0.03079,2132.7774,1774036852465
binance,gate,FUNUSDT,0.00137900,0.03079,2132.7774,1774036852767
binance,gate,FUNUSDT,0.00137900,0.03079,2132.7774,1774036853067
binance,gate,FUNUSDT,0.00137900,0.03079,2132.7774,1774036853367
binance,gate,FUNUSDT,0.00137900,0.03079,2132.7774,1774036853667
binance,gate,FUNUSDT,0.00137900,0.03079,2132.7774,1774036853967
binance,gate,FUNUSDT,0.00137900,0.03079,2132.7774,1774036854267
binance,gate,FUNUSDT,0.00137900,0.03079,2132.7774,1774036854567
binance,gate,FUNUSDT,0.00137900,0.03079,2132.7774,1774036854868
binance,gate,FUNUSDT,0.00137900,0.03079,2132.7774,1774036855168
binance,gate,FUNUSDT,0.00137900,0.03079,2132.7774,1774036855468
binance,gate,FUNUSDT,0.00137900,0.03079,2132.7774,1774036855768
binance,gate,FUNUSDT,0.00137900,0.03079,2132.7774,1774036856068
binance,gate,FUNUSDT,0.00137900,0.03079,2132.7774,1774036856369
binance,gate,FUNUSDT,0.00137900,0.03079,2132.7774,1774036856669
binance,gate,FUNUSDT,0.00137900,0.03079,2132.7774,1774036856971
binance,gate,FUNUSDT,0.00137900,0.03079,2132.7774,1774036857271
binance,gate,FUNUSDT,0.00137900,0.03079,2132.7774,1774036857571
binance,gate,FUNUSDT,0.00137900,0.03079,2132.7774,1774036857871
binance,gate,FUNUSDT,0.00137900,0.03079,2132.7774,1774036858172
binance,gate,FUNUSDT,0.00137900,0.03079,2132.7774,1774036858472
binance,gate,FUNUSDT,0.00137900,0.03079,2132.7774,1774036858774
binance,gate,FUNUSDT,0.00137900,0.03079,2132.7774,1774036859074
binance,gate,FUNUSDT,0.00137900,0.03079,2132.7774,1774036859374
binance,gate,FUNUSDT,0.00137900,0.03079,2132.7774,1774036859674
binance,gate,FUNUSDT,0.00137900,0.03079,2132.7774,1774036859975
binance,gate,FUNUSDT,0.00137900,0.03079,2132.7774,1774036860275
binance,gate,FUNUSDT,0.00137900,0.03079,2132.7774,1774036860575
binance,gate,FUNUSDT,0.00137900,0.03081,2134.2277,1774036860875
binance,gate,FUNUSDT,0.00137900,0.03081,2134.2277,1774036861175
binance,gate,FUNUSDT,0.00137900,0.03081,2134.2277,1774036861476
binance,gate,FUNUSDT,0.00137900,0.03081,2134.2277,1774036861776
binance,gate,FUNUSDT,0.00137900,0.03081,2134.2277,1774036862076
binance,gate,FUNUSDT,0.00137900,0.03081,2134.2277,1774036862376
binance,gate,FUNUSDT,0.00137900,0.03081,2134.2277,1774036862676
binance,gate,FUNUSDT,0.00137900,0.03081,2134.2277,1774036862978
binance,gate,FUNUSDT,0.00137900,0.03081,2134.2277,1774036863278
binance,gate,FUNUSDT,0.00137900,0.03081,2134.2277,1774036863578
binance,gate,FUNUSDT,0.00137900,0.03081,2134.2277,1774036863878
binance,gate,FUNUSDT,0.00137900,0.03081,2134.2277,1774036864179
binance,gate,FUNUSDT,0.00137900,0.03081,2134.2277,1774036864479
binance,gate,FUNUSDT,0.00137900,0.03081,2134.2277,1774036864779
binance,gate,FUNUSDT,0.00137900,0.03081,2134.2277,1774036865079
binance,gate,FUNUSDT,0.00137900,0.03081,2134.2277,1774036865379
binance,gate,FUNUSDT,0.00137900,0.03081,2134.2277,1774036865680
binance,gate,FUNUSDT,0.00137900,0.03081,2134.2277,1774036865981
binance,gate,FUNUSDT,0.00137900,0.03081,2134.2277,1774036866281
binance,gate,FUNUSDT,0.00138000,0.03081,2132.6087,1774036866581
binance,gate,FUNUSDT,0.00138000,0.03081,2132.6087,1774036866881
binance,gate,FUNUSDT,0.00138000,0.03081,2132.6087,1774036867181
binance,gate,FUNUSDT,0.00138000,0.03081,2132.6087,1774036867482
binance,gate,FUNUSDT,0.00138000,0.03081,2132.6087,1774036867783
binance,gate,FUNUSDT,0.00138000,0.03081,2132.6087,1774036868084
binance,gate,FUNUSDT,0.00138000,0.03081,2132.6087,1774036868384
binance,gate,FUNUSDT,0.00138000,0.03081,2132.6087,1774036868684
binance,gate,FUNUSDT,0.00138000,0.03081,2132.6087,1774036868985
binance,gate,FUNUSDT,0.00138000,0.03081,2132.6087,1774036869285
binance,gate,FUNUSDT,0.00138000,0.03081,2132.6087,1774036869585
binance,gate,FUNUSDT,0.00138000,0.03081,2132.6087,1774036869886
binance,gate,FUNUSDT,0.00138000,0.03081,2132.6087,1774036870186
binance,gate,FUNUSDT,0.00138000,0.03081,2132.6087,1774036870486
binance,gate,FUNUSDT,0.00138000,0.03081,2132.6087,1774036870787
binance,gate,FUNUSDT,0.00138000,0.03081,2132.6087,1774036871087
binance,gate,FUNUSDT,0.00138000,0.03081,2132.6087,1774036871387
binance,gate,FUNUSDT,0.00138000,0.03081,2132.6087,1774036871687
binance,gate,FUNUSDT,0.00138000,0.03081,2132.6087,1774036871988
binance,gate,FUNUSDT,0.00138000,0.03081,2132.6087,1774036872289
binance,gate,FUNUSDT,0.00138000,0.03081,2132.6087,1774036872589
binance,gate,FUNUSDT,0.00138000,0.03079,2131.1594,1774036872889
binance,gate,FUNUSDT,0.00138000,0.03079,2131.1594,1774036873190
binance,gate,FUNUSDT,0.00138000,0.03079,2131.1594,1774036873490
binance,gate,FUNUSDT,0.00138000,0.03079,2131.1594,1774036873790
binance,gate,FUNUSDT,0.00138000,0.03079,2131.1594,1774036874090
binance,gate,FUNUSDT,0.00138000,0.03079,2131.1594,1774036874391
binance,gate,FUNUSDT,0.00138000,0.03079,2131.1594,1774036874691
binance,gate,FUNUSDT,0.00138000,0.03079,2131.1594,1774036874992
binance,gate,FUNUSDT,0.00138000,0.03079,2131.1594,1774036875292
binance,gate,FUNUSDT,0.00138000,0.03079,2131.1594,1774036875592
binance,gate,FUNUSDT,0.00138000,0.03079,2131.1594,1774036875893
binance,gate,FUNUSDT,0.00138000,0.03079,2131.1594,1774036876193
binance,gate,FUNUSDT,0.00138000,0.03079,2131.1594,1774036876493
binance,gate,FUNUSDT,0.00138000,0.03079,2131.1594,1774036876793
binance,gate,FUNUSDT,0.00138000,0.03079,2131.1594,1774036877094
binance,gate,FUNUSDT,0.00138000,0.03079,2131.1594,1774036877396
binance,gate,FUNUSDT,0.00138000,0.03079,2131.1594,1774036877696
binance,gate,FUNUSDT,0.00138000,0.03079,2131.1594,1774036877996
binance,gate,FUNUSDT,0.00138000,0.03079,2131.1594,1774036878296
binance,gate,FUNUSDT,0.00138000,0.03079,2131.1594,1774036878596
binance,gate,FUNUSDT,0.00138000,0.03079,2131.1594,1774036878896
binance,gate,FUNUSDT,0.00138000,0.03079,2131.1594,1774036879197
binance,gate,FUNUSDT,0.00138000,0.03079,2131.1594,1774036879497
binance,gate,FUNUSDT,0.00138000,0.03079,2131.1594,1774036879797
binance,gate,FUNUSDT,0.00138000,0.03079,2131.1594,1774036880097
binance,gate,FUNUSDT,0.00138000,0.03079,2131.1594,1774036880398
binance,gate,FUNUSDT,0.00138000,0.03079,2131.1594,1774036880698
binance,gate,FUNUSDT,0.00138000,0.03079,2131.1594,1774036880999
binance,gate,FUNUSDT,0.00138000,0.03079,2131.1594,1774036881299
binance,gate,FUNUSDT,0.00138000,0.03079,2131.1594,1774036881600
binance,gate,FUNUSDT,0.00138000,0.03076,2128.9855,1774036881900
binance,gate,FUNUSDT,0.00138000,0.03076,2128.9855,1774036882200
binance,gate,FUNUSDT,0.00138000,0.03076,2128.9855,1774036882501
binance,gate,FUNUSDT,0.00138000,0.0308,2131.8841,1774036882801
binance,gate,FUNUSDT,0.00138000,0.0308,2131.8841,1774036883101
binance,gate,FUNUSDT,0.00138000,0.0308,2131.8841,1774036883401
binance,gate,FUNUSDT,0.00138000,0.0308,2131.8841,1774036883701
binance,gate,FUNUSDT,0.00138000,0.0308,2131.8841,1774036884002
binance,gate,FUNUSDT,0.00138000,0.0308,2131.8841,1774036884302
binance,gate,FUNUSDT,0.00138000,0.0308,2131.8841,1774036884602
binance,gate,FUNUSDT,0.00138000,0.0308,2131.8841,1774036884902
binance,gate,FUNUSDT,0.00138000,0.0308,2131.8841,1774036885203
binance,gate,FUNUSDT,0.00138000,0.0308,2131.8841,1774036885503
binance,gate,FUNUSDT,0.00138000,0.0308,2131.8841,1774036885803
binance,gate,FUNUSDT,0.00138000,0.0308,2131.8841,1774036886103
binance,gate,FUNUSDT,0.00138000,0.0308,2131.8841,1774036886404
binance,gate,FUNUSDT,0.00138000,0.0308,2131.8841,1774036886704
binance,gate,FUNUSDT,0.00138000,0.0308,2131.8841,1774036887005
binance,gate,FUNUSDT,0.00138000,0.0308,2131.8841,1774036887305
binance,gate,FUNUSDT,0.00138000,0.0308,2131.8841,1774036887605
binance,gate,FUNUSDT,0.00138000,0.0308,2131.8841,1774036887905
binance,gate,FUNUSDT,0.00138000,0.0308,2131.8841,1774036888205
binance,gate,FUNUSDT,0.00138000,0.0308,2131.8841,1774036888506
binance,gate,FUNUSDT,0.00138000,0.0308,2131.8841,1774036888806
binance,gate,FUNUSDT,0.00138000,0.0308,2131.8841,1774036889106
binance,gate,FUNUSDT,0.00138000,0.0308,2131.8841,1774036889407
binance,gate,FUNUSDT,0.00138000,0.0308,2131.8841,1774036889707
binance,gate,FUNUSDT,0.00138000,0.0308,2131.8841,1774036890007
binance,gate,FUNUSDT,0.00138000,0.0308,2131.8841,1774036890307
binance,gate,FUNUSDT,0.00138000,0.0308,2131.8841,1774036890608
binance,gate,FUNUSDT,0.00138000,0.0308,2131.8841,1774036890908
binance,gate,FUNUSDT,0.00138000,0.0308,2131.8841,1774036891208
binance,gate,FUNUSDT,0.00138000,0.0308,2131.8841,1774036891509
binance,gate,FUNUSDT,0.00138000,0.0308,2131.8841,1774036891810
binance,gate,FUNUSDT,0.00138000,0.0308,2131.8841,1774036892110
binance,gate,FUNUSDT,0.00138000,0.0308,2131.8841,1774036892410
binance,gate,FUNUSDT,0.00138000,0.0308,2131.8841,1774036892710
binance,gate,FUNUSDT,0.00138000,0.0308,2131.8841,1774036893011
binance,gate,FUNUSDT,0.00138000,0.0308,2131.8841,1774036893311
binance,gate,FUNUSDT,0.00138000,0.0308,2131.8841,1774036893611
binance,gate,FUNUSDT,0.00138000,0.0308,2131.8841,1774036893911
binance,gate,FUNUSDT,0.00138000,0.0308,2131.8841,1774036894211
binance,gate,FUNUSDT,0.00138000,0.0308,2131.8841,1774036894511
binance,gate,FUNUSDT,0.00138000,0.0308,2131.8841,1774036894811
binance,gate,FUNUSDT,0.00138000,0.0308,2131.8841,1774036895112
binance,gate,FUNUSDT,0.00138000,0.0308,2131.8841,1774036895412
binance,gate,FUNUSDT,0.00138000,0.0308,2131.8841,1774036895712
binance,gate,FUNUSDT,0.00138000,0.0308,2131.8841,1774036896012
binance,gate,FUNUSDT,0.00138000,0.0308,2131.8841,1774036896313
binance,gate,FUNUSDT,0.00138000,0.0308,2131.8841,1774036896614
binance,gate,FUNUSDT,0.00138000,0.0308,2131.8841,1774036896914
binance,gate,FUNUSDT,0.00138000,0.0308,2131.8841,1774036897214
binance,gate,FUNUSDT,0.00138000,0.0308,2131.8841,1774036897514
binance,gate,FUNUSDT,0.00138000,0.0308,2131.8841,1774036897814
binance,gate,FUNUSDT,0.00138000,0.0308,2131.8841,1774036898114
binance,gate,FUNUSDT,0.00138000,0.0308,2131.8841,1774036898414
binance,gate,FUNUSDT,0.00138000,0.0308,2131.8841,1774036898714
binance,gate,FUNUSDT,0.00138000,0.0308,2131.8841,1774036899014
binance,gate,FUNUSDT,0.00138000,0.0308,2131.8841,1774036899314
binance,gate,FUNUSDT,0.00138000,0.0308,2131.8841,1774036899614
binance,gate,FUNUSDT,0.00138000,0.0308,2131.8841,1774036899915
binance,gate,FUNUSDT,0.00138000,0.0308,2131.8841,1774036900216
binance,gate,FUNUSDT,0.00138000,0.0308,2131.8841,1774036900516
binance,gate,FUNUSDT,0.00138000,0.0308,2131.8841,1774036900816
binance,gate,FUNUSDT,0.00138000,0.0308,2131.8841,1774036901116
binance,gate,FUNUSDT,0.00138000,0.0308,2131.8841,1774036901417
binance,gate,FUNUSDT,0.00138000,0.0308,2131.8841,1774036901717
binance,gate,FUNUSDT,0.00138000,0.0308,2131.8841,1774036902017
binance,gate,FUNUSDT,0.00138000,0.0308,2131.8841,1774036902317
binance,gate,FUNUSDT,0.00138000,0.0308,2131.8841,1774036902617
binance,gate,FUNUSDT,0.00138000,0.0308,2131.8841,1774036902918
binance,gate,FUNUSDT,0.00138000,0.0308,2131.8841,1774036903218
binance,gate,FUNUSDT,0.00138000,0.0308,2131.8841,1774036903519
binance,gate,FUNUSDT,0.00138000,0.0308,2131.8841,1774036903819
binance,gate,FUNUSDT,0.00138000,0.0308,2131.8841,1774036904119
binance,gate,FUNUSDT,0.00138000,0.0308,2131.8841,1774036904419
binance,gate,FUNUSDT,0.00138000,0.0308,2131.8841,1774036904719
binance,gate,FUNUSDT,0.00138000,0.0308,2131.8841,1774036905020
binance,gate,FUNUSDT,0.00138000,0.0308,2131.8841,1774036905320
binance,gate,FUNUSDT,0.00138000,0.0308,2131.8841,1774036905620
binance,gate,FUNUSDT,0.00138000,0.0308,2131.8841,1774036905921
binance,gate,FUNUSDT,0.00138000,0.0308,2131.8841,1774036906222
binance,gate,FUNUSDT,0.00138000,0.0308,2131.8841,1774036906522
binance,gate,FUNUSDT,0.00138000,0.0308,2131.8841,1774036906822
binance,gate,FUNUSDT,0.00138000,0.0308,2131.8841,1774036907122
binance,gate,FUNUSDT,0.00138000,0.0308,2131.8841,1774036907423
binance,gate,FUNUSDT,0.00138000,0.0308,2131.8841,1774036907723
binance,gate,FUNUSDT,0.00138000,0.0308,2131.8841,1774036908024
binance,gate,FUNUSDT,0.00138000,0.0308,2131.8841,1774036908324
binance,gate,FUNUSDT,0.00138000,0.0308,2131.8841,1774036908624
binance,gate,FUNUSDT,0.00138000,0.0308,2131.8841,1774036908925
binance,gate,FUNUSDT,0.00138000,0.0308,2131.8841,1774036909225
binance,gate,FUNUSDT,0.00138000,0.0308,2131.8841,1774036909525
binance,gate,FUNUSDT,0.00138000,0.0308,2131.8841,1774036909826
binance,gate,FUNUSDT,0.00138000,0.0308,2131.8841,1774036910126
binance,gate,FUNUSDT,0.00138000,0.0308,2131.8841,1774036910426
binance,gate,FUNUSDT,0.00138000,0.0308,2131.8841,1774036910726
binance,gate,FUNUSDT,0.00138000,0.0308,2131.8841,1774036911026
binance,gate,FUNUSDT,0.00138000,0.0308,2131.8841,1774036911327
binance,gate,FUNUSDT,0.00138000,0.0308,2131.8841,1774036911628
binance,gate,FUNUSDT,0.00138000,0.0308,2131.8841,1774036911928
binance,gate,FUNUSDT,0.00138000,0.0308,2131.8841,1774036912229
binance,gate,FUNUSDT,0.00138000,0.0308,2131.8841,1774036912529
binance,gate,FUNUSDT,0.00138000,0.0308,2131.8841,1774036912829
binance,gate,FUNUSDT,0.00138000,0.0308,2131.8841,1774036913129
binance,gate,FUNUSDT,0.00138000,0.0308,2131.8841,1774036913430
binance,gate,FUNUSDT,0.00138000,0.0308,2131.8841,1774036913731
binance,gate,FUNUSDT,0.00138000,0.0308,2131.8841,1774036914031
binance,gate,FUNUSDT,0.00138000,0.0308,2131.8841,1774036914332
binance,gate,FUNUSDT,0.00138000,0.0308,2131.8841,1774036914632
binance,gate,FUNUSDT,0.00138000,0.0308,2131.8841,1774036914932
binance,gate,FUNUSDT,0.00138000,0.0308,2131.8841,1774036915232
binance,gate,FUNUSDT,0.00138000,0.0308,2131.8841,1774036915533
binance,gate,FUNUSDT,0.00138000,0.0308,2131.8841,1774036915833
binance,gate,FUNUSDT,0.00138000,0.0308,2131.8841,1774036916133
binance,gate,FUNUSDT,0.00138000,0.0308,2131.8841,1774036916433
binance,gate,FUNUSDT,0.00138000,0.0308,2131.8841,1774036916733
binance,gate,FUNUSDT,0.00138000,0.0308,2131.8841,1774036917033
binance,gate,FUNUSDT,0.00138000,0.0308,2131.8841,1774036917334
binance,gate,FUNUSDT,0.00138000,0.0308,2131.8841,1774036917634
binance,gate,FUNUSDT,0.00138000,0.0308,2131.8841,1774036917934
binance,gate,FUNUSDT,0.00138000,0.0308,2131.8841,1774036918235
binance,gate,FUNUSDT,0.00138000,0.0308,2131.8841,1774036918535
binance,gate,FUNUSDT,0.00138000,0.0308,2131.8841,1774036918836
binance,gate,FUNUSDT,0.00138000,0.0308,2131.8841,1774036919136
binance,gate,FUNUSDT,0.00138000,0.0308,2131.8841,1774036919436
binance,gate,FUNUSDT,0.00138000,0.03076,2128.9855,1774036919736
binance,gate,FUNUSDT,0.00138000,0.03076,2128.9855,1774036920037
binance,gate,FUNUSDT,0.00138000,0.03076,2128.9855,1774036920337
binance,gate,FUNUSDT,0.00137900,0.03076,2130.6019,1774036920637
binance,gate,FUNUSDT,0.00137900,0.03076,2130.6019,1774036920937
binance,gate,FUNUSDT,0.00137900,0.03076,2130.6019,1774036921238
binance,gate,FUNUSDT,0.00137900,0.03076,2130.6019,1774036921538
binance,gate,FUNUSDT,0.00137900,0.03076,2130.6019,1774036921839
binance,gate,FUNUSDT,0.00137900,0.03076,2130.6019,1774036922139
binance,gate,FUNUSDT,0.00137900,0.03076,2130.6019,1774036922439
binance,gate,FUNUSDT,0.00137900,0.03076,2130.6019,1774036922739
binance,gate,FUNUSDT,0.00137900,0.03076,2130.6019,1774036923040
binance,gate,FUNUSDT,0.00137900,0.03076,2130.6019,1774036923340
binance,gate,FUNUSDT,0.00137900,0.03076,2130.6019,1774036923640
binance,gate,FUNUSDT,0.00137900,0.03076,2130.6019,1774036923940
binance,gate,FUNUSDT,0.00137900,0.03076,2130.6019,1774036924241
binance,gate,FUNUSDT,0.00137900,0.03076,2130.6019,1774036924541
binance,gate,FUNUSDT,0.00137900,0.03076,2130.6019,1774036924841
binance,gate,FUNUSDT,0.00137900,0.03076,2130.6019,1774036925141
binance,gate,FUNUSDT,0.00137900,0.03077,2131.327,1774036925441
binance,gate,FUNUSDT,0.00137900,0.03077,2131.327,1774036925742
binance,gate,FUNUSDT,0.00137900,0.03077,2131.327,1774036926042
binance,gate,FUNUSDT,0.00137900,0.03077,2131.327,1774036926342
binance,gate,FUNUSDT,0.00137900,0.03077,2131.327,1774036926642
binance,gate,FUNUSDT,0.00137900,0.03077,2131.327,1774036926942
binance,gate,FUNUSDT,0.00137900,0.03077,2131.327,1774036927243
binance,gate,FUNUSDT,0.00137900,0.03077,2131.327,1774036927543
binance,gate,FUNUSDT,0.00137900,0.03077,2131.327,1774036927843
binance,gate,FUNUSDT,0.00137900,0.03077,2131.327,1774036928143
binance,gate,FUNUSDT,0.00137900,0.03077,2131.327,1774036928444
binance,gate,FUNUSDT,0.00137900,0.03077,2131.327,1774036928744
binance,gate,FUNUSDT,0.00137900,0.03077,2131.327,1774036929044
binance,gate,FUNUSDT,0.00137900,0.03077,2131.327,1774036929344
binance,gate,FUNUSDT,0.00137900,0.03077,2131.327,1774036929646
binance,gate,FUNUSDT,0.00137900,0.03077,2131.327,1774036929947
binance,gate,FUNUSDT,0.00137900,0.03077,2131.327,1774036930247
binance,gate,FUNUSDT,0.00137900,0.03077,2131.327,1774036930547
binance,gate,FUNUSDT,0.00137900,0.03077,2131.327,1774036930847
binance,gate,FUNUSDT,0.00137900,0.03077,2131.327,1774036931148
binance,gate,FUNUSDT,0.00137900,0.03077,2131.327,1774036931448
binance,gate,FUNUSDT,0.00137900,0.03077,2131.327,1774036931748
binance,gate,FUNUSDT,0.00137900,0.03077,2131.327,1774036932048
binance,gate,FUNUSDT,0.00137900,0.03077,2131.327,1774036932348
binance,gate,FUNUSDT,0.00137900,0.03077,2131.327,1774036932648
binance,gate,FUNUSDT,0.00137900,0.03077,2131.327,1774036932948
binance,gate,FUNUSDT,0.00137900,0.03077,2131.327,1774036933248
binance,gate,FUNUSDT,0.00137900,0.03077,2131.327,1774036933549
binance,gate,FUNUSDT,0.00137900,0.03077,2131.327,1774036933849
binance,gate,FUNUSDT,0.00137900,0.03077,2131.327,1774036934150
binance,gate,FUNUSDT,0.00137900,0.03077,2131.327,1774036934450
binance,gate,FUNUSDT,0.00137900,0.03077,2131.327,1774036934750
binance,gate,FUNUSDT,0.00137900,0.03077,2131.327,1774036935051
binance,gate,FUNUSDT,0.00137900,0.03077,2131.327,1774036935351
binance,gate,FUNUSDT,0.00137900,0.03077,2131.327,1774036935652
binance,gate,FUNUSDT,0.00137900,0.03077,2131.327,1774036935952
binance,gate,FUNUSDT,0.00137900,0.03077,2131.327,1774036936252
binance,gate,FUNUSDT,0.00137900,0.03077,2131.327,1774036936552
binance,gate,FUNUSDT,0.00137900,0.03077,2131.327,1774036936853
binance,gate,FUNUSDT,0.00137900,0.03077,2131.327,1774036937153
binance,gate,FUNUSDT,0.00137900,0.03077,2131.327,1774036937453
binance,gate,FUNUSDT,0.00137900,0.03077,2131.327,1774036937754
binance,gate,FUNUSDT,0.00137900,0.03077,2131.327,1774036938055
binance,gate,FUNUSDT,0.00137900,0.03077,2131.327,1774036938355
binance,gate,FUNUSDT,0.00137900,0.03077,2131.327,1774036938655
binance,gate,FUNUSDT,0.00137900,0.03077,2131.327,1774036938956
binance,gate,FUNUSDT,0.00137900,0.03077,2131.327,1774036939256
binance,gate,FUNUSDT,0.00137900,0.03077,2131.327,1774036939556
binance,gate,FUNUSDT,0.00137900,0.03077,2131.327,1774036939857
binance,gate,FUNUSDT,0.00137900,0.03077,2131.327,1774036940157
binance,gate,FUNUSDT,0.00137900,0.03077,2131.327,1774036940458
binance,gate,FUNUSDT,0.00137900,0.03077,2131.327,1774036940758
binance,gate,FUNUSDT,0.00137900,0.03077,2131.327,1774036941059
binance,gate,FUNUSDT,0.00137900,0.03077,2131.327,1774036941359
binance,gate,FUNUSDT,0.00137900,0.03077,2131.327,1774036941659
binance,gate,FUNUSDT,0.00137900,0.03077,2131.327,1774036941960
binance,gate,FUNUSDT,0.00137900,0.03077,2131.327,1774036942260
binance,gate,FUNUSDT,0.00137900,0.03077,2131.327,1774036942562
binance,gate,FUNUSDT,0.00137900,0.03077,2131.327,1774036942863
binance,gate,FUNUSDT,0.00137900,0.03077,2131.327,1774036943164
binance,gate,FUNUSDT,0.00137900,0.03077,2131.327,1774036943465
binance,gate,FUNUSDT,0.00137900,0.03077,2131.327,1774036943765
binance,gate,FUNUSDT,0.00137900,0.03077,2131.327,1774036944065
binance,gate,FUNUSDT,0.00137900,0.03077,2131.327,1774036944366
binance,gate,FUNUSDT,0.00137900,0.03077,2131.327,1774036944666
binance,gate,FUNUSDT,0.00137900,0.03077,2131.327,1774036944966
binance,gate,FUNUSDT,0.00137900,0.03077,2131.327,1774036945267
binance,gate,FUNUSDT,0.00137900,0.03077,2131.327,1774036945567
binance,gate,FUNUSDT,0.00137900,0.03077,2131.327,1774036945868
binance,gate,FUNUSDT,0.00137900,0.03077,2131.327,1774036946168
binance,gate,FUNUSDT,0.00137900,0.03077,2131.327,1774036946469
binance,gate,FUNUSDT,0.00137900,0.03077,2131.327,1774036946769
binance,gate,FUNUSDT,0.00137900,0.03077,2131.327,1774036947069
binance,gate,FUNUSDT,0.00137900,0.03077,2131.327,1774036947370
binance,gate,FUNUSDT,0.00137900,0.03077,2131.327,1774036947670
binance,gate,FUNUSDT,0.00137900,0.03077,2131.327,1774036947971
binance,gate,FUNUSDT,0.00137900,0.03077,2131.327,1774036948271
binance,gate,FUNUSDT,0.00137900,0.03077,2131.327,1774036948571
binance,gate,FUNUSDT,0.00137900,0.03077,2131.327,1774036948872
binance,gate,FUNUSDT,0.00137900,0.03077,2131.327,1774036949172
binance,gate,FUNUSDT,0.00137900,0.03077,2131.327,1774036949472
binance,gate,FUNUSDT,0.00137900,0.03077,2131.327,1774036949772
binance,gate,FUNUSDT,0.00137900,0.03077,2131.327,1774036950072
binance,gate,FUNUSDT,0.00137900,0.03077,2131.327,1774036950372
binance,gate,FUNUSDT,0.00137900,0.03077,2131.327,1774036950673
binance,gate,FUNUSDT,0.00137900,0.03077,2131.327,1774036950973
binance,gate,FUNUSDT,0.00137900,0.03077,2131.327,1774036951274
binance,gate,FUNUSDT,0.00137900,0.03077,2131.327,1774036951575
binance,gate,FUNUSDT,0.00137900,0.03077,2131.327,1774036951875
binance,gate,FUNUSDT,0.00137900,0.03077,2131.327,1774036952175
binance,gate,FUNUSDT,0.00137900,0.03077,2131.327,1774036952476
binance,gate,FUNUSDT,0.00137900,0.03077,2131.327,1774036952776
binance,gate,FUNUSDT,0.00137900,0.03077,2131.327,1774036953079
binance,gate,FUNUSDT,0.00137900,0.03077,2131.327,1774036953379
binance,gate,FUNUSDT,0.00137900,0.03077,2131.327,1774036953679
binance,gate,FUNUSDT,0.00137900,0.03077,2131.327,1774036953979
binance,gate,FUNUSDT,0.00137900,0.03077,2131.327,1774036954279
binance,gate,FUNUSDT,0.00137900,0.03077,2131.327,1774036954580
binance,gate,FUNUSDT,0.00137900,0.03077,2131.327,1774036954880
binance,gate,FUNUSDT,0.00137900,0.03077,2131.327,1774036955180
binance,gate,FUNUSDT,0.00137900,0.03077,2131.327,1774036955480
binance,gate,FUNUSDT,0.00137900,0.03077,2131.327,1774036955781
binance,gate,FUNUSDT,0.00137900,0.03077,2131.327,1774036956081
binance,gate,FUNUSDT,0.00137900,0.03077,2131.327,1774036956381
binance,gate,FUNUSDT,0.00137900,0.03077,2131.327,1774036956682
binance,gate,FUNUSDT,0.00137900,0.03077,2131.327,1774036956983
binance,gate,FUNUSDT,0.00137900,0.03077,2131.327,1774036957283
binance,gate,FUNUSDT,0.00137900,0.03077,2131.327,1774036957583
binance,gate,FUNUSDT,0.00137900,0.03077,2131.327,1774036957884
binance,gate,FUNUSDT,0.00137900,0.03077,2131.327,1774036958184
binance,gate,FUNUSDT,0.00137900,0.03077,2131.327,1774036958484
binance,gate,FUNUSDT,0.00137900,0.03077,2131.327,1774036958784
binance,gate,FUNUSDT,0.00137900,0.03077,2131.327,1774036959085
binance,gate,FUNUSDT,0.00137900,0.03077,2131.327,1774036959385
binance,gate,FUNUSDT,0.00137900,0.03077,2131.327,1774036959685
binance,gate,FUNUSDT,0.00137900,0.03077,2131.327,1774036959985
binance,gate,FUNUSDT,0.00137900,0.03077,2131.327,1774036960286
binance,gate,FUNUSDT,0.00137900,0.03077,2131.327,1774036960586
binance,gate,FUNUSDT,0.00137900,0.03077,2131.327,1774036960886
binance,gate,FUNUSDT,0.00137900,0.03077,2131.327,1774036961187
binance,gate,FUNUSDT,0.00137900,0.03077,2131.327,1774036961487
binance,gate,FUNUSDT,0.00137900,0.03077,2131.327,1774036961788
binance,gate,FUNUSDT,0.00137900,0.03077,2131.327,1774036962088
binance,gate,FUNUSDT,0.00137900,0.03077,2131.327,1774036962389
binance,gate,FUNUSDT,0.00137900,0.03077,2131.327,1774036962689
binance,gate,FUNUSDT,0.00137900,0.03077,2131.327,1774036962990
binance,gate,FUNUSDT,0.00137900,0.03077,2131.327,1774036963290
binance,gate,FUNUSDT,0.00137900,0.03077,2131.327,1774036963591
binance,gate,FUNUSDT,0.00137900,0.03077,2131.327,1774036963891
binance,gate,FUNUSDT,0.00137900,0.03077,2131.327,1774036964191
binance,gate,FUNUSDT,0.00137900,0.03077,2131.327,1774036964491
binance,gate,FUNUSDT,0.00137900,0.03077,2131.327,1774036964791
binance,gate,FUNUSDT,0.00137900,0.03077,2131.327,1774036965092
binance,gate,FUNUSDT,0.00137900,0.03077,2131.327,1774036965392
binance,gate,FUNUSDT,0.00137900,0.03077,2131.327,1774036965692
binance,gate,FUNUSDT,0.00137900,0.03077,2131.327,1774036965993
binance,gate,FUNUSDT,0.00137900,0.03077,2131.327,1774036966293
binance,gate,FUNUSDT,0.00137900,0.03077,2131.327,1774036966593
binance,gate,FUNUSDT,0.00137900,0.03077,2131.327,1774036966893
binance,gate,FUNUSDT,0.00137900,0.03077,2131.327,1774036967193
binance,gate,FUNUSDT,0.00137900,0.03077,2131.327,1774036967494
binance,gate,FUNUSDT,0.00137900,0.03077,2131.327,1774036967794
binance,gate,FUNUSDT,0.00137900,0.03077,2131.327,1774036968095
binance,gate,FUNUSDT,0.00137900,0.03077,2131.327,1774036968395
binance,gate,FUNUSDT,0.00137900,0.03077,2131.327,1774036968695
binance,gate,FUNUSDT,0.00137900,0.03077,2131.327,1774036968996
binance,gate,FUNUSDT,0.00137900,0.03077,2131.327,1774036969296
binance,gate,FUNUSDT,0.00137900,0.03077,2131.327,1774036969597
binance,gate,FUNUSDT,0.00137900,0.03077,2131.327,1774036969897
binance,gate,FUNUSDT,0.00137900,0.03077,2131.327,1774036970198
binance,gate,FUNUSDT,0.00137900,0.03077,2131.327,1774036970498
binance,gate,FUNUSDT,0.00137900,0.0308,2133.5025,1774036970798
binance,gate,FUNUSDT,0.00137900,0.0308,2133.5025,1774036971098
binance,gate,FUNUSDT,0.00137900,0.0308,2133.5025,1774036971398
binance,gate,FUNUSDT,0.00137900,0.0308,2133.5025,1774036971699
binance,gate,FUNUSDT,0.00137900,0.0308,2133.5025,1774036971999
binance,gate,FUNUSDT,0.00137900,0.0308,2133.5025,1774036972299
binance,gate,FUNUSDT,0.00137900,0.0308,2133.5025,1774036972600
binance,gate,FUNUSDT,0.00137900,0.0308,2133.5025,1774036972900
binance,gate,FUNUSDT,0.00137900,0.0308,2133.5025,1774036973200
binance,gate,FUNUSDT,0.00137900,0.0308,2133.5025,1774036973501
binance,gate,FUNUSDT,0.00137900,0.0308,2133.5025,1774036973802
binance,gate,FUNUSDT,0.00137900,0.0308,2133.5025,1774036974103
binance,gate,FUNUSDT,0.00137900,0.0308,2133.5025,1774036974404
binance,gate,FUNUSDT,0.00137900,0.0308,2133.5025,1774036974704
binance,gate,FUNUSDT,0.00137900,0.0308,2133.5025,1774036975004
binance,gate,FUNUSDT,0.00137900,0.03083,2135.678,1774036975304
binance,gate,FUNUSDT,0.00137900,0.03083,2135.678,1774036975605
binance,gate,FUNUSDT,0.00137900,0.03083,2135.678,1774036975905
binance,gate,FUNUSDT,0.00137900,0.03083,2135.678,1774036976205
binance,gate,FUNUSDT,0.00137900,0.03083,2135.678,1774036976506
binance,gate,FUNUSDT,0.00137900,0.03083,2135.678,1774036976806
binance,gate,FUNUSDT,0.00137900,0.03083,2135.678,1774036977106
binance,gate,FUNUSDT,0.00137900,0.03083,2135.678,1774036977407
binance,gate,FUNUSDT,0.00137900,0.03083,2135.678,1774036977707
binance,gate,FUNUSDT,0.00137900,0.03083,2135.678,1774036978008
binance,gate,FUNUSDT,0.00137900,0.03083,2135.678,1774036978308
binance,gate,FUNUSDT,0.00137900,0.03083,2135.678,1774036978608
binance,gate,FUNUSDT,0.00137900,0.03083,2135.678,1774036978909
binance,gate,FUNUSDT,0.00137900,0.03083,2135.678,1774036979209
binance,gate,FUNUSDT,0.00137900,0.03083,2135.678,1774036979509
binance,gate,FUNUSDT,0.00137900,0.03083,2135.678,1774036979810
binance,gate,FUNUSDT,0.00137900,0.03083,2135.678,1774036980110
binance,gate,FUNUSDT,0.00137900,0.03086,2137.8535,1774036980410
binance,gate,FUNUSDT,0.00137900,0.03083,2135.678,1774036980710
binance,gate,FUNUSDT,0.00137900,0.03086,2137.8535,1774036981010
binance,gate,FUNUSDT,0.00137900,0.03086,2137.8535,1774036981311
binance,gate,FUNUSDT,0.00137900,0.03086,2137.8535,1774036981611
binance,gate,FUNUSDT,0.00137900,0.03086,2137.8535,1774036981911
binance,gate,FUNUSDT,0.00137900,0.03086,2137.8535,1774036982213
binance,gate,FUNUSDT,0.00137900,0.03086,2137.8535,1774036982513
binance,gate,FUNUSDT,0.00137900,0.03086,2137.8535,1774036982813
binance,gate,FUNUSDT,0.00137900,0.03086,2137.8535,1774036983114
binance,gate,FUNUSDT,0.00137900,0.03086,2137.8535,1774036983414
binance,gate,FUNUSDT,0.00137900,0.03086,2137.8535,1774036983714
binance,gate,FUNUSDT,0.00137900,0.03086,2137.8535,1774036984014
binance,gate,FUNUSDT,0.00137900,0.03086,2137.8535,1774036984315
binance,gate,FUNUSDT,0.00137900,0.03086,2137.8535,1774036984616
binance,gate,FUNUSDT,0.00137900,0.03086,2137.8535,1774036984916
binance,gate,FUNUSDT,0.00137900,0.03086,2137.8535,1774036985216
binance,gate,FUNUSDT,0.00137900,0.03086,2137.8535,1774036985517
binance,gate,FUNUSDT,0.00137900,0.03086,2137.8535,1774036985817
binance,gate,FUNUSDT,0.00137900,0.03086,2137.8535,1774036986117
binance,gate,FUNUSDT,0.00137900,0.03086,2137.8535,1774036986417
binance,gate,FUNUSDT,0.00137900,0.03086,2137.8535,1774036986718
binance,gate,FUNUSDT,0.00137900,0.03086,2137.8535,1774036987018
binance,gate,FUNUSDT,0.00137900,0.03086,2137.8535,1774036987318
binance,gate,FUNUSDT,0.00137900,0.03086,2137.8535,1774036987618
binance,gate,FUNUSDT,0.00137900,0.03086,2137.8535,1774036987919
binance,gate,FUNUSDT,0.00137900,0.03086,2137.8535,1774036988219
binance,gate,FUNUSDT,0.00137900,0.03086,2137.8535,1774036988519
binance,gate,FUNUSDT,0.00137900,0.03086,2137.8535,1774036988819
binance,gate,FUNUSDT,0.00137900,0.03086,2137.8535,1774036989119
binance,gate,FUNUSDT,0.00137900,0.03086,2137.8535,1774036989420
binance,gate,FUNUSDT,0.00137900,0.03086,2137.8535,1774036989720
binance,gate,FUNUSDT,0.00137900,0.03086,2137.8535,1774036990020
binance,gate,FUNUSDT,0.00137900,0.03086,2137.8535,1774036990320
binance,gate,FUNUSDT,0.00137900,0.03086,2137.8535,1774036990621
binance,gate,FUNUSDT,0.00137900,0.03086,2137.8535,1774036990921
binance,gate,FUNUSDT,0.00137900,0.03086,2137.8535,1774036991222
binance,gate,FUNUSDT,0.00137900,0.03086,2137.8535,1774036991522
binance,gate,FUNUSDT,0.00137900,0.03086,2137.8535,1774036991822
binance,gate,FUNUSDT,0.00137900,0.03086,2137.8535,1774036992123
binance,gate,FUNUSDT,0.00137900,0.03086,2137.8535,1774036992423
binance,gate,FUNUSDT,0.00137900,0.03086,2137.8535,1774036992723
binance,gate,FUNUSDT,0.00137900,0.03086,2137.8535,1774036993023
binance,gate,FUNUSDT,0.00137900,0.03086,2137.8535,1774036993324
binance,gate,FUNUSDT,0.00137900,0.03086,2137.8535,1774036993624
binance,gate,FUNUSDT,0.00137900,0.03086,2137.8535,1774036993925
binance,gate,FUNUSDT,0.00137900,0.03086,2137.8535,1774036994225
binance,gate,FUNUSDT,0.00137900,0.03086,2137.8535,1774036994525
binance,gate,FUNUSDT,0.00137900,0.03086,2137.8535,1774036994826
binance,gate,FUNUSDT,0.00137900,0.03086,2137.8535,1774036995126
binance,gate,FUNUSDT,0.00137900,0.03086,2137.8535,1774036995427
binance,gate,FUNUSDT,0.00137900,0.03086,2137.8535,1774036995729
binance,gate,FUNUSDT,0.00137900,0.03086,2137.8535,1774036996029
binance,gate,FUNUSDT,0.00137900,0.03086,2137.8535,1774036996329
binance,gate,FUNUSDT,0.00137900,0.03086,2137.8535,1774036996629
binance,gate,FUNUSDT,0.00137900,0.03086,2137.8535,1774036996930
binance,gate,FUNUSDT,0.00137900,0.03086,2137.8535,1774036997230
binance,gate,FUNUSDT,0.00137900,0.03086,2137.8535,1774036997530
binance,gate,FUNUSDT,0.00137900,0.03086,2137.8535,1774036997830
binance,gate,FUNUSDT,0.00137900,0.03086,2137.8535,1774036998130
binance,gate,FUNUSDT,0.00137900,0.03086,2137.8535,1774036998430
binance,gate,FUNUSDT,0.00137900,0.03086,2137.8535,1774036998730
binance,gate,FUNUSDT,0.00137900,0.03086,2137.8535,1774036999032
binance,gate,FUNUSDT,0.00137900,0.03086,2137.8535,1774036999332
binance,gate,FUNUSDT,0.00137900,0.03089,2140.029,1774036999633
binance,gate,FUNUSDT,0.00137900,0.03089,2140.029,1774036999933
binance,gate,FUNUSDT,0.00137900,0.03089,2140.029,1774037000233
binance,gate,FUNUSDT,0.00137900,0.03089,2140.029,1774037000534
binance,gate,FUNUSDT,0.00137900,0.03089,2140.029,1774037000834
binance,gate,FUNUSDT,0.00137900,0.03089,2140.029,1774037001134
binance,gate,FUNUSDT,0.00137900,0.03089,2140.029,1774037001434
binance,gate,FUNUSDT,0.00137900,0.03089,2140.029,1774037001734
binance,gate,FUNUSDT,0.00137900,0.03089,2140.029,1774037002034
binance,gate,FUNUSDT,0.00137900,0.03089,2140.029,1774037002335
binance,gate,FUNUSDT,0.00137900,0.03089,2140.029,1774037002635
binance,gate,FUNUSDT,0.00137900,0.03089,2140.029,1774037002936
binance,gate,FUNUSDT,0.00137900,0.03089,2140.029,1774037003236
binance,gate,FUNUSDT,0.00137900,0.03089,2140.029,1774037003536
binance,gate,FUNUSDT,0.00137900,0.03089,2140.029,1774037003836
binance,gate,FUNUSDT,0.00137900,0.03092,2142.2045,1774037004136
binance,gate,FUNUSDT,0.00137900,0.03092,2142.2045,1774037004436
binance,gate,FUNUSDT,0.00137900,0.03089,2140.029,1774037004736
binance,gate,FUNUSDT,0.00137900,0.03089,2140.029,1774037005037
binance,gate,FUNUSDT,0.00137900,0.03089,2140.029,1774037005337
binance,gate,FUNUSDT,0.00137900,0.03089,2140.029,1774037005637
binance,gate,FUNUSDT,0.00137900,0.03089,2140.029,1774037005937
binance,gate,FUNUSDT,0.00137900,0.03089,2140.029,1774037006237
binance,gate,FUNUSDT,0.00137900,0.03089,2140.029,1774037006537
binance,gate,FUNUSDT,0.00137900,0.03089,2140.029,1774037006838
binance,gate,FUNUSDT,0.00137900,0.03089,2140.029,1774037007138
binance,gate,FUNUSDT,0.00137900,0.03089,2140.029,1774037007438
binance,gate,FUNUSDT,0.00137900,0.03089,2140.029,1774037007738
binance,gate,FUNUSDT,0.00137900,0.03089,2140.029,1774037008039
binance,gate,FUNUSDT,0.00137900,0.03089,2140.029,1774037008339
binance,gate,FUNUSDT,0.00137900,0.03089,2140.029,1774037008639
binance,gate,FUNUSDT,0.00137900,0.03089,2140.029,1774037008940
binance,gate,FUNUSDT,0.00137900,0.03089,2140.029,1774037009240
binance,gate,FUNUSDT,0.00137900,0.03089,2140.029,1774037009541
binance,gate,FUNUSDT,0.00137900,0.03089,2140.029,1774037009841
binance,gate,FUNUSDT,0.00137900,0.03089,2140.029,1774037010141
binance,gate,FUNUSDT,0.00137900,0.03089,2140.029,1774037010442
binance,gate,FUNUSDT,0.00137900,0.03089,2140.029,1774037010742
binance,gate,FUNUSDT,0.00137900,0.03089,2140.029,1774037011042
binance,gate,FUNUSDT,0.00137900,0.03089,2140.029,1774037011342
binance,gate,FUNUSDT,0.00137900,0.03089,2140.029,1774037011644
binance,gate,FUNUSDT,0.00137900,0.03089,2140.029,1774037011944
binance,gate,FUNUSDT,0.00137900,0.03089,2140.029,1774037012244
binance,gate,FUNUSDT,0.00137900,0.03089,2140.029,1774037012544
binance,gate,FUNUSDT,0.00137900,0.03089,2140.029,1774037012845
binance,gate,FUNUSDT,0.00137900,0.03089,2140.029,1774037013145
binance,gate,FUNUSDT,0.00137900,0.03089,2140.029,1774037013445
binance,gate,FUNUSDT,0.00137900,0.03092,2142.2045,1774037013746
binance,gate,FUNUSDT,0.00137900,0.03092,2142.2045,1774037014046
binance,gate,FUNUSDT,0.00137900,0.03092,2142.2045,1774037014346
binance,gate,FUNUSDT,0.00137900,0.03092,2142.2045,1774037014646
binance,gate,FUNUSDT,0.00137900,0.03092,2142.2045,1774037014947
binance,gate,FUNUSDT,0.00137900,0.03092,2142.2045,1774037015247
binance,gate,FUNUSDT,0.00137900,0.03092,2142.2045,1774037015547
binance,gate,FUNUSDT,0.00137900,0.03092,2142.2045,1774037015848
binance,gate,FUNUSDT,0.00137900,0.03092,2142.2045,1774037016148
binance,gate,FUNUSDT,0.00137900,0.03092,2142.2045,1774037016448
binance,gate,FUNUSDT,0.00137900,0.03092,2142.2045,1774037016749
binance,gate,FUNUSDT,0.00137900,0.03092,2142.2045,1774037017049
binance,gate,FUNUSDT,0.00137900,0.03092,2142.2045,1774037017349
binance,gate,FUNUSDT,0.00137900,0.03092,2142.2045,1774037017650
binance,gate,FUNUSDT,0.00137900,0.03092,2142.2045,1774037017951
binance,gate,FUNUSDT,0.00137900,0.03092,2142.2045,1774037018251
binance,gate,FUNUSDT,0.00137900,0.03092,2142.2045,1774037018551
binance,gate,FUNUSDT,0.00137900,0.03092,2142.2045,1774037018852
binance,gate,FUNUSDT,0.00137900,0.03092,2142.2045,1774037019152
binance,gate,FUNUSDT,0.00137900,0.03092,2142.2045,1774037019452
binance,gate,FUNUSDT,0.00137900,0.03092,2142.2045,1774037019752
binance,gate,FUNUSDT,0.00137900,0.03092,2142.2045,1774037020053
binance,gate,FUNUSDT,0.00137900,0.03092,2142.2045,1774037020353
binance,gate,FUNUSDT,0.00137900,0.03092,2142.2045,1774037020653
binance,gate,FUNUSDT,0.00137900,0.03092,2142.2045,1774037020954
binance,gate,FUNUSDT,0.00137900,0.03092,2142.2045,1774037021255
binance,gate,FUNUSDT,0.00137900,0.03092,2142.2045,1774037021556
binance,gate,FUNUSDT,0.00137900,0.03092,2142.2045,1774037021856
binance,gate,FUNUSDT,0.00137900,0.03092,2142.2045,1774037022157
binance,gate,FUNUSDT,0.00137900,0.03092,2142.2045,1774037022457
binance,gate,FUNUSDT,0.00137900,0.03092,2142.2045,1774037022757
binance,gate,FUNUSDT,0.00137900,0.03092,2142.2045,1774037023058
binance,gate,FUNUSDT,0.00137900,0.03092,2142.2045,1774037023358
binance,gate,FUNUSDT,0.00137900,0.03092,2142.2045,1774037023658
binance,gate,FUNUSDT,0.00137900,0.03092,2142.2045,1774037023959
binance,gate,FUNUSDT,0.00137900,0.03092,2142.2045,1774037024259
binance,gate,FUNUSDT,0.00137900,0.03092,2142.2045,1774037024559
binance,gate,FUNUSDT,0.00137900,0.03092,2142.2045,1774037024860
binance,gate,FUNUSDT,0.00137900,0.03092,2142.2045,1774037025160
binance,gate,FUNUSDT,0.00137900,0.03092,2142.2045,1774037025460
binance,gate,FUNUSDT,0.00137900,0.03092,2142.2045,1774037025760
binance,gate,FUNUSDT,0.00137900,0.03092,2142.2045,1774037026060
binance,gate,FUNUSDT,0.00137900,0.03092,2142.2045,1774037026361
binance,gate,FUNUSDT,0.00137900,0.03092,2142.2045,1774037026661
binance,gate,FUNUSDT,0.00137900,0.03092,2142.2045,1774037026961
binance,gate,FUNUSDT,0.00137900,0.03092,2142.2045,1774037027261
binance,gate,FUNUSDT,0.00137900,0.03092,2142.2045,1774037027562
binance,gate,FUNUSDT,0.00137900,0.03092,2142.2045,1774037027862
binance,gate,FUNUSDT,0.00137900,0.03092,2142.2045,1774037028162
binance,gate,FUNUSDT,0.00137900,0.03092,2142.2045,1774037028462
binance,gate,FUNUSDT,0.00137900,0.03092,2142.2045,1774037028763
binance,gate,FUNUSDT,0.00137900,0.03092,2142.2045,1774037029063
binance,gate,FUNUSDT,0.00137900,0.03092,2142.2045,1774037029363
binance,gate,FUNUSDT,0.00137900,0.03092,2142.2045,1774037029663
binance,gate,FUNUSDT,0.00137900,0.03092,2142.2045,1774037029964
binance,gate,FUNUSDT,0.00137900,0.03092,2142.2045,1774037030264
binance,gate,FUNUSDT,0.00137900,0.03092,2142.2045,1774037030565
binance,gate,FUNUSDT,0.00137900,0.03092,2142.2045,1774037030865
binance,gate,FUNUSDT,0.00137900,0.03092,2142.2045,1774037031166
binance,gate,FUNUSDT,0.00137900,0.03092,2142.2045,1774037031466
binance,gate,FUNUSDT,0.00137900,0.03092,2142.2045,1774037031766
binance,gate,FUNUSDT,0.00137900,0.03092,2142.2045,1774037032067
binance,gate,FUNUSDT,0.00137900,0.03092,2142.2045,1774037032367
binance,gate,FUNUSDT,0.00137900,0.03092,2142.2045,1774037032667
binance,gate,FUNUSDT,0.00137900,0.03092,2142.2045,1774037032968
binance,gate,FUNUSDT,0.00137900,0.03092,2142.2045,1774037033269
binance,gate,FUNUSDT,0.00137900,0.03092,2142.2045,1774037033569
binance,gate,FUNUSDT,0.00137900,0.03092,2142.2045,1774037033869
binance,gate,FUNUSDT,0.00137900,0.03092,2142.2045,1774037034170
binance,gate,FUNUSDT,0.00137900,0.03092,2142.2045,1774037034470
binance,gate,FUNUSDT,0.00137900,0.03092,2142.2045,1774037034770
binance,gate,FUNUSDT,0.00137900,0.03092,2142.2045,1774037035071
binance,gate,FUNUSDT,0.00137900,0.03092,2142.2045,1774037035372
binance,gate,FUNUSDT,0.00137900,0.03092,2142.2045,1774037035672
binance,gate,FUNUSDT,0.00137900,0.03092,2142.2045,1774037035972
binance,gate,FUNUSDT,0.00137900,0.03092,2142.2045,1774037036272
binance,gate,FUNUSDT,0.00137900,0.03092,2142.2045,1774037036573
binance,gate,FUNUSDT,0.00137900,0.03092,2142.2045,1774037036873
binance,gate,FUNUSDT,0.00137900,0.03092,2142.2045,1774037037173
binance,gate,FUNUSDT,0.00137900,0.03092,2142.2045,1774037037473
binance,gate,FUNUSDT,0.00137900,0.03092,2142.2045,1774037037773
binance,gate,FUNUSDT,0.00137900,0.03092,2142.2045,1774037038074
binance,gate,FUNUSDT,0.00137900,0.03092,2142.2045,1774037038374
binance,gate,FUNUSDT,0.00137900,0.03092,2142.2045,1774037038675
binance,gate,FUNUSDT,0.00137900,0.03092,2142.2045,1774037038975
binance,gate,FUNUSDT,0.00137900,0.03092,2142.2045,1774037039275
binance,gate,FUNUSDT,0.00137900,0.03092,2142.2045,1774037039575
binance,gate,FUNUSDT,0.00137900,0.03092,2142.2045,1774037039876
binance,gate,FUNUSDT,0.00137900,0.03092,2142.2045,1774037040177
binance,gate,FUNUSDT,0.00137900,0.03092,2142.2045,1774037040493
binance,gate,FUNUSDT,0.00137900,0.03092,2142.2045,1774037040793
binance,gate,FUNUSDT,0.00137900,0.03092,2142.2045,1774037041094
binance,gate,FUNUSDT,0.00137900,0.03092,2142.2045,1774037041394
binance,gate,FUNUSDT,0.00137900,0.03092,2142.2045,1774037041694
binance,gate,FUNUSDT,0.00137900,0.03092,2142.2045,1774037041994
binance,gate,FUNUSDT,0.00137900,0.03092,2142.2045,1774037042295
binance,gate,FUNUSDT,0.00137900,0.03092,2142.2045,1774037042595
binance,gate,FUNUSDT,0.00137900,0.03092,2142.2045,1774037042895
binance,gate,FUNUSDT,0.00137900,0.03092,2142.2045,1774037043196
binance,gate,FUNUSDT,0.00137900,0.03092,2142.2045,1774037043496
binance,gate,FUNUSDT,0.00137900,0.03092,2142.2045,1774037043808
binance,gate,FUNUSDT,0.00137900,0.03092,2142.2045,1774037044108
binance,gate,FUNUSDT,0.00137900,0.03092,2142.2045,1774037044408
binance,gate,FUNUSDT,0.00137900,0.03092,2142.2045,1774037044709
binance,gate,FUNUSDT,0.00137900,0.03092,2142.2045,1774037045009
binance,gate,FUNUSDT,0.00137900,0.03092,2142.2045,1774037045309
binance,gate,FUNUSDT,0.00137900,0.03092,2142.2045,1774037045609
binance,gate,FUNUSDT,0.00137900,0.03092,2142.2045,1774037045910
binance,gate,FUNUSDT,0.00137900,0.03092,2142.2045,1774037046210
binance,gate,FUNUSDT,0.00137900,0.03086,2137.8535,1774037046512
binance,gate,FUNUSDT,0.00137900,0.03086,2137.8535,1774037046812
binance,gate,FUNUSDT,0.00137900,0.03086,2137.8535,1774037047112
binance,gate,FUNUSDT,0.00137900,0.03086,2137.8535,1774037047412
binance,gate,FUNUSDT,0.00137900,0.03086,2137.8535,1774037047713
binance,gate,FUNUSDT,0.00137900,0.03086,2137.8535,1774037048013
binance,gate,FUNUSDT,0.00137900,0.03086,2137.8535,1774037048313
binance,gate,FUNUSDT,0.00137900,0.03086,2137.8535,1774037048613
binance,gate,FUNUSDT,0.00137900,0.03086,2137.8535,1774037048914
binance,gate,FUNUSDT,0.00137900,0.03086,2137.8535,1774037049214
binance,gate,FUNUSDT,0.00137900,0.03086,2137.8535,1774037049514
binance,gate,FUNUSDT,0.00137900,0.03086,2137.8535,1774037049814
binance,gate,FUNUSDT,0.00137900,0.03086,2137.8535,1774037050115
binance,gate,FUNUSDT,0.00137900,0.03086,2137.8535,1774037050415
binance,gate,FUNUSDT,0.00137900,0.03086,2137.8535,1774037050715
binance,gate,FUNUSDT,0.00137900,0.03086,2137.8535,1774037051016
binance,gate,FUNUSDT,0.00137900,0.03086,2137.8535,1774037051316
binance,gate,FUNUSDT,0.00137900,0.03086,2137.8535,1774037051616
binance,gate,FUNUSDT,0.00137900,0.03086,2137.8535,1774037051916
binance,gate,FUNUSDT,0.00137900,0.03086,2137.8535,1774037052217
binance,gate,FUNUSDT,0.00137900,0.03086,2137.8535,1774037052517
binance,gate,FUNUSDT,0.00137900,0.03086,2137.8535,1774037052817
binance,gate,FUNUSDT,0.00137900,0.03086,2137.8535,1774037053117
binance,gate,FUNUSDT,0.00137900,0.03086,2137.8535,1774037053418
binance,gate,FUNUSDT,0.00137900,0.03086,2137.8535,1774037053718
binance,gate,FUNUSDT,0.00137900,0.03086,2137.8535,1774037054018
binance,gate,FUNUSDT,0.00137900,0.03086,2137.8535,1774037054319
binance,gate,FUNUSDT,0.00137900,0.03086,2137.8535,1774037054619
binance,gate,FUNUSDT,0.00137900,0.03086,2137.8535,1774037054920
binance,gate,FUNUSDT,0.00137900,0.03086,2137.8535,1774037055220
binance,gate,FUNUSDT,0.00137900,0.03086,2137.8535,1774037055521
binance,gate,FUNUSDT,0.00137900,0.03086,2137.8535,1774037055821
binance,gate,FUNUSDT,0.00137900,0.03086,2137.8535,1774037056122
binance,gate,FUNUSDT,0.00137900,0.03086,2137.8535,1774037056422
binance,gate,FUNUSDT,0.00137900,0.03086,2137.8535,1774037056722
binance,gate,FUNUSDT,0.00137900,0.03086,2137.8535,1774037057022
binance,gate,FUNUSDT,0.00137900,0.03086,2137.8535,1774037057323
binance,gate,FUNUSDT,0.00137900,0.03086,2137.8535,1774037057623
binance,gate,FUNUSDT,0.00137900,0.03086,2137.8535,1774037057923
binance,gate,FUNUSDT,0.00137900,0.03086,2137.8535,1774037058223
binance,gate,FUNUSDT,0.00137900,0.03086,2137.8535,1774037058523
binance,gate,FUNUSDT,0.00137900,0.03086,2137.8535,1774037058823
binance,gate,FUNUSDT,0.00137900,0.03086,2137.8535,1774037059124
binance,gate,FUNUSDT,0.00137900,0.03086,2137.8535,1774037059425
binance,gate,FUNUSDT,0.00137900,0.03086,2137.8535,1774037059725
binance,gate,FUNUSDT,0.00137900,0.03086,2137.8535,1774037060025
binance,gate,FUNUSDT,0.00137900,0.03086,2137.8535,1774037060325
binance,gate,FUNUSDT,0.00137900,0.03086,2137.8535,1774037060625
binance,gate,FUNUSDT,0.00137900,0.03086,2137.8535,1774037060926
binance,gate,FUNUSDT,0.00137900,0.03086,2137.8535,1774037061226
binance,gate,FUNUSDT,0.00137900,0.03086,2137.8535,1774037061526
binance,gate,FUNUSDT,0.00137900,0.03086,2137.8535,1774037061826
binance,gate,FUNUSDT,0.00137900,0.03086,2137.8535,1774037062127
binance,gate,FUNUSDT,0.00137900,0.03086,2137.8535,1774037062427
binance,gate,FUNUSDT,0.00137900,0.03086,2137.8535,1774037062727
binance,gate,FUNUSDT,0.00137900,0.03086,2137.8535,1774037063028
binance,gate,FUNUSDT,0.00137900,0.03086,2137.8535,1774037063328
binance,gate,FUNUSDT,0.00137900,0.03086,2137.8535,1774037063628
binance,gate,FUNUSDT,0.00137900,0.03086,2137.8535,1774037063928
binance,gate,FUNUSDT,0.00137900,0.03086,2137.8535,1774037064228
binance,gate,FUNUSDT,0.00137900,0.03086,2137.8535,1774037064529
binance,gate,FUNUSDT,0.00137900,0.03086,2137.8535,1774037064829
binance,gate,FUNUSDT,0.00137900,0.03086,2137.8535,1774037065130
binance,gate,FUNUSDT,0.00137900,0.03086,2137.8535,1774037065430
binance,gate,FUNUSDT,0.00137900,0.03086,2137.8535,1774037065731
binance,gate,FUNUSDT,0.00137900,0.03086,2137.8535,1774037066032
binance,gate,FUNUSDT,0.00137900,0.03086,2137.8535,1774037066332
binance,gate,FUNUSDT,0.00137900,0.03086,2137.8535,1774037066632
binance,gate,FUNUSDT,0.00137900,0.03086,2137.8535,1774037066932
binance,gate,FUNUSDT,0.00137900,0.03086,2137.8535,1774037067232
binance,gate,FUNUSDT,0.00137900,0.03086,2137.8535,1774037067533
binance,gate,FUNUSDT,0.00137900,0.03086,2137.8535,1774037067833
binance,gate,FUNUSDT,0.00137900,0.03086,2137.8535,1774037068133
binance,gate,FUNUSDT,0.00137900,0.03086,2137.8535,1774037068433
binance,gate,FUNUSDT,0.00137900,0.03086,2137.8535,1774037068734
binance,gate,FUNUSDT,0.00137900,0.03086,2137.8535,1774037069034
binance,gate,FUNUSDT,0.00137900,0.03086,2137.8535,1774037069334
binance,gate,FUNUSDT,0.00137900,0.03086,2137.8535,1774037069635
binance,gate,FUNUSDT,0.00137900,0.03086,2137.8535,1774037069935
binance,gate,FUNUSDT,0.00137900,0.03086,2137.8535,1774037070235
binance,gate,FUNUSDT,0.00137900,0.03086,2137.8535,1774037070536
binance,gate,FUNUSDT,0.00137900,0.03086,2137.8535,1774037070836
