spot_exch,fut_exch,symbol,ask_spot,bid_futures,spread_pct,ts
bybit,gate,ESUSDT,0.13757,0.13897,1.0177,1774034909430
bybit,gate,ESUSDT,0.13757,0.13862,0.7632,1774034909731
bybit,gate,ESUSDT,0.13763,0.13903,1.0172,1774034910031
bybit,gate,ESUSDT,0.13763,0.13864,0.7339,1774034910331
bybit,gate,ESUSDT,0.13763,0.1387,0.7774,1774034910632
bybit,gate,ESUSDT,0.13763,0.13861,0.7121,1774034910932
bybit,gate,ESUSDT,0.13763,0.13861,0.7121,1774034911232
bybit,gate,ESUSDT,0.13763,0.1385,0.6321,1774034911533
bybit,gate,ESUSDT,0.13763,0.13858,0.6903,1774034911833
bybit,gate,ESUSDT,0.13763,0.13858,0.6903,1774034912133
bybit,gate,ESUSDT,0.13763,0.13858,0.6903,1774034912433
bybit,gate,ESUSDT,0.13768,0.13858,0.6537,1774034912734
bybit,gate,ESUSDT,0.13768,0.13835,0.4866,1774034913035
bybit,gate,ESUSDT,0.13768,0.1386,0.6682,1774034913336
bybit,gate,ESUSDT,0.13768,0.1386,0.6682,1774034913636
bybit,gate,ESUSDT,0.13768,0.1386,0.6682,1774034913936
bybit,gate,ESUSDT,0.13768,0.1386,0.6682,1774034914236
bybit,gate,ESUSDT,0.13768,0.1386,0.6682,1774034914537
bybit,gate,ESUSDT,0.13768,0.1386,0.6682,1774034914837
bybit,gate,ESUSDT,0.13768,0.1386,0.6682,1774034915137
bybit,gate,ESUSDT,0.13768,0.1386,0.6682,1774034915437
bybit,gate,ESUSDT,0.13768,0.1386,0.6682,1774034915738
bybit,gate,ESUSDT,0.13768,0.13865,0.7045,1774034916038
bybit,gate,ESUSDT,0.13768,0.13865,0.7045,1774034916338
bybit,gate,ESUSDT,0.13768,0.13866,0.7118,1774034916639
bybit,gate,ESUSDT,0.13768,0.13866,0.7118,1774034916939
bybit,gate,ESUSDT,0.13768,0.13866,0.7118,1774034917240
bybit,gate,ESUSDT,0.13768,0.13866,0.7118,1774034917540
bybit,gate,ESUSDT,0.13768,0.13866,0.7118,1774034917841
bybit,gate,ESUSDT,0.13768,0.13866,0.7118,1774034918141
bybit,gate,ESUSDT,0.13768,0.13866,0.7118,1774034918441
bybit,gate,ESUSDT,0.13767,0.13866,0.7191,1774034918741
bybit,gate,ESUSDT,0.13746,0.13852,0.7711,1774034919041
bybit,gate,ESUSDT,0.13726,0.13828,0.7431,1774034919341
bybit,gate,ESUSDT,0.13724,0.13835,0.8088,1774034919643
bybit,gate,ESUSDT,0.13727,0.13835,0.7868,1774034919943
bybit,gate,ESUSDT,0.13727,0.13835,0.7868,1774034920243
bybit,gate,ESUSDT,0.1373,0.13835,0.7647,1774034920544
bybit,gate,ESUSDT,0.1373,0.13835,0.7647,1774034920844
bybit,gate,ESUSDT,0.1373,0.13835,0.7647,1774034921144
bybit,gate,ESUSDT,0.1373,0.13835,0.7647,1774034921444
bybit,gate,ESUSDT,0.1373,0.13835,0.7647,1774034921745
bybit,gate,ESUSDT,0.1373,0.13835,0.7647,1774034922045
bybit,gate,ESUSDT,0.1373,0.13835,0.7647,1774034922345
bybit,gate,ESUSDT,0.1373,0.13835,0.7647,1774034922645
bybit,gate,ESUSDT,0.1373,0.13835,0.7647,1774034922945
bybit,gate,ESUSDT,0.1373,0.13835,0.7647,1774034923246
bybit,gate,ESUSDT,0.1373,0.13818,0.6409,1774034923546
bybit,gate,ESUSDT,0.1373,0.13853,0.8958,1774034923846
bybit,gate,ESUSDT,0.1373,0.13837,0.7793,1774034924147
bybit,gate,ESUSDT,0.1373,0.13842,0.8157,1774034924448
bybit,gate,ESUSDT,0.1373,0.13845,0.8376,1774034924748
bybit,gate,ESUSDT,0.1373,0.13841,0.8084,1774034925048
bybit,gate,ESUSDT,0.1373,0.13846,0.8449,1774034925348
bybit,gate,ESUSDT,0.1373,0.13848,0.8594,1774034925649
bybit,gate,ESUSDT,0.1373,0.13842,0.8157,1774034925949
bybit,gate,ESUSDT,0.1373,0.13848,0.8594,1774034926249
bybit,gate,ESUSDT,0.1373,0.1385,0.874,1774034926550
bybit,gate,ESUSDT,0.1373,0.13847,0.8521,1774034926850
bybit,gate,ESUSDT,0.1373,0.13847,0.8521,1774034927150
bybit,gate,ESUSDT,0.1373,0.13849,0.8667,1774034927451
bybit,gate,ESUSDT,0.1373,0.13845,0.8376,1774034927751
bybit,gate,ESUSDT,0.1373,0.13844,0.8303,1774034928051
bybit,gate,ESUSDT,0.1373,0.13842,0.8157,1774034928351
bybit,gate,ESUSDT,0.13732,0.13843,0.8083,1774034928652
bybit,gate,ESUSDT,0.13732,0.13845,0.8229,1774034928952
bybit,gate,ESUSDT,0.13732,0.13846,0.8302,1774034929253
bybit,gate,ESUSDT,0.13732,0.13848,0.8447,1774034929553
bybit,gate,ESUSDT,0.13732,0.13846,0.8302,1774034929854
bybit,gate,ESUSDT,0.13732,0.13847,0.8375,1774034930154
bybit,gate,ESUSDT,0.13732,0.1385,0.8593,1774034930454
bybit,gate,ESUSDT,0.13732,0.13851,0.8666,1774034930755
bybit,gate,ESUSDT,0.13732,0.13852,0.8739,1774034931055
bybit,gate,ESUSDT,0.13732,0.13852,0.8739,1774034931355
bybit,gate,ESUSDT,0.13732,0.13852,0.8739,1774034931656
bybit,gate,ESUSDT,0.13732,0.13852,0.8739,1774034931956
bybit,gate,ESUSDT,0.13732,0.13852,0.8739,1774034932256
bybit,gate,ESUSDT,0.13732,0.13852,0.8739,1774034932557
bybit,gate,ESUSDT,0.13732,0.13852,0.8739,1774034932857
bybit,gate,ESUSDT,0.13732,0.13852,0.8739,1774034933158
bybit,gate,ESUSDT,0.13732,0.13852,0.8739,1774034933461
bybit,gate,ESUSDT,0.13732,0.13852,0.8739,1774034933762
bybit,gate,ESUSDT,0.13732,0.13852,0.8739,1774034934062
bybit,gate,ESUSDT,0.13732,0.13852,0.8739,1774034934363
bybit,gate,ESUSDT,0.13732,0.13852,0.8739,1774034934663
bybit,gate,ESUSDT,0.13732,0.13852,0.8739,1774034934963
bybit,gate,ESUSDT,0.13732,0.13852,0.8739,1774034935263
bybit,gate,ESUSDT,0.13732,0.13852,0.8739,1774034935563
bybit,gate,ESUSDT,0.13732,0.13852,0.8739,1774034935864
bybit,gate,ESUSDT,0.13732,0.13852,0.8739,1774034936164
bybit,gate,ESUSDT,0.13732,0.13852,0.8739,1774034936464
bybit,gate,ESUSDT,0.13732,0.13852,0.8739,1774034936764
bybit,gate,ESUSDT,0.13732,0.13852,0.8739,1774034937065
bybit,gate,ESUSDT,0.13732,0.13852,0.8739,1774034937365
bybit,gate,ESUSDT,0.13732,0.13852,0.8739,1774034937665
bybit,gate,ESUSDT,0.13732,0.13852,0.8739,1774034937966
bybit,gate,ESUSDT,0.13732,0.13852,0.8739,1774034938266
bybit,gate,ESUSDT,0.13732,0.13852,0.8739,1774034938567
bybit,gate,ESUSDT,0.13732,0.13852,0.8739,1774034938867
bybit,gate,ESUSDT,0.13732,0.13852,0.8739,1774034939167
bybit,gate,ESUSDT,0.13732,0.13852,0.8739,1774034939467
bybit,gate,ESUSDT,0.13732,0.13852,0.8739,1774034939768
bybit,gate,ESUSDT,0.13732,0.13852,0.8739,1774034940068
bybit,gate,ESUSDT,0.13732,0.13852,0.8739,1774034940368
bybit,gate,ESUSDT,0.13732,0.13852,0.8739,1774034940669
bybit,gate,ESUSDT,0.13732,0.13852,0.8739,1774034940969
bybit,gate,ESUSDT,0.13732,0.13852,0.8739,1774034941269
bybit,gate,ESUSDT,0.13732,0.13852,0.8739,1774034941570
bybit,gate,ESUSDT,0.13732,0.13852,0.8739,1774034941870
bybit,gate,ESUSDT,0.13732,0.13852,0.8739,1774034942170
bybit,gate,ESUSDT,0.13732,0.13852,0.8739,1774034942471
bybit,gate,ESUSDT,0.13732,0.13852,0.8739,1774034942771
bybit,gate,ESUSDT,0.13732,0.13852,0.8739,1774034943071
bybit,gate,ESUSDT,0.13732,0.13852,0.8739,1774034943371
bybit,gate,ESUSDT,0.13732,0.13852,0.8739,1774034943672
bybit,gate,ESUSDT,0.13732,0.13852,0.8739,1774034943972
bybit,gate,ESUSDT,0.13732,0.13852,0.8739,1774034944272
bybit,gate,ESUSDT,0.13732,0.13852,0.8739,1774034944573
bybit,gate,ESUSDT,0.13732,0.13852,0.8739,1774034944873
bybit,gate,ESUSDT,0.13732,0.13852,0.8739,1774034945174
bybit,gate,ESUSDT,0.13732,0.13852,0.8739,1774034945474
bybit,gate,ESUSDT,0.13732,0.13852,0.8739,1774034945775
bybit,gate,ESUSDT,0.13732,0.13852,0.8739,1774034946075
bybit,gate,ESUSDT,0.13732,0.13852,0.8739,1774034946375
bybit,gate,ESUSDT,0.13732,0.13852,0.8739,1774034946676
bybit,gate,ESUSDT,0.13732,0.13852,0.8739,1774034946976
bybit,gate,ESUSDT,0.13732,0.13852,0.8739,1774034947276
bybit,gate,ESUSDT,0.13732,0.13852,0.8739,1774034947577
bybit,gate,ESUSDT,0.13732,0.13852,0.8739,1774034947877
bybit,gate,ESUSDT,0.13732,0.13852,0.8739,1774034948177
bybit,gate,ESUSDT,0.13732,0.13852,0.8739,1774034948477
bybit,gate,ESUSDT,0.13732,0.13852,0.8739,1774034948778
bybit,gate,ESUSDT,0.13732,0.13852,0.8739,1774034949078
bybit,gate,ESUSDT,0.13732,0.13852,0.8739,1774034949378
bybit,gate,ESUSDT,0.13732,0.13852,0.8739,1774034949678
bybit,gate,ESUSDT,0.13732,0.13852,0.8739,1774034949979
bybit,gate,ESUSDT,0.13732,0.13852,0.8739,1774034950280
bybit,gate,ESUSDT,0.13732,0.13852,0.8739,1774034950580
bybit,gate,ESUSDT,0.13732,0.13852,0.8739,1774034950880
bybit,gate,ESUSDT,0.13732,0.13852,0.8739,1774034951181
bybit,gate,ESUSDT,0.13732,0.13852,0.8739,1774034951481
bybit,gate,ESUSDT,0.13732,0.13852,0.8739,1774034951781
bybit,gate,ESUSDT,0.13732,0.13852,0.8739,1774034952081
bybit,gate,ESUSDT,0.13732,0.13852,0.8739,1774034952381
bybit,gate,ESUSDT,0.13732,0.13852,0.8739,1774034952682
bybit,gate,ESUSDT,0.13732,0.13852,0.8739,1774034952982
bybit,gate,ESUSDT,0.13732,0.13852,0.8739,1774034953282
bybit,gate,ESUSDT,0.13732,0.13852,0.8739,1774034953583
bybit,gate,ESUSDT,0.13732,0.13852,0.8739,1774034953884
bybit,gate,ESUSDT,0.13732,0.13852,0.8739,1774034954184
bybit,gate,ESUSDT,0.13732,0.13852,0.8739,1774034954485
bybit,gate,ESUSDT,0.13732,0.13852,0.8739,1774034954785
bybit,gate,ESUSDT,0.13732,0.13852,0.8739,1774034955085
bybit,gate,ESUSDT,0.13732,0.13852,0.8739,1774034955385
bybit,gate,ESUSDT,0.13732,0.13852,0.8739,1774034955686
bybit,gate,ESUSDT,0.13732,0.13852,0.8739,1774034955986
bybit,gate,ESUSDT,0.13732,0.13852,0.8739,1774034956286
bybit,gate,ESUSDT,0.13732,0.13852,0.8739,1774034956587
bybit,gate,ESUSDT,0.13732,0.13852,0.8739,1774034956887
bybit,gate,ESUSDT,0.13732,0.13852,0.8739,1774034957188
bybit,gate,ESUSDT,0.13732,0.13852,0.8739,1774034957488
bybit,gate,ESUSDT,0.13732,0.13852,0.8739,1774034957788
bybit,gate,ESUSDT,0.13732,0.13852,0.8739,1774034958088
bybit,gate,ESUSDT,0.13732,0.13852,0.8739,1774034958388
bybit,gate,ESUSDT,0.13732,0.13852,0.8739,1774034958695
bybit,gate,ESUSDT,0.13732,0.13852,0.8739,1774034958996
bybit,gate,ESUSDT,0.13732,0.13852,0.8739,1774034959296
bybit,gate,ESUSDT,0.13732,0.13852,0.8739,1774034959596
bybit,gate,ESUSDT,0.13732,0.13852,0.8739,1774034959896
bybit,gate,ESUSDT,0.13732,0.13852,0.8739,1774034960196
bybit,gate,ESUSDT,0.13732,0.13852,0.8739,1774034960497
bybit,gate,ESUSDT,0.13732,0.13852,0.8739,1774034960797
bybit,gate,ESUSDT,0.13732,0.13852,0.8739,1774034961097
bybit,gate,ESUSDT,0.13732,0.13852,0.8739,1774034961397
bybit,gate,ESUSDT,0.13732,0.13852,0.8739,1774034961698
bybit,gate,ESUSDT,0.13732,0.13852,0.8739,1774034961998
bybit,gate,ESUSDT,0.13732,0.13852,0.8739,1774034962298
bybit,gate,ESUSDT,0.13732,0.13852,0.8739,1774034962598
bybit,gate,ESUSDT,0.13732,0.13852,0.8739,1774034962899
bybit,gate,ESUSDT,0.13732,0.13852,0.8739,1774034963199
bybit,gate,ESUSDT,0.13732,0.13852,0.8739,1774034963500
bybit,gate,ESUSDT,0.13732,0.13852,0.8739,1774034963800
bybit,gate,ESUSDT,0.13732,0.13852,0.8739,1774034964100
bybit,gate,ESUSDT,0.13732,0.13852,0.8739,1774034964401
bybit,gate,ESUSDT,0.13732,0.13852,0.8739,1774034964701
bybit,gate,ESUSDT,0.13732,0.13852,0.8739,1774034965002
bybit,gate,ESUSDT,0.13732,0.13852,0.8739,1774034965302
bybit,gate,ESUSDT,0.13732,0.13852,0.8739,1774034965602
bybit,gate,ESUSDT,0.13732,0.13852,0.8739,1774034965902
bybit,gate,ESUSDT,0.13732,0.13852,0.8739,1774034966203
bybit,gate,ESUSDT,0.13732,0.13852,0.8739,1774034966503
bybit,gate,ESUSDT,0.13732,0.13852,0.8739,1774034966804
bybit,gate,ESUSDT,0.13732,0.13852,0.8739,1774034967104
bybit,gate,ESUSDT,0.13732,0.13852,0.8739,1774034967404
bybit,gate,ESUSDT,0.13732,0.13852,0.8739,1774034967706
bybit,gate,ESUSDT,0.13732,0.13852,0.8739,1774034968006
bybit,gate,ESUSDT,0.13732,0.13852,0.8739,1774034968306
bybit,gate,ESUSDT,0.13732,0.13852,0.8739,1774034968606
bybit,gate,ESUSDT,0.13732,0.13852,0.8739,1774034968907
bybit,gate,ESUSDT,0.13732,0.13852,0.8739,1774034969207
bybit,gate,ESUSDT,0.13732,0.13852,0.8739,1774034969508
bybit,gate,ESUSDT,0.13732,0.13852,0.8739,1774034969808
bybit,gate,ESUSDT,0.13732,0.13852,0.8739,1774034970109
bybit,gate,ESUSDT,0.13732,0.13852,0.8739,1774034970409
bybit,gate,ESUSDT,0.13732,0.13852,0.8739,1774034970709
bybit,gate,ESUSDT,0.13732,0.13852,0.8739,1774034971009
bybit,gate,ESUSDT,0.13732,0.13852,0.8739,1774034971309
bybit,gate,ESUSDT,0.13732,0.13852,0.8739,1774034971610
bybit,gate,ESUSDT,0.13732,0.13852,0.8739,1774034971910
bybit,gate,ESUSDT,0.13732,0.13852,0.8739,1774034972211
bybit,gate,ESUSDT,0.13732,0.13852,0.8739,1774034972511
bybit,gate,ESUSDT,0.13731,0.13852,0.8812,1774034972811
bybit,gate,ESUSDT,0.13731,0.13852,0.8812,1774034973112
bybit,gate,ESUSDT,0.13731,0.13852,0.8812,1774034973412
bybit,gate,ESUSDT,0.13731,0.13852,0.8812,1774034973712
bybit,gate,ESUSDT,0.13731,0.13852,0.8812,1774034974012
bybit,gate,ESUSDT,0.13731,0.13852,0.8812,1774034974313
bybit,gate,ESUSDT,0.13731,0.13852,0.8812,1774034974613
bybit,gate,ESUSDT,0.13731,0.13852,0.8812,1774034974914
bybit,gate,ESUSDT,0.13731,0.13852,0.8812,1774034975214
bybit,gate,ESUSDT,0.13731,0.13852,0.8812,1774034975514
bybit,gate,ESUSDT,0.13731,0.13852,0.8812,1774034975815
bybit,gate,ESUSDT,0.13731,0.13852,0.8812,1774034976116
bybit,gate,ESUSDT,0.13731,0.13852,0.8812,1774034976416
bybit,gate,ESUSDT,0.13731,0.13852,0.8812,1774034976716
bybit,gate,ESUSDT,0.13731,0.13852,0.8812,1774034977016
bybit,gate,ESUSDT,0.13731,0.13852,0.8812,1774034977317
bybit,gate,ESUSDT,0.13731,0.13852,0.8812,1774034977617
bybit,gate,ESUSDT,0.13731,0.13852,0.8812,1774034977917
bybit,gate,ESUSDT,0.13731,0.13852,0.8812,1774034978217
bybit,gate,ESUSDT,0.13731,0.13852,0.8812,1774034978517
bybit,gate,ESUSDT,0.13731,0.13852,0.8812,1774034978818
bybit,gate,ESUSDT,0.13731,0.13852,0.8812,1774034979118
bybit,gate,ESUSDT,0.13731,0.13852,0.8812,1774034979418
bybit,gate,ESUSDT,0.13731,0.13852,0.8812,1774034979718
bybit,gate,ESUSDT,0.13731,0.13852,0.8812,1774034980018
bybit,gate,ESUSDT,0.13731,0.13852,0.8812,1774034980318
bybit,gate,ESUSDT,0.13731,0.13852,0.8812,1774034980619
bybit,gate,ESUSDT,0.13731,0.13852,0.8812,1774034980919
bybit,gate,ESUSDT,0.13731,0.13852,0.8812,1774034981219
bybit,gate,ESUSDT,0.13731,0.13852,0.8812,1774034981520
bybit,gate,ESUSDT,0.13731,0.13852,0.8812,1774034981820
bybit,gate,ESUSDT,0.13731,0.13852,0.8812,1774034982120
bybit,gate,ESUSDT,0.13731,0.13852,0.8812,1774034982420
bybit,gate,ESUSDT,0.13731,0.13852,0.8812,1774034982721
bybit,gate,ESUSDT,0.13731,0.13852,0.8812,1774034983021
bybit,gate,ESUSDT,0.13731,0.13852,0.8812,1774034983322
bybit,gate,ESUSDT,0.13731,0.13852,0.8812,1774034983622
bybit,gate,ESUSDT,0.13731,0.13852,0.8812,1774034983922
bybit,gate,ESUSDT,0.13731,0.13852,0.8812,1774034984223
bybit,gate,ESUSDT,0.13731,0.13852,0.8812,1774034984523
bybit,gate,ESUSDT,0.13731,0.13852,0.8812,1774034984824
bybit,gate,ESUSDT,0.13731,0.13852,0.8812,1774034985124
bybit,gate,ESUSDT,0.13731,0.13852,0.8812,1774034985424
bybit,gate,ESUSDT,0.13731,0.13852,0.8812,1774034985725
bybit,gate,ESUSDT,0.13731,0.13852,0.8812,1774034986026
bybit,gate,ESUSDT,0.13731,0.13852,0.8812,1774034986326
bybit,gate,ESUSDT,0.13731,0.13852,0.8812,1774034986626
bybit,gate,ESUSDT,0.13731,0.13852,0.8812,1774034986927
bybit,gate,ESUSDT,0.13731,0.13852,0.8812,1774034987227
bybit,gate,ESUSDT,0.13731,0.13852,0.8812,1774034987527
bybit,gate,ESUSDT,0.13731,0.13852,0.8812,1774034987827
bybit,gate,ESUSDT,0.13731,0.13852,0.8812,1774034988127
bybit,gate,ESUSDT,0.13731,0.13852,0.8812,1774034988428
bybit,gate,ESUSDT,0.13731,0.13852,0.8812,1774034988728
bybit,gate,ESUSDT,0.13731,0.13852,0.8812,1774034989028
bybit,gate,ESUSDT,0.13731,0.13852,0.8812,1774034989329
bybit,gate,ESUSDT,0.13731,0.13852,0.8812,1774034989630
bybit,gate,ESUSDT,0.13731,0.13852,0.8812,1774034989930
bybit,gate,ESUSDT,0.13731,0.13852,0.8812,1774034990231
bybit,gate,ESUSDT,0.13731,0.13852,0.8812,1774034990531
bybit,gate,ESUSDT,0.13731,0.13852,0.8812,1774034990831
bybit,gate,ESUSDT,0.13731,0.13852,0.8812,1774034991132
bybit,gate,ESUSDT,0.13731,0.13852,0.8812,1774034991432
bybit,gate,ESUSDT,0.13731,0.13852,0.8812,1774034991733
bybit,gate,ESUSDT,0.13731,0.13852,0.8812,1774034992033
bybit,gate,ESUSDT,0.13731,0.13852,0.8812,1774034992333
bybit,gate,ESUSDT,0.13731,0.13852,0.8812,1774034992634
bybit,gate,ESUSDT,0.13731,0.13852,0.8812,1774034992934
bybit,gate,ESUSDT,0.13731,0.13852,0.8812,1774034993234
bybit,gate,ESUSDT,0.13731,0.13852,0.8812,1774034993534
bybit,gate,ESUSDT,0.13731,0.13852,0.8812,1774034993834
bybit,gate,ESUSDT,0.13731,0.13852,0.8812,1774034994135
bybit,gate,ESUSDT,0.13731,0.13852,0.8812,1774034994435
bybit,gate,ESUSDT,0.13731,0.13852,0.8812,1774034994735
bybit,gate,ESUSDT,0.13731,0.13852,0.8812,1774034995036
bybit,gate,ESUSDT,0.13731,0.13852,0.8812,1774034995336
bybit,gate,ESUSDT,0.13731,0.13852,0.8812,1774034995637
bybit,gate,ESUSDT,0.13731,0.13852,0.8812,1774034995937
bybit,gate,ESUSDT,0.13731,0.13852,0.8812,1774034996237
bybit,gate,ESUSDT,0.13731,0.13852,0.8812,1774034996537
bybit,gate,ESUSDT,0.13731,0.13852,0.8812,1774034996838
bybit,gate,ESUSDT,0.13731,0.13852,0.8812,1774034997140
bybit,gate,ESUSDT,0.13731,0.13852,0.8812,1774034997440
bybit,gate,ESUSDT,0.13731,0.13852,0.8812,1774034997740
bybit,gate,ESUSDT,0.13731,0.13852,0.8812,1774034998040
bybit,gate,ESUSDT,0.13731,0.13852,0.8812,1774034998340
bybit,gate,ESUSDT,0.13731,0.13852,0.8812,1774034998641
bybit,gate,ESUSDT,0.13731,0.13852,0.8812,1774034998941
bybit,gate,ESUSDT,0.13731,0.13852,0.8812,1774034999242
bybit,gate,ESUSDT,0.13731,0.13852,0.8812,1774034999542
bybit,gate,ESUSDT,0.13731,0.13852,0.8812,1774034999843
bybit,gate,ESUSDT,0.13731,0.13852,0.8812,1774035000143
bybit,gate,ESUSDT,0.13731,0.13852,0.8812,1774035000449
bybit,gate,ESUSDT,0.13731,0.13852,0.8812,1774035000749
bybit,gate,ESUSDT,0.13731,0.13852,0.8812,1774035001049
bybit,gate,ESUSDT,0.13731,0.13852,0.8812,1774035001349
bybit,gate,ESUSDT,0.13731,0.13852,0.8812,1774035001649
bybit,gate,ESUSDT,0.13731,0.13852,0.8812,1774035001950
bybit,gate,ESUSDT,0.13731,0.13852,0.8812,1774035002250
bybit,gate,ESUSDT,0.13731,0.13852,0.8812,1774035002550
bybit,gate,ESUSDT,0.13731,0.13852,0.8812,1774035002850
bybit,gate,ESUSDT,0.13731,0.13852,0.8812,1774035003150
bybit,gate,ESUSDT,0.13731,0.13852,0.8812,1774035003450
bybit,gate,ESUSDT,0.13731,0.13852,0.8812,1774035003751
bybit,gate,ESUSDT,0.13731,0.13852,0.8812,1774035004051
bybit,gate,ESUSDT,0.13731,0.13852,0.8812,1774035004351
bybit,gate,ESUSDT,0.13731,0.13852,0.8812,1774035004652
bybit,gate,ESUSDT,0.13731,0.13852,0.8812,1774035004952
bybit,gate,ESUSDT,0.13731,0.13852,0.8812,1774035005252
bybit,gate,ESUSDT,0.13731,0.13852,0.8812,1774035005552
bybit,gate,ESUSDT,0.13731,0.13852,0.8812,1774035005852
bybit,gate,ESUSDT,0.13731,0.13852,0.8812,1774035006152
bybit,gate,ESUSDT,0.13731,0.13852,0.8812,1774035006452
bybit,gate,ESUSDT,0.13731,0.13852,0.8812,1774035006752
bybit,gate,ESUSDT,0.13731,0.13852,0.8812,1774035007052
bybit,gate,ESUSDT,0.13731,0.13852,0.8812,1774035007352
bybit,gate,ESUSDT,0.13731,0.13852,0.8812,1774035007653
bybit,gate,ESUSDT,0.13731,0.13852,0.8812,1774035007954
bybit,gate,ESUSDT,0.13731,0.13852,0.8812,1774035008254
bybit,gate,ESUSDT,0.13731,0.13852,0.8812,1774035008554
bybit,gate,ESUSDT,0.13731,0.13852,0.8812,1774035008855
bybit,gate,ESUSDT,0.13731,0.13852,0.8812,1774035009155
bybit,gate,ESUSDT,0.13731,0.13852,0.8812,1774035009455
bybit,gate,ESUSDT,0.13731,0.13852,0.8812,1774035009756
bybit,gate,ESUSDT,0.13731,0.13852,0.8812,1774035010056
bybit,gate,ESUSDT,0.13731,0.13852,0.8812,1774035010357
bybit,gate,ESUSDT,0.13731,0.13852,0.8812,1774035010657
bybit,gate,ESUSDT,0.13731,0.13852,0.8812,1774035010958
bybit,gate,ESUSDT,0.13731,0.13852,0.8812,1774035011258
bybit,gate,ESUSDT,0.13731,0.13852,0.8812,1774035011558
bybit,gate,ESUSDT,0.13731,0.13852,0.8812,1774035011858
bybit,gate,ESUSDT,0.13731,0.13852,0.8812,1774035012158
bybit,gate,ESUSDT,0.13731,0.13852,0.8812,1774035012458
bybit,gate,ESUSDT,0.13731,0.13852,0.8812,1774035012759
bybit,gate,ESUSDT,0.13731,0.13852,0.8812,1774035013059
bybit,gate,ESUSDT,0.13731,0.13852,0.8812,1774035013359
bybit,gate,ESUSDT,0.13731,0.13852,0.8812,1774035013660
bybit,gate,ESUSDT,0.13731,0.13852,0.8812,1774035013960
bybit,gate,ESUSDT,0.13731,0.13852,0.8812,1774035014260
bybit,gate,ESUSDT,0.13731,0.13852,0.8812,1774035014561
bybit,gate,ESUSDT,0.13731,0.13852,0.8812,1774035014861
bybit,gate,ESUSDT,0.13731,0.13852,0.8812,1774035015161
bybit,gate,ESUSDT,0.13731,0.13852,0.8812,1774035015461
bybit,gate,ESUSDT,0.13731,0.13852,0.8812,1774035015762
bybit,gate,ESUSDT,0.13731,0.13852,0.8812,1774035016062
bybit,gate,ESUSDT,0.13731,0.13852,0.8812,1774035016362
bybit,gate,ESUSDT,0.13731,0.13852,0.8812,1774035016663
bybit,gate,ESUSDT,0.13731,0.13852,0.8812,1774035016963
bybit,gate,ESUSDT,0.13731,0.13852,0.8812,1774035017263
bybit,gate,ESUSDT,0.13731,0.13852,0.8812,1774035017563
bybit,gate,ESUSDT,0.13731,0.13852,0.8812,1774035017863
bybit,gate,ESUSDT,0.13731,0.13852,0.8812,1774035018164
bybit,gate,ESUSDT,0.13731,0.13852,0.8812,1774035018464
bybit,gate,ESUSDT,0.13731,0.13852,0.8812,1774035018764
bybit,gate,ESUSDT,0.13731,0.13852,0.8812,1774035019065
bybit,gate,ESUSDT,0.13731,0.13852,0.8812,1774035019365
bybit,gate,ESUSDT,0.13731,0.13852,0.8812,1774035019665
bybit,gate,ESUSDT,0.13731,0.13852,0.8812,1774035019965
bybit,gate,ESUSDT,0.13731,0.13852,0.8812,1774035020266
bybit,gate,ESUSDT,0.13731,0.13852,0.8812,1774035020566
bybit,gate,ESUSDT,0.13731,0.13852,0.8812,1774035020866
bybit,gate,ESUSDT,0.13731,0.13852,0.8812,1774035021166
bybit,gate,ESUSDT,0.13731,0.13852,0.8812,1774035021466
bybit,gate,ESUSDT,0.13731,0.13852,0.8812,1774035021766
bybit,gate,ESUSDT,0.13731,0.13852,0.8812,1774035022066
bybit,gate,ESUSDT,0.13731,0.13852,0.8812,1774035022367
bybit,gate,ESUSDT,0.13731,0.13852,0.8812,1774035022668
bybit,gate,ESUSDT,0.13731,0.13852,0.8812,1774035022968
bybit,gate,ESUSDT,0.13731,0.13852,0.8812,1774035023268
bybit,gate,ESUSDT,0.13731,0.13852,0.8812,1774035023569
bybit,gate,ESUSDT,0.13731,0.13852,0.8812,1774035023870
bybit,gate,ESUSDT,0.13731,0.13852,0.8812,1774035024170
bybit,gate,ESUSDT,0.13731,0.13852,0.8812,1774035024470
bybit,gate,ESUSDT,0.13731,0.13852,0.8812,1774035024770
bybit,gate,ESUSDT,0.13731,0.13852,0.8812,1774035025070
bybit,gate,ESUSDT,0.13731,0.13852,0.8812,1774035025371
bybit,gate,ESUSDT,0.13731,0.13852,0.8812,1774035025671
bybit,gate,ESUSDT,0.13731,0.13852,0.8812,1774035025971
bybit,gate,ESUSDT,0.13731,0.13852,0.8812,1774035026271
bybit,gate,ESUSDT,0.13731,0.13852,0.8812,1774035026571
bybit,gate,ESUSDT,0.13731,0.13852,0.8812,1774035026872
bybit,gate,ESUSDT,0.13731,0.13852,0.8812,1774035027172
bybit,gate,ESUSDT,0.13731,0.13852,0.8812,1774035027473
bybit,gate,ESUSDT,0.13731,0.13852,0.8812,1774035027773
bybit,gate,ESUSDT,0.13731,0.13852,0.8812,1774035028074
bybit,gate,ESUSDT,0.13731,0.13852,0.8812,1774035028374
bybit,gate,ESUSDT,0.13731,0.13852,0.8812,1774035028674
bybit,gate,ESUSDT,0.13731,0.13852,0.8812,1774035028975
bybit,gate,ESUSDT,0.13731,0.13852,0.8812,1774035029275
bybit,gate,ESUSDT,0.13731,0.13852,0.8812,1774035029576
bybit,gate,ESUSDT,0.13731,0.13852,0.8812,1774035029876
bybit,gate,ESUSDT,0.13731,0.13852,0.8812,1774035030176
bybit,gate,ESUSDT,0.13731,0.13852,0.8812,1774035030477
bybit,gate,ESUSDT,0.13731,0.13852,0.8812,1774035030778
bybit,gate,ESUSDT,0.13731,0.13852,0.8812,1774035031078
bybit,gate,ESUSDT,0.13731,0.13852,0.8812,1774035031378
bybit,gate,ESUSDT,0.13731,0.13852,0.8812,1774035031679
bybit,gate,ESUSDT,0.13731,0.13852,0.8812,1774035031979
bybit,gate,ESUSDT,0.13731,0.13852,0.8812,1774035032279
bybit,gate,ESUSDT,0.13731,0.13852,0.8812,1774035032579
bybit,gate,ESUSDT,0.13731,0.13852,0.8812,1774035032879
bybit,gate,ESUSDT,0.13731,0.13852,0.8812,1774035033180
bybit,gate,ESUSDT,0.13731,0.13852,0.8812,1774035033480
bybit,gate,ESUSDT,0.13731,0.13852,0.8812,1774035033780
bybit,gate,ESUSDT,0.13731,0.13852,0.8812,1774035034080
bybit,gate,ESUSDT,0.13731,0.13852,0.8812,1774035034380
bybit,gate,ESUSDT,0.13731,0.13852,0.8812,1774035034680
bybit,gate,ESUSDT,0.13731,0.13852,0.8812,1774035034980
bybit,gate,ESUSDT,0.13731,0.13852,0.8812,1774035035281
bybit,gate,ESUSDT,0.13731,0.13852,0.8812,1774035035581
bybit,gate,ESUSDT,0.13731,0.13852,0.8812,1774035035881
bybit,gate,ESUSDT,0.13731,0.13852,0.8812,1774035036182
bybit,gate,ESUSDT,0.13731,0.13852,0.8812,1774035036482
bybit,gate,ESUSDT,0.13731,0.13852,0.8812,1774035036782
bybit,gate,ESUSDT,0.13731,0.13852,0.8812,1774035037083
bybit,gate,ESUSDT,0.13731,0.13852,0.8812,1774035037383
bybit,gate,ESUSDT,0.13731,0.13852,0.8812,1774035037683
bybit,gate,ESUSDT,0.13731,0.13852,0.8812,1774035037984
bybit,gate,ESUSDT,0.13731,0.13852,0.8812,1774035038284
bybit,gate,ESUSDT,0.13731,0.13852,0.8812,1774035038584
bybit,gate,ESUSDT,0.13731,0.13852,0.8812,1774035038884
bybit,gate,ESUSDT,0.13731,0.13852,0.8812,1774035039185
bybit,gate,ESUSDT,0.13731,0.13852,0.8812,1774035039485
bybit,gate,ESUSDT,0.13731,0.13852,0.8812,1774035039785
bybit,gate,ESUSDT,0.13731,0.13852,0.8812,1774035040086
bybit,gate,ESUSDT,0.13731,0.13852,0.8812,1774035040386
bybit,gate,ESUSDT,0.13731,0.13852,0.8812,1774035040686
bybit,gate,ESUSDT,0.13731,0.13852,0.8812,1774035040986
bybit,gate,ESUSDT,0.13731,0.13852,0.8812,1774035041287
bybit,gate,ESUSDT,0.13731,0.13852,0.8812,1774035041587
bybit,gate,ESUSDT,0.13731,0.13852,0.8812,1774035041887
bybit,gate,ESUSDT,0.13731,0.13852,0.8812,1774035042188
bybit,gate,ESUSDT,0.13731,0.13852,0.8812,1774035042490
bybit,gate,ESUSDT,0.13731,0.13852,0.8812,1774035042790
bybit,gate,ESUSDT,0.13731,0.13852,0.8812,1774035043091
bybit,gate,ESUSDT,0.13731,0.13852,0.8812,1774035043392
bybit,gate,ESUSDT,0.13731,0.13852,0.8812,1774035043692
bybit,gate,ESUSDT,0.13731,0.13852,0.8812,1774035043992
bybit,gate,ESUSDT,0.13731,0.13852,0.8812,1774035044292
bybit,gate,ESUSDT,0.13731,0.13852,0.8812,1774035044593
bybit,gate,ESUSDT,0.13731,0.13852,0.8812,1774035044893
bybit,gate,ESUSDT,0.13731,0.13852,0.8812,1774035045193
bybit,gate,ESUSDT,0.13723,0.13852,0.94,1774035045493
bybit,gate,ESUSDT,0.13723,0.13852,0.94,1774035045794
bybit,gate,ESUSDT,0.13723,0.13852,0.94,1774035046094
bybit,gate,ESUSDT,0.13723,0.13852,0.94,1774035046394
bybit,gate,ESUSDT,0.13723,0.13852,0.94,1774035046694
bybit,gate,ESUSDT,0.13723,0.13852,0.94,1774035046994
bybit,gate,ESUSDT,0.13723,0.13852,0.94,1774035047295
bybit,gate,ESUSDT,0.13723,0.13852,0.94,1774035047596
bybit,gate,ESUSDT,0.13723,0.13852,0.94,1774035047896
bybit,gate,ESUSDT,0.13723,0.13852,0.94,1774035048196
bybit,gate,ESUSDT,0.13723,0.13852,0.94,1774035048496
bybit,gate,ESUSDT,0.13723,0.13852,0.94,1774035048796
bybit,gate,ESUSDT,0.13723,0.13852,0.94,1774035049097
bybit,gate,ESUSDT,0.13723,0.13852,0.94,1774035049397
bybit,gate,ESUSDT,0.13723,0.13852,0.94,1774035049697
bybit,gate,ESUSDT,0.13723,0.13852,0.94,1774035049997
bybit,gate,ESUSDT,0.13723,0.13852,0.94,1774035050297
bybit,gate,ESUSDT,0.13723,0.13852,0.94,1774035050597
bybit,gate,ESUSDT,0.13723,0.13852,0.94,1774035050897
bybit,gate,ESUSDT,0.13723,0.13852,0.94,1774035051198
bybit,gate,ESUSDT,0.13723,0.13852,0.94,1774035051498
bybit,gate,ESUSDT,0.13723,0.13852,0.94,1774035051798
bybit,gate,ESUSDT,0.13723,0.13852,0.94,1774035052098
bybit,gate,ESUSDT,0.13723,0.13852,0.94,1774035052398
bybit,gate,ESUSDT,0.13723,0.13852,0.94,1774035052699
bybit,gate,ESUSDT,0.13723,0.13852,0.94,1774035052999
bybit,gate,ESUSDT,0.13723,0.13852,0.94,1774035053299
bybit,gate,ESUSDT,0.13723,0.13852,0.94,1774035053599
bybit,gate,ESUSDT,0.13723,0.13852,0.94,1774035053899
bybit,gate,ESUSDT,0.13723,0.13852,0.94,1774035054200
bybit,gate,ESUSDT,0.13723,0.13852,0.94,1774035054500
bybit,gate,ESUSDT,0.13723,0.13852,0.94,1774035054800
bybit,gate,ESUSDT,0.13723,0.13852,0.94,1774035055102
bybit,gate,ESUSDT,0.13723,0.13852,0.94,1774035055403
bybit,gate,ESUSDT,0.13723,0.13852,0.94,1774035055703
bybit,gate,ESUSDT,0.13723,0.13852,0.94,1774035056004
bybit,gate,ESUSDT,0.13723,0.13852,0.94,1774035056304
bybit,gate,ESUSDT,0.13723,0.13852,0.94,1774035056604
bybit,gate,ESUSDT,0.13723,0.13852,0.94,1774035056905
bybit,gate,ESUSDT,0.13723,0.13852,0.94,1774035057205
bybit,gate,ESUSDT,0.13723,0.13852,0.94,1774035057506
bybit,gate,ESUSDT,0.13723,0.13852,0.94,1774035057806
bybit,gate,ESUSDT,0.13723,0.13852,0.94,1774035058106
bybit,gate,ESUSDT,0.13723,0.13852,0.94,1774035058407
bybit,gate,ESUSDT,0.13723,0.13852,0.94,1774035058707
bybit,gate,ESUSDT,0.13723,0.13852,0.94,1774035059007
bybit,gate,ESUSDT,0.13723,0.13852,0.94,1774035059307
bybit,gate,ESUSDT,0.13723,0.13852,0.94,1774035059608
bybit,gate,ESUSDT,0.13723,0.13852,0.94,1774035059908
bybit,gate,ESUSDT,0.13723,0.13852,0.94,1774035060208
bybit,gate,ESUSDT,0.13723,0.13852,0.94,1774035060509
bybit,gate,ESUSDT,0.13723,0.13852,0.94,1774035060810
bybit,gate,ESUSDT,0.13723,0.13852,0.94,1774035061110
bybit,gate,ESUSDT,0.13723,0.13852,0.94,1774035061411
bybit,gate,ESUSDT,0.13723,0.13852,0.94,1774035061711
bybit,gate,ESUSDT,0.13723,0.13852,0.94,1774035062011
bybit,gate,ESUSDT,0.13723,0.13852,0.94,1774035062314
bybit,gate,ESUSDT,0.13723,0.13852,0.94,1774035062615
bybit,gate,ESUSDT,0.13723,0.13852,0.94,1774035062915
bybit,gate,ESUSDT,0.13723,0.13852,0.94,1774035063216
bybit,gate,ESUSDT,0.13723,0.13852,0.94,1774035063516
bybit,gate,ESUSDT,0.13723,0.13852,0.94,1774035063816
bybit,gate,ESUSDT,0.13723,0.13852,0.94,1774035064116
bybit,gate,ESUSDT,0.13723,0.13852,0.94,1774035064416
bybit,gate,ESUSDT,0.13723,0.13852,0.94,1774035064716
bybit,gate,ESUSDT,0.13723,0.13852,0.94,1774035065016
bybit,gate,ESUSDT,0.13723,0.13852,0.94,1774035065316
bybit,gate,ESUSDT,0.13723,0.13852,0.94,1774035065617
bybit,gate,ESUSDT,0.13723,0.13852,0.94,1774035065917
bybit,gate,ESUSDT,0.13723,0.13852,0.94,1774035066217
bybit,gate,ESUSDT,0.13723,0.13852,0.94,1774035066517
bybit,gate,ESUSDT,0.13723,0.13852,0.94,1774035066817
bybit,gate,ESUSDT,0.13723,0.13852,0.94,1774035067118
bybit,gate,ESUSDT,0.13723,0.13852,0.94,1774035067418
bybit,gate,ESUSDT,0.13723,0.13852,0.94,1774035067718
bybit,gate,ESUSDT,0.13723,0.13852,0.94,1774035068019
bybit,gate,ESUSDT,0.13723,0.13852,0.94,1774035068319
bybit,gate,ESUSDT,0.13723,0.13852,0.94,1774035068619
bybit,gate,ESUSDT,0.13723,0.13852,0.94,1774035068920
bybit,gate,ESUSDT,0.13723,0.13852,0.94,1774035069220
bybit,gate,ESUSDT,0.13723,0.13852,0.94,1774035069520
bybit,gate,ESUSDT,0.13723,0.13852,0.94,1774035069820
bybit,gate,ESUSDT,0.13723,0.13852,0.94,1774035070126
bybit,gate,ESUSDT,0.13723,0.13852,0.94,1774035070426
bybit,gate,ESUSDT,0.13723,0.13852,0.94,1774035070726
bybit,gate,ESUSDT,0.13723,0.13852,0.94,1774035071027
bybit,gate,ESUSDT,0.13723,0.13852,0.94,1774035071327
bybit,gate,ESUSDT,0.13723,0.13852,0.94,1774035071627
bybit,gate,ESUSDT,0.13723,0.13852,0.94,1774035071927
bybit,gate,ESUSDT,0.13723,0.13852,0.94,1774035072227
bybit,gate,ESUSDT,0.13723,0.13852,0.94,1774035072528
bybit,gate,ESUSDT,0.13723,0.13852,0.94,1774035072828
bybit,gate,ESUSDT,0.13723,0.13852,0.94,1774035073129
bybit,gate,ESUSDT,0.13723,0.13852,0.94,1774035073429
bybit,gate,ESUSDT,0.13723,0.13852,0.94,1774035073729
bybit,gate,ESUSDT,0.13723,0.13852,0.94,1774035074030
bybit,gate,ESUSDT,0.13723,0.13852,0.94,1774035074330
bybit,gate,ESUSDT,0.13723,0.13852,0.94,1774035074630
bybit,gate,ESUSDT,0.13723,0.13852,0.94,1774035074931
bybit,gate,ESUSDT,0.13723,0.13852,0.94,1774035075231
bybit,gate,ESUSDT,0.13723,0.13852,0.94,1774035075531
bybit,gate,ESUSDT,0.13723,0.13852,0.94,1774035075831
bybit,gate,ESUSDT,0.13723,0.13852,0.94,1774035076132
bybit,gate,ESUSDT,0.13723,0.13852,0.94,1774035076432
bybit,gate,ESUSDT,0.13723,0.13852,0.94,1774035076732
bybit,gate,ESUSDT,0.13723,0.13852,0.94,1774035077032
bybit,gate,ESUSDT,0.13723,0.13852,0.94,1774035077333
bybit,gate,ESUSDT,0.13723,0.13852,0.94,1774035077633
bybit,gate,ESUSDT,0.13723,0.13852,0.94,1774035077933
bybit,gate,ESUSDT,0.13723,0.13852,0.94,1774035078233
bybit,gate,ESUSDT,0.13723,0.13852,0.94,1774035078533
bybit,gate,ESUSDT,0.13723,0.13852,0.94,1774035078834
bybit,gate,ESUSDT,0.13723,0.13852,0.94,1774035079134
bybit,gate,ESUSDT,0.13723,0.13852,0.94,1774035079434
bybit,gate,ESUSDT,0.13723,0.13852,0.94,1774035079735
bybit,gate,ESUSDT,0.13723,0.13852,0.94,1774035080035
bybit,gate,ESUSDT,0.13723,0.13852,0.94,1774035080335
bybit,gate,ESUSDT,0.13723,0.13852,0.94,1774035080635
bybit,gate,ESUSDT,0.13723,0.13852,0.94,1774035080936
bybit,gate,ESUSDT,0.13723,0.13852,0.94,1774035081236
bybit,gate,ESUSDT,0.13723,0.13852,0.94,1774035081536
bybit,gate,ESUSDT,0.13723,0.13852,0.94,1774035081836
bybit,gate,ESUSDT,0.13723,0.13852,0.94,1774035082137
bybit,gate,ESUSDT,0.13723,0.13852,0.94,1774035082437
bybit,gate,ESUSDT,0.13723,0.13852,0.94,1774035082737
bybit,gate,ESUSDT,0.13723,0.13852,0.94,1774035083037
bybit,gate,ESUSDT,0.13723,0.13852,0.94,1774035083337
bybit,gate,ESUSDT,0.13723,0.13852,0.94,1774035083638
bybit,gate,ESUSDT,0.13723,0.13852,0.94,1774035083938
bybit,gate,ESUSDT,0.13723,0.13852,0.94,1774035084238
bybit,gate,ESUSDT,0.13723,0.13852,0.94,1774035084538
bybit,gate,ESUSDT,0.13723,0.13852,0.94,1774035084845
bybit,gate,ESUSDT,0.13723,0.13852,0.94,1774035085145
bybit,gate,ESUSDT,0.13723,0.13852,0.94,1774035085445
bybit,gate,ESUSDT,0.13723,0.13854,0.9546,1774035085745
bybit,gate,ESUSDT,0.13723,0.13854,0.9546,1774035086045
bybit,gate,ESUSDT,0.13723,0.13854,0.9546,1774035086345
bybit,gate,ESUSDT,0.13723,0.13854,0.9546,1774035086646
bybit,gate,ESUSDT,0.13723,0.13852,0.94,1774035086946
bybit,gate,ESUSDT,0.13723,0.13852,0.94,1774035087246
bybit,gate,ESUSDT,0.13723,0.13852,0.94,1774035087547
bybit,gate,ESUSDT,0.13723,0.13852,0.94,1774035087847
bybit,gate,ESUSDT,0.13723,0.13852,0.94,1774035088147
bybit,gate,ESUSDT,0.13723,0.13852,0.94,1774035088448
bybit,gate,ESUSDT,0.13723,0.13852,0.94,1774035088748
bybit,gate,ESUSDT,0.13723,0.13852,0.94,1774035089048
bybit,gate,ESUSDT,0.13723,0.13852,0.94,1774035089348
bybit,gate,ESUSDT,0.13723,0.13852,0.94,1774035089648
bybit,gate,ESUSDT,0.13723,0.13852,0.94,1774035089949
bybit,gate,ESUSDT,0.13723,0.13852,0.94,1774035090249
bybit,gate,ESUSDT,0.13723,0.13852,0.94,1774035090550
bybit,gate,ESUSDT,0.13723,0.13852,0.94,1774035090850
bybit,gate,ESUSDT,0.13723,0.13852,0.94,1774035091150
bybit,gate,ESUSDT,0.13723,0.13852,0.94,1774035091450
bybit,gate,ESUSDT,0.13723,0.13852,0.94,1774035091751
bybit,gate,ESUSDT,0.13723,0.13852,0.94,1774035092051
bybit,gate,ESUSDT,0.13723,0.13852,0.94,1774035092352
bybit,gate,ESUSDT,0.13723,0.13852,0.94,1774035092652
bybit,gate,ESUSDT,0.13723,0.13852,0.94,1774035092952
bybit,gate,ESUSDT,0.13723,0.13852,0.94,1774035093252
bybit,gate,ESUSDT,0.13723,0.13852,0.94,1774035093553
bybit,gate,ESUSDT,0.13723,0.13852,0.94,1774035093853
bybit,gate,ESUSDT,0.13723,0.13852,0.94,1774035094154
bybit,gate,ESUSDT,0.13723,0.13852,0.94,1774035094454
bybit,gate,ESUSDT,0.13723,0.13852,0.94,1774035094754
bybit,gate,ESUSDT,0.13723,0.13852,0.94,1774035095055
bybit,gate,ESUSDT,0.13723,0.13852,0.94,1774035095355
bybit,gate,ESUSDT,0.13723,0.13852,0.94,1774035095655
bybit,gate,ESUSDT,0.13723,0.13852,0.94,1774035095956
bybit,gate,ESUSDT,0.13723,0.13852,0.94,1774035096256
bybit,gate,ESUSDT,0.13723,0.13852,0.94,1774035096556
bybit,gate,ESUSDT,0.13723,0.13852,0.94,1774035096857
bybit,gate,ESUSDT,0.13723,0.13852,0.94,1774035097157
bybit,gate,ESUSDT,0.13723,0.13852,0.94,1774035097458
bybit,gate,ESUSDT,0.13723,0.13852,0.94,1774035097758
bybit,gate,ESUSDT,0.13723,0.13852,0.94,1774035098058
bybit,gate,ESUSDT,0.13723,0.13852,0.94,1774035098358
bybit,gate,ESUSDT,0.13723,0.13852,0.94,1774035098658
bybit,gate,ESUSDT,0.13723,0.13852,0.94,1774035098969
bybit,gate,ESUSDT,0.13723,0.13852,0.94,1774035099269
bybit,gate,ESUSDT,0.13723,0.13852,0.94,1774035099570
bybit,gate,ESUSDT,0.13723,0.13852,0.94,1774035099870
bybit,gate,ESUSDT,0.13723,0.13852,0.94,1774035100170
bybit,gate,ESUSDT,0.13723,0.13852,0.94,1774035100470
bybit,gate,ESUSDT,0.13723,0.13852,0.94,1774035100771
bybit,gate,ESUSDT,0.13723,0.13852,0.94,1774035101072
bybit,gate,ESUSDT,0.13723,0.13852,0.94,1774035101372
bybit,gate,ESUSDT,0.13723,0.13852,0.94,1774035101672
bybit,gate,ESUSDT,0.13723,0.13852,0.94,1774035101972
bybit,gate,ESUSDT,0.13723,0.13852,0.94,1774035102286
bybit,gate,ESUSDT,0.13723,0.13852,0.94,1774035102586
bybit,gate,ESUSDT,0.13723,0.13852,0.94,1774035102886
bybit,gate,ESUSDT,0.13723,0.13852,0.94,1774035103186
bybit,gate,ESUSDT,0.13723,0.13852,0.94,1774035103486
bybit,gate,ESUSDT,0.13723,0.13852,0.94,1774035103787
bybit,gate,ESUSDT,0.13723,0.13852,0.94,1774035104087
bybit,gate,ESUSDT,0.13723,0.13852,0.94,1774035104387
bybit,gate,ESUSDT,0.13723,0.13852,0.94,1774035104688
bybit,gate,ESUSDT,0.13723,0.13852,0.94,1774035104988
bybit,gate,ESUSDT,0.13723,0.13852,0.94,1774035105288
bybit,gate,ESUSDT,0.13723,0.13852,0.94,1774035105588
bybit,gate,ESUSDT,0.13723,0.13852,0.94,1774035105888
bybit,gate,ESUSDT,0.13723,0.13852,0.94,1774035106189
bybit,gate,ESUSDT,0.13723,0.13852,0.94,1774035106489
bybit,gate,ESUSDT,0.13723,0.13852,0.94,1774035106789
bybit,gate,ESUSDT,0.13723,0.13852,0.94,1774035107090
bybit,gate,ESUSDT,0.13723,0.13852,0.94,1774035107390
bybit,gate,ESUSDT,0.13723,0.13852,0.94,1774035107690
bybit,gate,ESUSDT,0.13723,0.13852,0.94,1774035107991
bybit,gate,ESUSDT,0.13723,0.13852,0.94,1774035108291
bybit,gate,ESUSDT,0.13723,0.13852,0.94,1774035108591
bybit,gate,ESUSDT,0.13723,0.13852,0.94,1774035108891
bybit,gate,ESUSDT,0.13723,0.13852,0.94,1774035109191
bybit,gate,ESUSDT,0.13723,0.13852,0.94,1774035109492
bybit,gate,ESUSDT,0.13723,0.13852,0.94,1774035109792
bybit,gate,ESUSDT,0.13723,0.13852,0.94,1774035110092
bybit,gate,ESUSDT,0.13723,0.13852,0.94,1774035110393
bybit,gate,ESUSDT,0.13723,0.13852,0.94,1774035110693
bybit,gate,ESUSDT,0.13723,0.13852,0.94,1774035110994
bybit,gate,ESUSDT,0.13723,0.13852,0.94,1774035111294
bybit,gate,ESUSDT,0.13723,0.13852,0.94,1774035111594
bybit,gate,ESUSDT,0.13723,0.13852,0.94,1774035111894
bybit,gate,ESUSDT,0.13723,0.13852,0.94,1774035112194
bybit,gate,ESUSDT,0.13723,0.13852,0.94,1774035112495
bybit,gate,ESUSDT,0.13723,0.13852,0.94,1774035112795
bybit,gate,ESUSDT,0.13723,0.13852,0.94,1774035113105
bybit,gate,ESUSDT,0.13723,0.13852,0.94,1774035113405
bybit,gate,ESUSDT,0.13723,0.13852,0.94,1774035113707
bybit,gate,ESUSDT,0.13723,0.13852,0.94,1774035114007
bybit,gate,ESUSDT,0.13723,0.13852,0.94,1774035114308
bybit,gate,ESUSDT,0.13723,0.13852,0.94,1774035114608
bybit,gate,ESUSDT,0.13723,0.13852,0.94,1774035114908
bybit,gate,ESUSDT,0.13723,0.13852,0.94,1774035115209
bybit,gate,ESUSDT,0.13723,0.13852,0.94,1774035115509
bybit,gate,ESUSDT,0.13723,0.13852,0.94,1774035115809
bybit,gate,ESUSDT,0.13723,0.13852,0.94,1774035116109
bybit,gate,ESUSDT,0.13723,0.13852,0.94,1774035116410
bybit,gate,ESUSDT,0.13723,0.13852,0.94,1774035116710
bybit,gate,ESUSDT,0.13723,0.13852,0.94,1774035117010
bybit,gate,ESUSDT,0.13723,0.13852,0.94,1774035117311
bybit,gate,ESUSDT,0.13723,0.13852,0.94,1774035117611
bybit,gate,ESUSDT,0.13723,0.13852,0.94,1774035117911
bybit,gate,ESUSDT,0.13723,0.13852,0.94,1774035118211
bybit,gate,ESUSDT,0.13723,0.13852,0.94,1774035118512
bybit,gate,ESUSDT,0.13723,0.13852,0.94,1774035118812
bybit,gate,ESUSDT,0.13723,0.13852,0.94,1774035119112
bybit,gate,ESUSDT,0.13723,0.13852,0.94,1774035119412
bybit,gate,ESUSDT,0.13723,0.13852,0.94,1774035119712
bybit,gate,ESUSDT,0.13723,0.13852,0.94,1774035120012
bybit,gate,ESUSDT,0.13723,0.13852,0.94,1774035120316
bybit,gate,ESUSDT,0.13723,0.13852,0.94,1774035120617
bybit,gate,ESUSDT,0.13723,0.13852,0.94,1774035120917
bybit,gate,ESUSDT,0.13723,0.13852,0.94,1774035121217
bybit,gate,ESUSDT,0.13723,0.13852,0.94,1774035121517
bybit,gate,ESUSDT,0.13723,0.13852,0.94,1774035121817
bybit,gate,ESUSDT,0.13723,0.13852,0.94,1774035122118
bybit,gate,ESUSDT,0.13723,0.13852,0.94,1774035122418
bybit,gate,ESUSDT,0.13723,0.13852,0.94,1774035122720
bybit,gate,ESUSDT,0.13723,0.13852,0.94,1774035123020
bybit,gate,ESUSDT,0.13723,0.13852,0.94,1774035123320
bybit,gate,ESUSDT,0.13723,0.13852,0.94,1774035123620
bybit,gate,ESUSDT,0.13723,0.13852,0.94,1774035123920
bybit,gate,ESUSDT,0.13723,0.13852,0.94,1774035124221
bybit,gate,ESUSDT,0.13723,0.13852,0.94,1774035124522
bybit,gate,ESUSDT,0.13723,0.13852,0.94,1774035124822
bybit,gate,ESUSDT,0.13723,0.13852,0.94,1774035125122
bybit,gate,ESUSDT,0.13723,0.13852,0.94,1774035125422
bybit,gate,ESUSDT,0.13723,0.13852,0.94,1774035125722
bybit,gate,ESUSDT,0.13723,0.13852,0.94,1774035126023
bybit,gate,ESUSDT,0.13723,0.13852,0.94,1774035126323
bybit,gate,ESUSDT,0.13723,0.13852,0.94,1774035126623
bybit,gate,ESUSDT,0.13723,0.13852,0.94,1774035126924
bybit,gate,ESUSDT,0.13723,0.13852,0.94,1774035127227
bybit,gate,ESUSDT,0.13723,0.13852,0.94,1774035127527
bybit,gate,ESUSDT,0.13723,0.13852,0.94,1774035127828
bybit,gate,ESUSDT,0.13723,0.13852,0.94,1774035128128
bybit,gate,ESUSDT,0.13723,0.13852,0.94,1774035128428
bybit,gate,ESUSDT,0.13723,0.13852,0.94,1774035128728
bybit,gate,ESUSDT,0.13723,0.13852,0.94,1774035129028
bybit,gate,ESUSDT,0.13723,0.13852,0.94,1774035129329
bybit,gate,ESUSDT,0.13723,0.13852,0.94,1774035129629
bybit,gate,ESUSDT,0.13723,0.13852,0.94,1774035129929
bybit,gate,ESUSDT,0.13723,0.13852,0.94,1774035130229
bybit,gate,ESUSDT,0.13723,0.13852,0.94,1774035130530
bybit,gate,ESUSDT,0.13723,0.13852,0.94,1774035130830
bybit,gate,ESUSDT,0.13723,0.13852,0.94,1774035131130
bybit,gate,ESUSDT,0.13723,0.13852,0.94,1774035131430
bybit,gate,ESUSDT,0.13723,0.13852,0.94,1774035131730
bybit,gate,ESUSDT,0.13723,0.13852,0.94,1774035132031
bybit,gate,ESUSDT,0.13723,0.13852,0.94,1774035132331
bybit,gate,ESUSDT,0.13723,0.13852,0.94,1774035132631
bybit,gate,ESUSDT,0.13723,0.13852,0.94,1774035132932
bybit,gate,ESUSDT,0.13723,0.13854,0.9546,1774035133232
bybit,gate,ESUSDT,0.13723,0.13854,0.9546,1774035133532
bybit,gate,ESUSDT,0.13723,0.13852,0.94,1774035133833
bybit,gate,ESUSDT,0.13723,0.13854,0.9546,1774035134134
bybit,gate,ESUSDT,0.13723,0.13854,0.9546,1774035134434
bybit,gate,ESUSDT,0.13723,0.13855,0.9619,1774035134734
bybit,gate,ESUSDT,0.13723,0.13849,0.9182,1774035135035
bybit,gate,ESUSDT,0.13723,0.13849,0.9182,1774035135335
bybit,gate,ESUSDT,0.13723,0.13849,0.9182,1774035135635
bybit,gate,ESUSDT,0.13723,0.13849,0.9182,1774035135935
bybit,gate,ESUSDT,0.13723,0.13849,0.9182,1774035136236
bybit,gate,ESUSDT,0.13723,0.13849,0.9182,1774035136536
bybit,gate,ESUSDT,0.13723,0.13849,0.9182,1774035136836
bybit,gate,ESUSDT,0.13723,0.13849,0.9182,1774035137137
bybit,gate,ESUSDT,0.13723,0.13849,0.9182,1774035137437
bybit,gate,ESUSDT,0.13723,0.13849,0.9182,1774035137739
bybit,gate,ESUSDT,0.13723,0.13849,0.9182,1774035138039
bybit,gate,ESUSDT,0.13723,0.13849,0.9182,1774035138340
bybit,gate,ESUSDT,0.13723,0.13849,0.9182,1774035138640
bybit,gate,ESUSDT,0.13723,0.13849,0.9182,1774035138940
bybit,gate,ESUSDT,0.13723,0.13849,0.9182,1774035139241
bybit,gate,ESUSDT,0.13723,0.13849,0.9182,1774035139541
bybit,gate,ESUSDT,0.13723,0.13849,0.9182,1774035139841
bybit,gate,ESUSDT,0.13723,0.13849,0.9182,1774035140141
bybit,gate,ESUSDT,0.13723,0.13849,0.9182,1774035140442
bybit,gate,ESUSDT,0.13723,0.13849,0.9182,1774035140742
bybit,gate,ESUSDT,0.13723,0.13849,0.9182,1774035141042
bybit,gate,ESUSDT,0.13723,0.13849,0.9182,1774035141343
bybit,gate,ESUSDT,0.13723,0.13849,0.9182,1774035141643
bybit,gate,ESUSDT,0.13723,0.13849,0.9182,1774035141944
bybit,gate,ESUSDT,0.13723,0.13849,0.9182,1774035142244
bybit,gate,ESUSDT,0.13723,0.13849,0.9182,1774035142544
bybit,gate,ESUSDT,0.13723,0.13849,0.9182,1774035142845
bybit,gate,ESUSDT,0.13723,0.13849,0.9182,1774035143146
bybit,gate,ESUSDT,0.13723,0.13849,0.9182,1774035143446
bybit,gate,ESUSDT,0.13723,0.13849,0.9182,1774035143746
bybit,gate,ESUSDT,0.13723,0.13849,0.9182,1774035144046
bybit,gate,ESUSDT,0.13723,0.13849,0.9182,1774035144346
bybit,gate,ESUSDT,0.13723,0.13849,0.9182,1774035144647
bybit,gate,ESUSDT,0.13723,0.13849,0.9182,1774035144947
bybit,gate,ESUSDT,0.13723,0.13849,0.9182,1774035145247
bybit,gate,ESUSDT,0.13723,0.13849,0.9182,1774035145547
bybit,gate,ESUSDT,0.13723,0.13849,0.9182,1774035145847
bybit,gate,ESUSDT,0.13723,0.13849,0.9182,1774035146147
bybit,gate,ESUSDT,0.13723,0.13849,0.9182,1774035146448
bybit,gate,ESUSDT,0.13723,0.13849,0.9182,1774035146748
bybit,gate,ESUSDT,0.13723,0.13849,0.9182,1774035147049
bybit,gate,ESUSDT,0.13723,0.13849,0.9182,1774035147349
bybit,gate,ESUSDT,0.13723,0.13849,0.9182,1774035147649
bybit,gate,ESUSDT,0.13723,0.13849,0.9182,1774035147950
bybit,gate,ESUSDT,0.13723,0.13849,0.9182,1774035148250
bybit,gate,ESUSDT,0.13723,0.13849,0.9182,1774035148550
bybit,gate,ESUSDT,0.13723,0.13849,0.9182,1774035148850
bybit,gate,ESUSDT,0.13723,0.13849,0.9182,1774035149150
bybit,gate,ESUSDT,0.13723,0.13849,0.9182,1774035149451
bybit,gate,ESUSDT,0.13723,0.13849,0.9182,1774035149751
bybit,gate,ESUSDT,0.13723,0.13849,0.9182,1774035150052
bybit,gate,ESUSDT,0.13723,0.13849,0.9182,1774035150352
bybit,gate,ESUSDT,0.13723,0.13849,0.9182,1774035150653
bybit,gate,ESUSDT,0.13723,0.13849,0.9182,1774035150953
bybit,gate,ESUSDT,0.13723,0.13849,0.9182,1774035151254
bybit,gate,ESUSDT,0.13723,0.13849,0.9182,1774035151554
bybit,gate,ESUSDT,0.13723,0.13849,0.9182,1774035151854
bybit,gate,ESUSDT,0.13723,0.13849,0.9182,1774035152155
bybit,gate,ESUSDT,0.13723,0.13849,0.9182,1774035152455
bybit,gate,ESUSDT,0.13723,0.13849,0.9182,1774035152755
bybit,gate,ESUSDT,0.13723,0.13849,0.9182,1774035153055
bybit,gate,ESUSDT,0.13723,0.13849,0.9182,1774035153355
bybit,gate,ESUSDT,0.13723,0.13849,0.9182,1774035153656
bybit,gate,ESUSDT,0.13723,0.13849,0.9182,1774035153956
bybit,gate,ESUSDT,0.13723,0.13849,0.9182,1774035154256
bybit,gate,ESUSDT,0.13723,0.13849,0.9182,1774035154556
bybit,gate,ESUSDT,0.13723,0.13849,0.9182,1774035154856
bybit,gate,ESUSDT,0.13723,0.13849,0.9182,1774035155157
bybit,gate,ESUSDT,0.13723,0.13849,0.9182,1774035155457
bybit,gate,ESUSDT,0.13723,0.13849,0.9182,1774035155758
bybit,gate,ESUSDT,0.13723,0.13849,0.9182,1774035156058
bybit,gate,ESUSDT,0.13723,0.13849,0.9182,1774035156358
bybit,gate,ESUSDT,0.13723,0.13849,0.9182,1774035156658
bybit,gate,ESUSDT,0.13723,0.13849,0.9182,1774035156959
bybit,gate,ESUSDT,0.13723,0.13849,0.9182,1774035157259
bybit,gate,ESUSDT,0.13723,0.13849,0.9182,1774035157560
bybit,gate,ESUSDT,0.13723,0.13849,0.9182,1774035157860
bybit,gate,ESUSDT,0.13723,0.13849,0.9182,1774035158160
bybit,gate,ESUSDT,0.13723,0.13849,0.9182,1774035158461
bybit,gate,ESUSDT,0.13723,0.13849,0.9182,1774035158762
bybit,gate,ESUSDT,0.13723,0.13849,0.9182,1774035159062
bybit,gate,ESUSDT,0.13723,0.13849,0.9182,1774035159362
bybit,gate,ESUSDT,0.13723,0.13849,0.9182,1774035159663
bybit,gate,ESUSDT,0.13723,0.13849,0.9182,1774035159963
bybit,gate,ESUSDT,0.13723,0.13849,0.9182,1774035160263
bybit,gate,ESUSDT,0.13723,0.13849,0.9182,1774035160564
bybit,gate,ESUSDT,0.13723,0.13849,0.9182,1774035160864
bybit,gate,ESUSDT,0.13723,0.13849,0.9182,1774035161165
bybit,gate,ESUSDT,0.13723,0.13849,0.9182,1774035161465
bybit,gate,ESUSDT,0.13723,0.13849,0.9182,1774035161765
bybit,gate,ESUSDT,0.13723,0.13849,0.9182,1774035162065
bybit,gate,ESUSDT,0.13723,0.13849,0.9182,1774035162366
bybit,gate,ESUSDT,0.13723,0.13849,0.9182,1774035162666
bybit,gate,ESUSDT,0.13723,0.13849,0.9182,1774035162966
bybit,gate,ESUSDT,0.13723,0.13849,0.9182,1774035163267
bybit,gate,ESUSDT,0.13723,0.13849,0.9182,1774035163567
bybit,gate,ESUSDT,0.13723,0.13849,0.9182,1774035163867
bybit,gate,ESUSDT,0.13723,0.13849,0.9182,1774035164167
bybit,gate,ESUSDT,0.13723,0.13849,0.9182,1774035164467
bybit,gate,ESUSDT,0.13723,0.13849,0.9182,1774035164768
bybit,gate,ESUSDT,0.13723,0.13849,0.9182,1774035165069
bybit,gate,ESUSDT,0.13723,0.13849,0.9182,1774035165369
bybit,gate,ESUSDT,0.13723,0.13849,0.9182,1774035165669
bybit,gate,ESUSDT,0.13723,0.13849,0.9182,1774035165970
bybit,gate,ESUSDT,0.13723,0.13849,0.9182,1774035166270
bybit,gate,ESUSDT,0.13723,0.13849,0.9182,1774035166570
bybit,gate,ESUSDT,0.13723,0.13849,0.9182,1774035166870
bybit,gate,ESUSDT,0.13723,0.13849,0.9182,1774035167171
bybit,gate,ESUSDT,0.13723,0.13849,0.9182,1774035167472
bybit,gate,ESUSDT,0.13723,0.13849,0.9182,1774035167772
bybit,gate,ESUSDT,0.13723,0.13849,0.9182,1774035168072
bybit,gate,ESUSDT,0.13723,0.13849,0.9182,1774035168372
bybit,gate,ESUSDT,0.13723,0.13849,0.9182,1774035168672
bybit,gate,ESUSDT,0.13723,0.13849,0.9182,1774035168973
bybit,gate,ESUSDT,0.13723,0.13849,0.9182,1774035169273
bybit,gate,ESUSDT,0.13723,0.13849,0.9182,1774035169574
bybit,gate,ESUSDT,0.13723,0.13849,0.9182,1774035169874
bybit,gate,ESUSDT,0.13723,0.13849,0.9182,1774035170175
bybit,gate,ESUSDT,0.13723,0.13849,0.9182,1774035170475
bybit,gate,ESUSDT,0.13723,0.13849,0.9182,1774035170775
bybit,gate,ESUSDT,0.13723,0.13849,0.9182,1774035171076
bybit,gate,ESUSDT,0.13723,0.13849,0.9182,1774035171376
bybit,gate,ESUSDT,0.13723,0.13849,0.9182,1774035171676
bybit,gate,ESUSDT,0.13723,0.13849,0.9182,1774035171977
bybit,gate,ESUSDT,0.13723,0.13849,0.9182,1774035172277
bybit,gate,ESUSDT,0.13723,0.13849,0.9182,1774035172577
bybit,gate,ESUSDT,0.13723,0.13849,0.9182,1774035172878
bybit,gate,ESUSDT,0.13723,0.13849,0.9182,1774035173179
bybit,gate,ESUSDT,0.13723,0.13849,0.9182,1774035173479
bybit,gate,ESUSDT,0.13723,0.13849,0.9182,1774035173779
bybit,gate,ESUSDT,0.13723,0.13849,0.9182,1774035174079
bybit,gate,ESUSDT,0.13723,0.13849,0.9182,1774035174380
bybit,gate,ESUSDT,0.13723,0.13849,0.9182,1774035174680
bybit,gate,ESUSDT,0.13723,0.13849,0.9182,1774035174980
bybit,gate,ESUSDT,0.13723,0.13849,0.9182,1774035175280
bybit,gate,ESUSDT,0.13723,0.13849,0.9182,1774035175580
bybit,gate,ESUSDT,0.13723,0.13849,0.9182,1774035175881
bybit,gate,ESUSDT,0.13723,0.13849,0.9182,1774035176181
bybit,gate,ESUSDT,0.13723,0.13849,0.9182,1774035176481
bybit,gate,ESUSDT,0.13723,0.13849,0.9182,1774035176781
bybit,gate,ESUSDT,0.13723,0.13849,0.9182,1774035177082
bybit,gate,ESUSDT,0.13723,0.13849,0.9182,1774035177382
bybit,gate,ESUSDT,0.13723,0.13849,0.9182,1774035177683
bybit,gate,ESUSDT,0.13723,0.13849,0.9182,1774035177983
bybit,gate,ESUSDT,0.13723,0.13849,0.9182,1774035178283
bybit,gate,ESUSDT,0.13723,0.13849,0.9182,1774035178583
bybit,gate,ESUSDT,0.13723,0.13849,0.9182,1774035178884
bybit,gate,ESUSDT,0.13723,0.13849,0.9182,1774035179184
bybit,gate,ESUSDT,0.13723,0.13849,0.9182,1774035179484
bybit,gate,ESUSDT,0.13723,0.13849,0.9182,1774035179784
bybit,gate,ESUSDT,0.13723,0.13849,0.9182,1774035180085
bybit,gate,ESUSDT,0.13723,0.13849,0.9182,1774035180385
bybit,gate,ESUSDT,0.13723,0.13849,0.9182,1774035180686
bybit,gate,ESUSDT,0.13723,0.13849,0.9182,1774035180986
bybit,gate,ESUSDT,0.13723,0.13849,0.9182,1774035181287
bybit,gate,ESUSDT,0.13723,0.13849,0.9182,1774035181587
bybit,gate,ESUSDT,0.13723,0.13849,0.9182,1774035181887
bybit,gate,ESUSDT,0.13723,0.13849,0.9182,1774035182187
bybit,gate,ESUSDT,0.13723,0.13849,0.9182,1774035182487
bybit,gate,ESUSDT,0.13723,0.13849,0.9182,1774035182787
bybit,gate,ESUSDT,0.13723,0.13849,0.9182,1774035183087
bybit,gate,ESUSDT,0.13723,0.13849,0.9182,1774035183388
bybit,gate,ESUSDT,0.13723,0.13849,0.9182,1774035183688
bybit,gate,ESUSDT,0.13723,0.13849,0.9182,1774035183988
bybit,gate,ESUSDT,0.13723,0.13849,0.9182,1774035184289
bybit,gate,ESUSDT,0.13723,0.13849,0.9182,1774035184590
bybit,gate,ESUSDT,0.13723,0.13849,0.9182,1774035184890
bybit,gate,ESUSDT,0.13723,0.13849,0.9182,1774035185190
bybit,gate,ESUSDT,0.13723,0.13849,0.9182,1774035185491
bybit,gate,ESUSDT,0.13723,0.13849,0.9182,1774035185791
bybit,gate,ESUSDT,0.13723,0.13849,0.9182,1774035186091
bybit,gate,ESUSDT,0.13723,0.13849,0.9182,1774035186391
bybit,gate,ESUSDT,0.13723,0.13849,0.9182,1774035186691
bybit,gate,ESUSDT,0.13723,0.13849,0.9182,1774035186992
bybit,gate,ESUSDT,0.13723,0.13849,0.9182,1774035187292
bybit,gate,ESUSDT,0.13723,0.13849,0.9182,1774035187592
bybit,gate,ESUSDT,0.13723,0.13849,0.9182,1774035187892
bybit,gate,ESUSDT,0.13723,0.13849,0.9182,1774035188192
bybit,gate,ESUSDT,0.13723,0.13849,0.9182,1774035188493
bybit,gate,ESUSDT,0.13723,0.13849,0.9182,1774035188793
bybit,gate,ESUSDT,0.13723,0.13849,0.9182,1774035189097
bybit,gate,ESUSDT,0.13723,0.13849,0.9182,1774035189397
bybit,gate,ESUSDT,0.13723,0.13849,0.9182,1774035189697
bybit,gate,ESUSDT,0.13723,0.13849,0.9182,1774035189998
bybit,gate,ESUSDT,0.13723,0.13849,0.9182,1774035190298
bybit,gate,ESUSDT,0.13723,0.13849,0.9182,1774035190598
bybit,gate,ESUSDT,0.13723,0.13849,0.9182,1774035190899
bybit,gate,ESUSDT,0.13723,0.13849,0.9182,1774035191199
bybit,gate,ESUSDT,0.13723,0.13849,0.9182,1774035191499
bybit,gate,ESUSDT,0.13723,0.13849,0.9182,1774035191800
bybit,gate,ESUSDT,0.13723,0.13849,0.9182,1774035192100
bybit,gate,ESUSDT,0.13723,0.13849,0.9182,1774035192400
bybit,gate,ESUSDT,0.13723,0.13849,0.9182,1774035192700
bybit,gate,ESUSDT,0.13723,0.13849,0.9182,1774035193001
bybit,gate,ESUSDT,0.13723,0.13849,0.9182,1774035193301
bybit,gate,ESUSDT,0.13723,0.13849,0.9182,1774035193601
bybit,gate,ESUSDT,0.13723,0.13849,0.9182,1774035193902
bybit,gate,ESUSDT,0.13723,0.13849,0.9182,1774035194202
bybit,gate,ESUSDT,0.13723,0.13849,0.9182,1774035194502
bybit,gate,ESUSDT,0.13723,0.13849,0.9182,1774035194803
bybit,gate,ESUSDT,0.13723,0.13849,0.9182,1774035195103
bybit,gate,ESUSDT,0.13723,0.13849,0.9182,1774035195403
bybit,gate,ESUSDT,0.13723,0.13849,0.9182,1774035195704
bybit,gate,ESUSDT,0.13723,0.13849,0.9182,1774035196007
bybit,gate,ESUSDT,0.13723,0.13849,0.9182,1774035196307
bybit,gate,ESUSDT,0.13723,0.13849,0.9182,1774035196607
bybit,gate,ESUSDT,0.13723,0.13849,0.9182,1774035196908
bybit,gate,ESUSDT,0.13723,0.13849,0.9182,1774035197208
bybit,gate,ESUSDT,0.13723,0.13849,0.9182,1774035197508
bybit,gate,ESUSDT,0.13723,0.13849,0.9182,1774035197809
bybit,gate,ESUSDT,0.13723,0.13849,0.9182,1774035198110
bybit,gate,ESUSDT,0.13723,0.13849,0.9182,1774035198411
bybit,gate,ESUSDT,0.13723,0.13849,0.9182,1774035198711
bybit,gate,ESUSDT,0.13723,0.13849,0.9182,1774035199011
bybit,gate,ESUSDT,0.13723,0.13849,0.9182,1774035199312
bybit,gate,ESUSDT,0.13723,0.13849,0.9182,1774035199612
bybit,gate,ESUSDT,0.13723,0.13849,0.9182,1774035199912
bybit,gate,ESUSDT,0.13723,0.13849,0.9182,1774035200212
bybit,gate,ESUSDT,0.13723,0.13849,0.9182,1774035200512
bybit,gate,ESUSDT,0.13723,0.13849,0.9182,1774035200813
bybit,gate,ESUSDT,0.13723,0.13849,0.9182,1774035201113
bybit,gate,ESUSDT,0.13723,0.13849,0.9182,1774035201414
bybit,gate,ESUSDT,0.13723,0.13849,0.9182,1774035201714
bybit,gate,ESUSDT,0.13723,0.13849,0.9182,1774035202014
bybit,gate,ESUSDT,0.13723,0.13849,0.9182,1774035202314
bybit,gate,ESUSDT,0.13723,0.13849,0.9182,1774035202615
bybit,gate,ESUSDT,0.13723,0.13849,0.9182,1774035202915
bybit,gate,ESUSDT,0.13723,0.13849,0.9182,1774035203222
bybit,gate,ESUSDT,0.13723,0.13849,0.9182,1774035203522
bybit,gate,ESUSDT,0.13723,0.13849,0.9182,1774035203823
bybit,gate,ESUSDT,0.13723,0.13849,0.9182,1774035204123
bybit,gate,ESUSDT,0.13723,0.13849,0.9182,1774035204423
bybit,gate,ESUSDT,0.13723,0.13849,0.9182,1774035204723
bybit,gate,ESUSDT,0.13723,0.13849,0.9182,1774035205024
bybit,gate,ESUSDT,0.13723,0.13849,0.9182,1774035205324
bybit,gate,ESUSDT,0.13723,0.13849,0.9182,1774035205624
bybit,gate,ESUSDT,0.13723,0.13849,0.9182,1774035205924
bybit,gate,ESUSDT,0.13723,0.13849,0.9182,1774035206224
bybit,gate,ESUSDT,0.13723,0.13849,0.9182,1774035206525
bybit,gate,ESUSDT,0.13723,0.13849,0.9182,1774035206826
bybit,gate,ESUSDT,0.13723,0.13849,0.9182,1774035207126
bybit,gate,ESUSDT,0.13723,0.13849,0.9182,1774035207426
bybit,gate,ESUSDT,0.13723,0.13849,0.9182,1774035207726
bybit,gate,ESUSDT,0.13723,0.13849,0.9182,1774035208026
bybit,gate,ESUSDT,0.13723,0.13849,0.9182,1774035208327
bybit,gate,ESUSDT,0.13723,0.13849,0.9182,1774035208627
bybit,gate,ESUSDT,0.13723,0.13849,0.9182,1774035208928
bybit,gate,ESUSDT,0.13723,0.13849,0.9182,1774035209228
bybit,gate,ESUSDT,0.13723,0.13849,0.9182,1774035209528
bybit,gate,ESUSDT,0.13723,0.13849,0.9182,1774035209829
bybit,gate,ESUSDT,0.13723,0.13849,0.9182,1774035210129
bybit,gate,ESUSDT,0.13723,0.13849,0.9182,1774035210429
bybit,gate,ESUSDT,0.13723,0.13849,0.9182,1774035210729
bybit,gate,ESUSDT,0.13723,0.13849,0.9182,1774035211029
bybit,gate,ESUSDT,0.13723,0.13849,0.9182,1774035211330
bybit,gate,ESUSDT,0.13723,0.13849,0.9182,1774035211630
bybit,gate,ESUSDT,0.13723,0.13849,0.9182,1774035211930
bybit,gate,ESUSDT,0.13723,0.13849,0.9182,1774035212231
bybit,gate,ESUSDT,0.13723,0.13849,0.9182,1774035212531
bybit,gate,ESUSDT,0.13723,0.13849,0.9182,1774035212833
bybit,gate,ESUSDT,0.13723,0.13849,0.9182,1774035213133
bybit,gate,ESUSDT,0.13723,0.13849,0.9182,1774035213434
bybit,gate,ESUSDT,0.13723,0.13849,0.9182,1774035213734
bybit,gate,ESUSDT,0.13723,0.13849,0.9182,1774035214034
bybit,gate,ESUSDT,0.13723,0.13849,0.9182,1774035214334
bybit,gate,ESUSDT,0.13723,0.13849,0.9182,1774035214634
bybit,gate,ESUSDT,0.13723,0.13849,0.9182,1774035214935
bybit,gate,ESUSDT,0.13723,0.13849,0.9182,1774035215235
bybit,gate,ESUSDT,0.13723,0.13849,0.9182,1774035215536
bybit,gate,ESUSDT,0.13723,0.13849,0.9182,1774035215836
bybit,gate,ESUSDT,0.13723,0.13849,0.9182,1774035216136
bybit,gate,ESUSDT,0.13723,0.13849,0.9182,1774035216436
bybit,gate,ESUSDT,0.13723,0.13849,0.9182,1774035216737
bybit,gate,ESUSDT,0.13723,0.13849,0.9182,1774035217044
bybit,gate,ESUSDT,0.13723,0.13849,0.9182,1774035217345
bybit,gate,ESUSDT,0.13723,0.13849,0.9182,1774035217645
bybit,gate,ESUSDT,0.13723,0.13849,0.9182,1774035217946
bybit,gate,ESUSDT,0.13723,0.13849,0.9182,1774035218247
bybit,gate,ESUSDT,0.13723,0.13849,0.9182,1774035218547
bybit,gate,ESUSDT,0.13723,0.13849,0.9182,1774035218847
bybit,gate,ESUSDT,0.13723,0.13849,0.9182,1774035219148
bybit,gate,ESUSDT,0.13723,0.13849,0.9182,1774035219448
bybit,gate,ESUSDT,0.13723,0.13849,0.9182,1774035219748
bybit,gate,ESUSDT,0.13723,0.13849,0.9182,1774035220048
bybit,gate,ESUSDT,0.13723,0.13849,0.9182,1774035220348
bybit,gate,ESUSDT,0.13723,0.13849,0.9182,1774035220649
bybit,gate,ESUSDT,0.13723,0.13849,0.9182,1774035220950
bybit,gate,ESUSDT,0.13723,0.13849,0.9182,1774035221250
bybit,gate,ESUSDT,0.13723,0.13849,0.9182,1774035221550
bybit,gate,ESUSDT,0.13723,0.13849,0.9182,1774035221851
bybit,gate,ESUSDT,0.13723,0.13849,0.9182,1774035222152
bybit,gate,ESUSDT,0.13723,0.13849,0.9182,1774035222452
bybit,gate,ESUSDT,0.13723,0.13849,0.9182,1774035222752
bybit,gate,ESUSDT,0.13723,0.13849,0.9182,1774035223052
bybit,gate,ESUSDT,0.13723,0.13849,0.9182,1774035223352
bybit,gate,ESUSDT,0.13723,0.13849,0.9182,1774035223652
bybit,gate,ESUSDT,0.13723,0.13849,0.9182,1774035223953
bybit,gate,ESUSDT,0.13723,0.13849,0.9182,1774035224253
bybit,gate,ESUSDT,0.13723,0.13849,0.9182,1774035224553
bybit,gate,ESUSDT,0.13723,0.13849,0.9182,1774035224854
bybit,gate,ESUSDT,0.13723,0.13849,0.9182,1774035225154
bybit,gate,ESUSDT,0.13723,0.13849,0.9182,1774035225454
bybit,gate,ESUSDT,0.13723,0.13849,0.9182,1774035225754
bybit,gate,ESUSDT,0.13723,0.13849,0.9182,1774035226054
bybit,gate,ESUSDT,0.13723,0.13849,0.9182,1774035226355
bybit,gate,ESUSDT,0.13723,0.13849,0.9182,1774035226655
bybit,gate,ESUSDT,0.13723,0.13849,0.9182,1774035226955
bybit,gate,ESUSDT,0.13723,0.13849,0.9182,1774035227255
bybit,gate,ESUSDT,0.13723,0.13849,0.9182,1774035227555
bybit,gate,ESUSDT,0.13723,0.13849,0.9182,1774035227856
bybit,gate,ESUSDT,0.13723,0.13849,0.9182,1774035228156
bybit,gate,ESUSDT,0.13723,0.13849,0.9182,1774035228457
bybit,gate,ESUSDT,0.13723,0.13849,0.9182,1774035228757
bybit,gate,ESUSDT,0.13723,0.13849,0.9182,1774035229057
bybit,gate,ESUSDT,0.13723,0.13849,0.9182,1774035229358
bybit,gate,ESUSDT,0.13723,0.13849,0.9182,1774035229658
bybit,gate,ESUSDT,0.13723,0.13849,0.9182,1774035229958
bybit,gate,ESUSDT,0.13723,0.13849,0.9182,1774035230259
bybit,gate,ESUSDT,0.13723,0.13849,0.9182,1774035230559
bybit,gate,ESUSDT,0.13723,0.13849,0.9182,1774035230861
bybit,gate,ESUSDT,0.13723,0.13849,0.9182,1774035231161
bybit,gate,ESUSDT,0.13723,0.13849,0.9182,1774035231462
bybit,gate,ESUSDT,0.13723,0.13849,0.9182,1774035231762
bybit,gate,ESUSDT,0.13723,0.13849,0.9182,1774035232062
bybit,gate,ESUSDT,0.13723,0.13849,0.9182,1774035232362
bybit,gate,ESUSDT,0.13723,0.13849,0.9182,1774035232662
bybit,gate,ESUSDT,0.13723,0.13849,0.9182,1774035232962
bybit,gate,ESUSDT,0.13723,0.13849,0.9182,1774035233263
bybit,gate,ESUSDT,0.13714,0.13847,0.9698,1774035233563
bybit,gate,ESUSDT,0.13714,0.13847,0.9698,1774035233863
bybit,gate,ESUSDT,0.13714,0.13847,0.9698,1774035234164
bybit,gate,ESUSDT,0.13714,0.13847,0.9698,1774035234464
bybit,gate,ESUSDT,0.13714,0.13847,0.9698,1774035234765
bybit,gate,ESUSDT,0.13714,0.13847,0.9698,1774035235065
bybit,gate,ESUSDT,0.13714,0.13847,0.9698,1774035235366
bybit,gate,ESUSDT,0.13714,0.13847,0.9698,1774035235666
bybit,gate,ESUSDT,0.13714,0.13847,0.9698,1774035235967
bybit,gate,ESUSDT,0.13714,0.13847,0.9698,1774035236267
bybit,gate,ESUSDT,0.13714,0.13847,0.9698,1774035236567
bybit,gate,ESUSDT,0.13714,0.13847,0.9698,1774035236867
bybit,gate,ESUSDT,0.13714,0.13847,0.9698,1774035237168
bybit,gate,ESUSDT,0.13714,0.13847,0.9698,1774035237468
bybit,gate,ESUSDT,0.13714,0.13847,0.9698,1774035237769
bybit,gate,ESUSDT,0.13714,0.13847,0.9698,1774035238069
bybit,gate,ESUSDT,0.13714,0.13847,0.9698,1774035238370
bybit,gate,ESUSDT,0.13714,0.13847,0.9698,1774035238670
bybit,gate,ESUSDT,0.13714,0.13847,0.9698,1774035238971
bybit,gate,ESUSDT,0.13714,0.13847,0.9698,1774035239271
bybit,gate,ESUSDT,0.13714,0.13847,0.9698,1774035239571
bybit,gate,ESUSDT,0.13714,0.13847,0.9698,1774035239872
bybit,gate,ESUSDT,0.13714,0.13847,0.9698,1774035240172
bybit,gate,ESUSDT,0.13714,0.13847,0.9698,1774035240472
bybit,gate,ESUSDT,0.13714,0.13847,0.9698,1774035240773
bybit,gate,ESUSDT,0.13714,0.13847,0.9698,1774035241074
bybit,gate,ESUSDT,0.13714,0.13847,0.9698,1774035241374
bybit,gate,ESUSDT,0.13714,0.13847,0.9698,1774035241674
bybit,gate,ESUSDT,0.13714,0.13847,0.9698,1774035241974
bybit,gate,ESUSDT,0.13714,0.13847,0.9698,1774035242275
bybit,gate,ESUSDT,0.13714,0.13847,0.9698,1774035242575
bybit,gate,ESUSDT,0.13714,0.13847,0.9698,1774035242875
bybit,gate,ESUSDT,0.13714,0.13847,0.9698,1774035243176
bybit,gate,ESUSDT,0.13714,0.13847,0.9698,1774035243476
bybit,gate,ESUSDT,0.13714,0.13847,0.9698,1774035243776
bybit,gate,ESUSDT,0.13714,0.13847,0.9698,1774035244076
bybit,gate,ESUSDT,0.13714,0.13847,0.9698,1774035244377
bybit,gate,ESUSDT,0.13714,0.13847,0.9698,1774035244677
bybit,gate,ESUSDT,0.13714,0.13847,0.9698,1774035244977
bybit,gate,ESUSDT,0.13714,0.13847,0.9698,1774035245277
bybit,gate,ESUSDT,0.13714,0.13847,0.9698,1774035245578
bybit,gate,ESUSDT,0.13714,0.13847,0.9698,1774035245878
bybit,gate,ESUSDT,0.13714,0.13847,0.9698,1774035246178
bybit,gate,ESUSDT,0.13714,0.13847,0.9698,1774035246478
bybit,gate,ESUSDT,0.13714,0.13847,0.9698,1774035246779
bybit,gate,ESUSDT,0.13714,0.13847,0.9698,1774035247079
bybit,gate,ESUSDT,0.13714,0.13847,0.9698,1774035247379
bybit,gate,ESUSDT,0.13714,0.13847,0.9698,1774035247679
bybit,gate,ESUSDT,0.13714,0.13847,0.9698,1774035247979
bybit,gate,ESUSDT,0.13714,0.13847,0.9698,1774035248280
bybit,gate,ESUSDT,0.13714,0.13847,0.9698,1774035248580
bybit,gate,ESUSDT,0.13714,0.13847,0.9698,1774035248880
bybit,gate,ESUSDT,0.13714,0.13847,0.9698,1774035249180
bybit,gate,ESUSDT,0.13714,0.13847,0.9698,1774035249481
bybit,gate,ESUSDT,0.13714,0.13847,0.9698,1774035249781
bybit,gate,ESUSDT,0.13714,0.13847,0.9698,1774035250082
bybit,gate,ESUSDT,0.13714,0.13847,0.9698,1774035250382
bybit,gate,ESUSDT,0.13714,0.13847,0.9698,1774035250682
bybit,gate,ESUSDT,0.13714,0.13847,0.9698,1774035250983
bybit,gate,ESUSDT,0.13714,0.13847,0.9698,1774035251283
bybit,gate,ESUSDT,0.13714,0.13847,0.9698,1774035251583
bybit,gate,ESUSDT,0.13714,0.13847,0.9698,1774035251884
bybit,gate,ESUSDT,0.13714,0.13847,0.9698,1774035252184
bybit,gate,ESUSDT,0.13714,0.13847,0.9698,1774035252485
bybit,gate,ESUSDT,0.13714,0.13847,0.9698,1774035252785
bybit,gate,ESUSDT,0.13714,0.13847,0.9698,1774035253086
bybit,gate,ESUSDT,0.13714,0.13847,0.9698,1774035253386
bybit,gate,ESUSDT,0.13714,0.13847,0.9698,1774035253686
bybit,gate,ESUSDT,0.13714,0.13847,0.9698,1774035253986
bybit,gate,ESUSDT,0.13714,0.13847,0.9698,1774035254286
bybit,gate,ESUSDT,0.13714,0.13847,0.9698,1774035254587
bybit,gate,ESUSDT,0.13714,0.13847,0.9698,1774035254887
bybit,gate,ESUSDT,0.13714,0.13847,0.9698,1774035255188
bybit,gate,ESUSDT,0.13714,0.13847,0.9698,1774035255488
bybit,gate,ESUSDT,0.13714,0.13847,0.9698,1774035255788
bybit,gate,ESUSDT,0.13714,0.13847,0.9698,1774035256089
bybit,gate,ESUSDT,0.13714,0.13849,0.9844,1774035256389
bybit,gate,ESUSDT,0.13714,0.13849,0.9844,1774035256689
bybit,gate,ESUSDT,0.13714,0.13849,0.9844,1774035256989
bybit,gate,ESUSDT,0.13714,0.13849,0.9844,1774035257289
bybit,gate,ESUSDT,0.13714,0.13849,0.9844,1774035257590
bybit,gate,ESUSDT,0.13714,0.13849,0.9844,1774035257890
bybit,gate,ESUSDT,0.13714,0.13849,0.9844,1774035258190
bybit,gate,ESUSDT,0.13714,0.13849,0.9844,1774035258490
bybit,gate,ESUSDT,0.13714,0.13849,0.9844,1774035258791
bybit,gate,ESUSDT,0.13714,0.13849,0.9844,1774035259091
bybit,gate,ESUSDT,0.13714,0.13849,0.9844,1774035259392
bybit,gate,ESUSDT,0.13714,0.13849,0.9844,1774035259692
bybit,gate,ESUSDT,0.13714,0.13849,0.9844,1774035259992
bybit,gate,ESUSDT,0.13714,0.13849,0.9844,1774035260293
bybit,gate,ESUSDT,0.13714,0.1385,0.9917,1774035260593
bybit,gate,ESUSDT,0.13714,0.1385,0.9917,1774035260893
bybit,gate,ESUSDT,0.13714,0.13851,0.999,1774035261193
bybit,gate,ESUSDT,0.13714,0.13851,0.999,1774035261493
bybit,gate,ESUSDT,0.13714,0.13851,0.999,1774035261794
bybit,gate,ESUSDT,0.13714,0.13848,0.9771,1774035262094
bybit,gate,ESUSDT,0.13714,0.1385,0.9917,1774035262394
bybit,gate,ESUSDT,0.13714,0.13852,1.0063,1774035262695
bybit,gate,ESUSDT,0.13714,0.13851,0.999,1774035262995
bybit,gate,ESUSDT,0.13714,0.1385,0.9917,1774035263295
bybit,gate,ESUSDT,0.13714,0.1385,0.9917,1774035263595
bybit,gate,ESUSDT,0.13714,0.1385,0.9917,1774035263895
bybit,gate,ESUSDT,0.13714,0.13837,0.8969,1774035264196
bybit,gate,ESUSDT,0.13714,0.13845,0.9552,1774035264496
bybit,gate,ESUSDT,0.13714,0.13845,0.9552,1774035264800
bybit,gate,ESUSDT,0.13714,0.13845,0.9552,1774035265100
bybit,gate,ESUSDT,0.13714,0.13845,0.9552,1774035265400
bybit,gate,ESUSDT,0.13714,0.13845,0.9552,1774035265701
bybit,gate,ESUSDT,0.13714,0.13845,0.9552,1774035266001
bybit,gate,ESUSDT,0.13714,0.13845,0.9552,1774035266301
bybit,gate,ESUSDT,0.13714,0.13845,0.9552,1774035266601
bybit,gate,ESUSDT,0.13714,0.13845,0.9552,1774035266902
bybit,gate,ESUSDT,0.13714,0.13845,0.9552,1774035267202
bybit,gate,ESUSDT,0.13714,0.13845,0.9552,1774035267502
bybit,gate,ESUSDT,0.13714,0.13845,0.9552,1774035267802
bybit,gate,ESUSDT,0.13714,0.13845,0.9552,1774035268103
bybit,gate,ESUSDT,0.13714,0.13845,0.9552,1774035268403
bybit,gate,ESUSDT,0.13714,0.13845,0.9552,1774035268703
bybit,gate,ESUSDT,0.13714,0.13845,0.9552,1774035269004
bybit,gate,ESUSDT,0.13714,0.13845,0.9552,1774035269304
bybit,gate,ESUSDT,0.13714,0.13845,0.9552,1774035269604
bybit,gate,ESUSDT,0.13714,0.13845,0.9552,1774035269904
bybit,gate,ESUSDT,0.13714,0.13845,0.9552,1774035270205
bybit,gate,ESUSDT,0.13714,0.13845,0.9552,1774035270509
bybit,gate,ESUSDT,0.13714,0.13845,0.9552,1774035270809
bybit,gate,ESUSDT,0.13714,0.13845,0.9552,1774035271109
bybit,gate,ESUSDT,0.13714,0.13845,0.9552,1774035271409
bybit,gate,ESUSDT,0.13714,0.13845,0.9552,1774035271709
bybit,gate,ESUSDT,0.13714,0.13845,0.9552,1774035272010
bybit,gate,ESUSDT,0.13714,0.13845,0.9552,1774035272310
bybit,gate,ESUSDT,0.13714,0.13845,0.9552,1774035272611
bybit,gate,ESUSDT,0.13714,0.13845,0.9552,1774035272911
bybit,gate,ESUSDT,0.13714,0.13845,0.9552,1774035273211
bybit,gate,ESUSDT,0.13714,0.13845,0.9552,1774035273511
bybit,gate,ESUSDT,0.13714,0.13845,0.9552,1774035273811
bybit,gate,ESUSDT,0.13714,0.13845,0.9552,1774035274111
bybit,gate,ESUSDT,0.13714,0.13845,0.9552,1774035274411
bybit,gate,ESUSDT,0.13714,0.13845,0.9552,1774035274712
bybit,gate,ESUSDT,0.13714,0.13845,0.9552,1774035275012
bybit,gate,ESUSDT,0.13714,0.13845,0.9552,1774035275312
bybit,gate,ESUSDT,0.13714,0.13845,0.9552,1774035275612
bybit,gate,ESUSDT,0.13714,0.13845,0.9552,1774035275913
bybit,gate,ESUSDT,0.13714,0.13845,0.9552,1774035276213
bybit,gate,ESUSDT,0.13714,0.13845,0.9552,1774035276513
bybit,gate,ESUSDT,0.13714,0.13845,0.9552,1774035276813
bybit,gate,ESUSDT,0.13714,0.13845,0.9552,1774035277114
bybit,gate,ESUSDT,0.13714,0.13845,0.9552,1774035277414
bybit,gate,ESUSDT,0.13714,0.13845,0.9552,1774035277714
bybit,gate,ESUSDT,0.13714,0.13845,0.9552,1774035278014
bybit,gate,ESUSDT,0.13714,0.13845,0.9552,1774035278314
bybit,gate,ESUSDT,0.13714,0.13845,0.9552,1774035278614
bybit,gate,ESUSDT,0.13714,0.13845,0.9552,1774035278915
bybit,gate,ESUSDT,0.13714,0.13845,0.9552,1774035279215
bybit,gate,ESUSDT,0.13714,0.13845,0.9552,1774035279515
bybit,gate,ESUSDT,0.13714,0.13845,0.9552,1774035279815
bybit,gate,ESUSDT,0.13714,0.13845,0.9552,1774035280116
bybit,gate,ESUSDT,0.13714,0.13845,0.9552,1774035280416
bybit,gate,ESUSDT,0.13714,0.13845,0.9552,1774035280716
bybit,gate,ESUSDT,0.13714,0.13845,0.9552,1774035281016
bybit,gate,ESUSDT,0.13714,0.13845,0.9552,1774035281316
bybit,gate,ESUSDT,0.13714,0.13845,0.9552,1774035281624
bybit,gate,ESUSDT,0.13714,0.13845,0.9552,1774035281924
bybit,gate,ESUSDT,0.13714,0.13845,0.9552,1774035282225
bybit,gate,ESUSDT,0.13714,0.13845,0.9552,1774035282525
bybit,gate,ESUSDT,0.13714,0.13845,0.9552,1774035282825
bybit,gate,ESUSDT,0.13714,0.13845,0.9552,1774035283126
bybit,gate,ESUSDT,0.13714,0.13845,0.9552,1774035283426
bybit,gate,ESUSDT,0.13714,0.13845,0.9552,1774035283726
bybit,gate,ESUSDT,0.13714,0.13845,0.9552,1774035284026
bybit,gate,ESUSDT,0.13714,0.13845,0.9552,1774035284327
bybit,gate,ESUSDT,0.13714,0.13845,0.9552,1774035284627
bybit,gate,ESUSDT,0.13714,0.13845,0.9552,1774035284927
bybit,gate,ESUSDT,0.13714,0.13845,0.9552,1774035285227
bybit,gate,ESUSDT,0.13714,0.13845,0.9552,1774035285528
bybit,gate,ESUSDT,0.13714,0.13845,0.9552,1774035285828
bybit,gate,ESUSDT,0.13714,0.13845,0.9552,1774035286128
bybit,gate,ESUSDT,0.13714,0.13845,0.9552,1774035286428
bybit,gate,ESUSDT,0.13714,0.13845,0.9552,1774035286729
bybit,gate,ESUSDT,0.13714,0.13845,0.9552,1774035287029
bybit,gate,ESUSDT,0.13714,0.13845,0.9552,1774035287329
bybit,gate,ESUSDT,0.13714,0.13845,0.9552,1774035287630
bybit,gate,ESUSDT,0.13714,0.13845,0.9552,1774035287930
bybit,gate,ESUSDT,0.13714,0.13845,0.9552,1774035288230
bybit,gate,ESUSDT,0.13714,0.13845,0.9552,1774035288531
bybit,gate,ESUSDT,0.13714,0.13845,0.9552,1774035288831
bybit,gate,ESUSDT,0.13714,0.13845,0.9552,1774035289131
bybit,gate,ESUSDT,0.13714,0.13845,0.9552,1774035289431
bybit,gate,ESUSDT,0.13714,0.13845,0.9552,1774035289732
bybit,gate,ESUSDT,0.13714,0.13845,0.9552,1774035290032
bybit,gate,ESUSDT,0.13714,0.13845,0.9552,1774035290333
bybit,gate,ESUSDT,0.13714,0.13845,0.9552,1774035290633
bybit,gate,ESUSDT,0.13714,0.13845,0.9552,1774035290934
bybit,gate,ESUSDT,0.13714,0.13845,0.9552,1774035291234
bybit,gate,ESUSDT,0.13714,0.13845,0.9552,1774035291534
bybit,gate,ESUSDT,0.13714,0.13845,0.9552,1774035291835
bybit,gate,ESUSDT,0.13714,0.13845,0.9552,1774035292135
bybit,gate,ESUSDT,0.13714,0.13845,0.9552,1774035292435
bybit,gate,ESUSDT,0.13714,0.13845,0.9552,1774035292736
bybit,gate,ESUSDT,0.13714,0.13845,0.9552,1774035293036
bybit,gate,ESUSDT,0.13714,0.13845,0.9552,1774035293336
bybit,gate,ESUSDT,0.13714,0.13845,0.9552,1774035293636
bybit,gate,ESUSDT,0.13714,0.13845,0.9552,1774035293937
bybit,gate,ESUSDT,0.13714,0.13845,0.9552,1774035294237
bybit,gate,ESUSDT,0.13714,0.13845,0.9552,1774035294538
bybit,gate,ESUSDT,0.13714,0.13845,0.9552,1774035294838
bybit,gate,ESUSDT,0.13714,0.13845,0.9552,1774035295138
bybit,gate,ESUSDT,0.13714,0.13845,0.9552,1774035295439
bybit,gate,ESUSDT,0.13714,0.13845,0.9552,1774035295739
bybit,gate,ESUSDT,0.13714,0.13845,0.9552,1774035296039
bybit,gate,ESUSDT,0.13714,0.13845,0.9552,1774035296339
bybit,gate,ESUSDT,0.13714,0.13845,0.9552,1774035296639
bybit,gate,ESUSDT,0.13714,0.13845,0.9552,1774035296940
bybit,gate,ESUSDT,0.13714,0.13845,0.9552,1774035297240
bybit,gate,ESUSDT,0.13714,0.13845,0.9552,1774035297540
bybit,gate,ESUSDT,0.13714,0.13837,0.8969,1774035297840
bybit,gate,ESUSDT,0.13714,0.13838,0.9042,1774035298141
bybit,gate,ESUSDT,0.13714,0.13838,0.9042,1774035298441
bybit,gate,ESUSDT,0.13714,0.13838,0.9042,1774035298742
bybit,gate,ESUSDT,0.13714,0.13838,0.9042,1774035299042
bybit,gate,ESUSDT,0.13714,0.13838,0.9042,1774035299342
bybit,gate,ESUSDT,0.13714,0.13838,0.9042,1774035299643
bybit,gate,ESUSDT,0.13714,0.13838,0.9042,1774035299943
bybit,gate,ESUSDT,0.13714,0.13838,0.9042,1774035300244
bybit,gate,ESUSDT,0.13714,0.13838,0.9042,1774035300544
bybit,gate,ESUSDT,0.13714,0.13838,0.9042,1774035300844
bybit,gate,ESUSDT,0.13714,0.13838,0.9042,1774035301145
bybit,gate,ESUSDT,0.13714,0.13838,0.9042,1774035301445
bybit,gate,ESUSDT,0.13714,0.13838,0.9042,1774035301747
bybit,gate,ESUSDT,0.13714,0.13838,0.9042,1774035302047
bybit,gate,ESUSDT,0.13714,0.13838,0.9042,1774035302348
bybit,gate,ESUSDT,0.13714,0.13838,0.9042,1774035302648
bybit,gate,ESUSDT,0.13714,0.13838,0.9042,1774035302948
bybit,gate,ESUSDT,0.13714,0.13838,0.9042,1774035303248
bybit,gate,ESUSDT,0.13714,0.13838,0.9042,1774035303548
bybit,gate,ESUSDT,0.13714,0.13838,0.9042,1774035303849
bybit,gate,ESUSDT,0.13714,0.13838,0.9042,1774035304149
bybit,gate,ESUSDT,0.13714,0.13838,0.9042,1774035304450
bybit,gate,ESUSDT,0.13714,0.13838,0.9042,1774035304750
bybit,gate,ESUSDT,0.13714,0.13838,0.9042,1774035305050
bybit,gate,ESUSDT,0.13714,0.13838,0.9042,1774035305350
bybit,gate,ESUSDT,0.13714,0.13838,0.9042,1774035305650
bybit,gate,ESUSDT,0.13714,0.13838,0.9042,1774035305950
bybit,gate,ESUSDT,0.13714,0.13838,0.9042,1774035306251
bybit,gate,ESUSDT,0.13714,0.13838,0.9042,1774035306551
bybit,gate,ESUSDT,0.13714,0.13838,0.9042,1774035306851
bybit,gate,ESUSDT,0.13714,0.13838,0.9042,1774035307151
bybit,gate,ESUSDT,0.13714,0.13838,0.9042,1774035307451
bybit,gate,ESUSDT,0.13714,0.13838,0.9042,1774035307752
bybit,gate,ESUSDT,0.13714,0.13838,0.9042,1774035308052
bybit,gate,ESUSDT,0.13714,0.13838,0.9042,1774035308352
bybit,gate,ESUSDT,0.13714,0.13838,0.9042,1774035308652
bybit,gate,ESUSDT,0.13714,0.13838,0.9042,1774035308953
bybit,gate,ESUSDT,0.13714,0.13838,0.9042,1774035309253
bybit,gate,ESUSDT,0.13714,0.13838,0.9042,1774035309553
bybit,gate,ESUSDT,0.13714,0.13838,0.9042,1774035309854
bybit,gate,ESUSDT,0.13714,0.13838,0.9042,1774035310154
bybit,gate,ESUSDT,0.13714,0.13838,0.9042,1774035310454
bybit,gate,ESUSDT,0.13714,0.13838,0.9042,1774035310754
bybit,gate,ESUSDT,0.13714,0.13838,0.9042,1774035311055
bybit,gate,ESUSDT,0.13714,0.13838,0.9042,1774035311355
bybit,gate,ESUSDT,0.13714,0.13838,0.9042,1774035311656
bybit,gate,ESUSDT,0.13714,0.13838,0.9042,1774035311956
bybit,gate,ESUSDT,0.13714,0.13838,0.9042,1774035312256
bybit,gate,ESUSDT,0.13714,0.13838,0.9042,1774035312557
bybit,gate,ESUSDT,0.13714,0.13838,0.9042,1774035312857
bybit,gate,ESUSDT,0.13714,0.13838,0.9042,1774035313157
bybit,gate,ESUSDT,0.13714,0.13838,0.9042,1774035313457
bybit,gate,ESUSDT,0.13714,0.13838,0.9042,1774035313757
bybit,gate,ESUSDT,0.13714,0.13838,0.9042,1774035314058
bybit,gate,ESUSDT,0.13714,0.13838,0.9042,1774035314358
bybit,gate,ESUSDT,0.13714,0.13838,0.9042,1774035314658
bybit,gate,ESUSDT,0.13714,0.13838,0.9042,1774035314958
bybit,gate,ESUSDT,0.13714,0.13838,0.9042,1774035315259
bybit,gate,ESUSDT,0.13714,0.13838,0.9042,1774035315559
bybit,gate,ESUSDT,0.13714,0.13838,0.9042,1774035315859
bybit,gate,ESUSDT,0.13714,0.13838,0.9042,1774035316159
bybit,gate,ESUSDT,0.13714,0.13838,0.9042,1774035316459
bybit,gate,ESUSDT,0.13714,0.13838,0.9042,1774035316760
bybit,gate,ESUSDT,0.13714,0.13838,0.9042,1774035317060
bybit,gate,ESUSDT,0.13714,0.13838,0.9042,1774035317360
bybit,gate,ESUSDT,0.13714,0.13838,0.9042,1774035317660
bybit,gate,ESUSDT,0.13714,0.13838,0.9042,1774035317963
bybit,gate,ESUSDT,0.13714,0.13838,0.9042,1774035318263
bybit,gate,ESUSDT,0.13714,0.13838,0.9042,1774035318564
bybit,gate,ESUSDT,0.13714,0.13838,0.9042,1774035318864
bybit,gate,ESUSDT,0.13714,0.13838,0.9042,1774035319165
bybit,gate,ESUSDT,0.13714,0.13838,0.9042,1774035319465
bybit,gate,ESUSDT,0.13714,0.13838,0.9042,1774035319765
bybit,gate,ESUSDT,0.13714,0.13838,0.9042,1774035320065
bybit,gate,ESUSDT,0.13714,0.13838,0.9042,1774035320366
bybit,gate,ESUSDT,0.13714,0.13838,0.9042,1774035320666
bybit,gate,ESUSDT,0.13714,0.13838,0.9042,1774035320966
bybit,gate,ESUSDT,0.13714,0.13838,0.9042,1774035321267
bybit,gate,ESUSDT,0.13714,0.13838,0.9042,1774035321568
bybit,gate,ESUSDT,0.13714,0.13838,0.9042,1774035321868
bybit,gate,ESUSDT,0.13714,0.13838,0.9042,1774035322168
bybit,gate,ESUSDT,0.13714,0.13838,0.9042,1774035322468
bybit,gate,ESUSDT,0.13714,0.13838,0.9042,1774035322768
bybit,gate,ESUSDT,0.13714,0.13838,0.9042,1774035323070
bybit,gate,ESUSDT,0.13714,0.13838,0.9042,1774035323370
bybit,gate,ESUSDT,0.13714,0.13838,0.9042,1774035323670
bybit,gate,ESUSDT,0.13714,0.13838,0.9042,1774035323970
bybit,gate,ESUSDT,0.13714,0.13838,0.9042,1774035324271
bybit,gate,ESUSDT,0.13714,0.13838,0.9042,1774035324571
bybit,gate,ESUSDT,0.13714,0.13838,0.9042,1774035324871
bybit,gate,ESUSDT,0.13714,0.13838,0.9042,1774035325171
bybit,gate,ESUSDT,0.13714,0.13838,0.9042,1774035325471
bybit,gate,ESUSDT,0.13714,0.13838,0.9042,1774035325772
bybit,gate,ESUSDT,0.13714,0.13838,0.9042,1774035326072
bybit,gate,ESUSDT,0.13714,0.13838,0.9042,1774035326372
bybit,gate,ESUSDT,0.13714,0.13838,0.9042,1774035326673
bybit,gate,ESUSDT,0.13714,0.13838,0.9042,1774035326973
bybit,gate,ESUSDT,0.13714,0.13838,0.9042,1774035327273
bybit,gate,ESUSDT,0.13714,0.13838,0.9042,1774035327573
bybit,gate,ESUSDT,0.13714,0.13838,0.9042,1774035327874
bybit,gate,ESUSDT,0.13714,0.13838,0.9042,1774035328174
bybit,gate,ESUSDT,0.13714,0.13838,0.9042,1774035328474
bybit,gate,ESUSDT,0.13714,0.13838,0.9042,1774035328775
bybit,gate,ESUSDT,0.13714,0.13838,0.9042,1774035329075
bybit,gate,ESUSDT,0.13714,0.13838,0.9042,1774035329375
bybit,gate,ESUSDT,0.13714,0.13838,0.9042,1774035329676
bybit,gate,ESUSDT,0.13714,0.13838,0.9042,1774035329976
bybit,gate,ESUSDT,0.13714,0.13838,0.9042,1774035330276
bybit,gate,ESUSDT,0.13714,0.13838,0.9042,1774035330576
bybit,gate,ESUSDT,0.13714,0.13838,0.9042,1774035330877
bybit,gate,ESUSDT,0.13714,0.13838,0.9042,1774035331177
bybit,gate,ESUSDT,0.13714,0.13838,0.9042,1774035331478
bybit,gate,ESUSDT,0.13714,0.13838,0.9042,1774035331778
bybit,gate,ESUSDT,0.13714,0.13838,0.9042,1774035332086
bybit,gate,ESUSDT,0.13714,0.13838,0.9042,1774035332386
bybit,gate,ESUSDT,0.13714,0.13838,0.9042,1774035332686
bybit,gate,ESUSDT,0.13714,0.13838,0.9042,1774035332986
bybit,gate,ESUSDT,0.13714,0.13838,0.9042,1774035333287
bybit,gate,ESUSDT,0.13714,0.13838,0.9042,1774035333587
bybit,gate,ESUSDT,0.13714,0.13838,0.9042,1774035333887
bybit,gate,ESUSDT,0.13714,0.13838,0.9042,1774035334187
bybit,gate,ESUSDT,0.13714,0.13838,0.9042,1774035334487
bybit,gate,ESUSDT,0.13714,0.13838,0.9042,1774035334788
bybit,gate,ESUSDT,0.13714,0.13838,0.9042,1774035335088
bybit,gate,ESUSDT,0.13714,0.13838,0.9042,1774035335388
bybit,gate,ESUSDT,0.13714,0.13838,0.9042,1774035335689
bybit,gate,ESUSDT,0.13714,0.13838,0.9042,1774035335989
bybit,gate,ESUSDT,0.13714,0.13838,0.9042,1774035336289
bybit,gate,ESUSDT,0.13714,0.13838,0.9042,1774035336589
bybit,gate,ESUSDT,0.13714,0.13838,0.9042,1774035336890
bybit,gate,ESUSDT,0.13714,0.13838,0.9042,1774035337190
bybit,gate,ESUSDT,0.13714,0.13838,0.9042,1774035337490
bybit,gate,ESUSDT,0.13714,0.13838,0.9042,1774035337790
bybit,gate,ESUSDT,0.13714,0.13838,0.9042,1774035338090
bybit,gate,ESUSDT,0.13714,0.13838,0.9042,1774035338391
bybit,gate,ESUSDT,0.13714,0.13838,0.9042,1774035338691
bybit,gate,ESUSDT,0.13714,0.13838,0.9042,1774035338991
bybit,gate,ESUSDT,0.13714,0.13838,0.9042,1774035339291
bybit,gate,ESUSDT,0.13714,0.13838,0.9042,1774035339592
bybit,gate,ESUSDT,0.13714,0.13838,0.9042,1774035339892
bybit,gate,ESUSDT,0.13714,0.13838,0.9042,1774035340192
bybit,gate,ESUSDT,0.13714,0.13838,0.9042,1774035340492
bybit,gate,ESUSDT,0.13714,0.13838,0.9042,1774035340792
bybit,gate,ESUSDT,0.13714,0.13838,0.9042,1774035341092
bybit,gate,ESUSDT,0.13714,0.13838,0.9042,1774035341392
bybit,gate,ESUSDT,0.13714,0.13838,0.9042,1774035341693
bybit,gate,ESUSDT,0.13714,0.13838,0.9042,1774035341993
bybit,gate,ESUSDT,0.13714,0.13838,0.9042,1774035342293
bybit,gate,ESUSDT,0.13714,0.13838,0.9042,1774035342598
bybit,gate,ESUSDT,0.13714,0.13838,0.9042,1774035342898
bybit,gate,ESUSDT,0.13714,0.13838,0.9042,1774035343198
bybit,gate,ESUSDT,0.13714,0.13838,0.9042,1774035343498
bybit,gate,ESUSDT,0.13714,0.13838,0.9042,1774035343799
bybit,gate,ESUSDT,0.13714,0.13838,0.9042,1774035344099
bybit,gate,ESUSDT,0.13714,0.13838,0.9042,1774035344399
bybit,gate,ESUSDT,0.13714,0.13838,0.9042,1774035344699
bybit,gate,ESUSDT,0.13714,0.13838,0.9042,1774035345000
bybit,gate,ESUSDT,0.13714,0.13838,0.9042,1774035345300
bybit,gate,ESUSDT,0.13714,0.13838,0.9042,1774035345600
bybit,gate,ESUSDT,0.13714,0.13838,0.9042,1774035345900
bybit,gate,ESUSDT,0.13714,0.13838,0.9042,1774035346202
bybit,gate,ESUSDT,0.13714,0.13838,0.9042,1774035346502
bybit,gate,ESUSDT,0.13714,0.13838,0.9042,1774035346802
bybit,gate,ESUSDT,0.13714,0.13838,0.9042,1774035347102
bybit,gate,ESUSDT,0.13714,0.13838,0.9042,1774035347402
bybit,gate,ESUSDT,0.13714,0.13838,0.9042,1774035347703
bybit,gate,ESUSDT,0.13714,0.13838,0.9042,1774035348003
bybit,gate,ESUSDT,0.13714,0.13838,0.9042,1774035348303
bybit,gate,ESUSDT,0.13714,0.13838,0.9042,1774035348604
bybit,gate,ESUSDT,0.13714,0.13838,0.9042,1774035348904
bybit,gate,ESUSDT,0.13714,0.13838,0.9042,1774035349204
bybit,gate,ESUSDT,0.13714,0.13838,0.9042,1774035349504
bybit,gate,ESUSDT,0.13714,0.13838,0.9042,1774035349804
bybit,gate,ESUSDT,0.13714,0.13838,0.9042,1774035350104
bybit,gate,ESUSDT,0.13714,0.13838,0.9042,1774035350404
bybit,gate,ESUSDT,0.13714,0.13838,0.9042,1774035350705
bybit,gate,ESUSDT,0.13714,0.13838,0.9042,1774035351005
bybit,gate,ESUSDT,0.13714,0.13838,0.9042,1774035351306
bybit,gate,ESUSDT,0.13714,0.13838,0.9042,1774035351606
bybit,gate,ESUSDT,0.13714,0.13838,0.9042,1774035351906
bybit,gate,ESUSDT,0.13714,0.13838,0.9042,1774035352207
bybit,gate,ESUSDT,0.13714,0.13838,0.9042,1774035352507
bybit,gate,ESUSDT,0.13714,0.13838,0.9042,1774035352807
bybit,gate,ESUSDT,0.13714,0.13838,0.9042,1774035353108
bybit,gate,ESUSDT,0.13714,0.13838,0.9042,1774035353408
bybit,gate,ESUSDT,0.13714,0.13838,0.9042,1774035353708
bybit,gate,ESUSDT,0.13714,0.13838,0.9042,1774035354008
bybit,gate,ESUSDT,0.13714,0.13838,0.9042,1774035354308
bybit,gate,ESUSDT,0.13714,0.13838,0.9042,1774035354608
bybit,gate,ESUSDT,0.13714,0.13838,0.9042,1774035354909
bybit,gate,ESUSDT,0.13714,0.13838,0.9042,1774035355209
bybit,gate,ESUSDT,0.13714,0.13838,0.9042,1774035355509
bybit,gate,ESUSDT,0.13714,0.13838,0.9042,1774035355809
bybit,gate,ESUSDT,0.13714,0.13838,0.9042,1774035356110
bybit,gate,ESUSDT,0.13714,0.13838,0.9042,1774035356410
bybit,gate,ESUSDT,0.13714,0.13838,0.9042,1774035356710
bybit,gate,ESUSDT,0.13714,0.13838,0.9042,1774035357010
bybit,gate,ESUSDT,0.13714,0.13838,0.9042,1774035357311
bybit,gate,ESUSDT,0.13714,0.13838,0.9042,1774035357611
bybit,gate,ESUSDT,0.13714,0.13839,0.9115,1774035357912
bybit,gate,ESUSDT,0.13714,0.13838,0.9042,1774035358212
bybit,gate,ESUSDT,0.13714,0.13838,0.9042,1774035358512
bybit,gate,ESUSDT,0.13714,0.13838,0.9042,1774035358813
bybit,gate,ESUSDT,0.13714,0.13838,0.9042,1774035359113
bybit,gate,ESUSDT,0.13714,0.13838,0.9042,1774035359413
bybit,gate,ESUSDT,0.13714,0.13838,0.9042,1774035359713
bybit,gate,ESUSDT,0.13714,0.13838,0.9042,1774035360013
bybit,gate,ESUSDT,0.13714,0.13838,0.9042,1774035360314
bybit,gate,ESUSDT,0.13714,0.13838,0.9042,1774035360614
bybit,gate,ESUSDT,0.13714,0.13838,0.9042,1774035360915
bybit,gate,ESUSDT,0.13714,0.13838,0.9042,1774035361215
bybit,gate,ESUSDT,0.13714,0.13838,0.9042,1774035361516
bybit,gate,ESUSDT,0.13714,0.13838,0.9042,1774035361817
bybit,gate,ESUSDT,0.13714,0.13838,0.9042,1774035362117
bybit,gate,ESUSDT,0.13714,0.13838,0.9042,1774035362417
bybit,gate,ESUSDT,0.13714,0.13838,0.9042,1774035362717
bybit,gate,ESUSDT,0.13714,0.13838,0.9042,1774035363017
bybit,gate,ESUSDT,0.13714,0.13838,0.9042,1774035363318
bybit,gate,ESUSDT,0.13714,0.13838,0.9042,1774035363618
bybit,gate,ESUSDT,0.13714,0.13838,0.9042,1774035363918
bybit,gate,ESUSDT,0.13714,0.13838,0.9042,1774035364218
bybit,gate,ESUSDT,0.13714,0.13838,0.9042,1774035364519
bybit,gate,ESUSDT,0.13714,0.13838,0.9042,1774035364819
bybit,gate,ESUSDT,0.13714,0.13838,0.9042,1774035365119
bybit,gate,ESUSDT,0.13714,0.13838,0.9042,1774035365419
bybit,gate,ESUSDT,0.13714,0.13838,0.9042,1774035365720
bybit,gate,ESUSDT,0.13714,0.13838,0.9042,1774035366020
bybit,gate,ESUSDT,0.13714,0.13838,0.9042,1774035366320
bybit,gate,ESUSDT,0.13714,0.13838,0.9042,1774035366620
bybit,gate,ESUSDT,0.13714,0.13838,0.9042,1774035366921
bybit,gate,ESUSDT,0.13714,0.13838,0.9042,1774035367221
bybit,gate,ESUSDT,0.13714,0.13838,0.9042,1774035367521
bybit,gate,ESUSDT,0.13714,0.13838,0.9042,1774035367822
bybit,gate,ESUSDT,0.13714,0.13838,0.9042,1774035368122
bybit,gate,ESUSDT,0.13714,0.13838,0.9042,1774035368422
bybit,gate,ESUSDT,0.13714,0.13838,0.9042,1774035368723
bybit,gate,ESUSDT,0.13714,0.13838,0.9042,1774035369023
bybit,gate,ESUSDT,0.13714,0.13838,0.9042,1774035369323
bybit,gate,ESUSDT,0.13714,0.13838,0.9042,1774035369623
bybit,gate,ESUSDT,0.13714,0.13838,0.9042,1774035369924
bybit,gate,ESUSDT,0.13714,0.13838,0.9042,1774035370224
bybit,gate,ESUSDT,0.13714,0.13838,0.9042,1774035370524
bybit,gate,ESUSDT,0.13714,0.13838,0.9042,1774035370824
bybit,gate,ESUSDT,0.13714,0.13838,0.9042,1774035371124
bybit,gate,ESUSDT,0.13714,0.13838,0.9042,1774035371425
bybit,gate,ESUSDT,0.13714,0.13838,0.9042,1774035371725
bybit,gate,ESUSDT,0.13714,0.13838,0.9042,1774035372025
bybit,gate,ESUSDT,0.13714,0.13838,0.9042,1774035372325
bybit,gate,ESUSDT,0.13714,0.13838,0.9042,1774035372625
bybit,gate,ESUSDT,0.13714,0.13838,0.9042,1774035372926
bybit,gate,ESUSDT,0.13714,0.13838,0.9042,1774035373226
bybit,gate,ESUSDT,0.13714,0.13838,0.9042,1774035373526
bybit,gate,ESUSDT,0.13714,0.13838,0.9042,1774035373826
bybit,gate,ESUSDT,0.13714,0.13838,0.9042,1774035374126
bybit,gate,ESUSDT,0.13714,0.13838,0.9042,1774035374428
bybit,gate,ESUSDT,0.13714,0.13838,0.9042,1774035374728
bybit,gate,ESUSDT,0.13714,0.13838,0.9042,1774035375029
bybit,gate,ESUSDT,0.13714,0.13838,0.9042,1774035375329
bybit,gate,ESUSDT,0.13714,0.13838,0.9042,1774035375630
bybit,gate,ESUSDT,0.13714,0.13838,0.9042,1774035375930
bybit,gate,ESUSDT,0.13714,0.13838,0.9042,1774035376230
bybit,gate,ESUSDT,0.13714,0.13838,0.9042,1774035376530
bybit,gate,ESUSDT,0.13714,0.13838,0.9042,1774035376831
bybit,gate,ESUSDT,0.13714,0.13838,0.9042,1774035377131
bybit,gate,ESUSDT,0.13714,0.13838,0.9042,1774035377431
bybit,gate,ESUSDT,0.13714,0.13838,0.9042,1774035377731
bybit,gate,ESUSDT,0.13714,0.13838,0.9042,1774035378031
bybit,gate,ESUSDT,0.13714,0.13838,0.9042,1774035378331
bybit,gate,ESUSDT,0.13714,0.13838,0.9042,1774035378632
bybit,gate,ESUSDT,0.13714,0.13838,0.9042,1774035378932
bybit,gate,ESUSDT,0.13714,0.13838,0.9042,1774035379232
bybit,gate,ESUSDT,0.13714,0.13838,0.9042,1774035379533
bybit,gate,ESUSDT,0.13714,0.13838,0.9042,1774035379833
bybit,gate,ESUSDT,0.13714,0.13838,0.9042,1774035380133
bybit,gate,ESUSDT,0.13714,0.13838,0.9042,1774035380433
bybit,gate,ESUSDT,0.13714,0.13838,0.9042,1774035380733
bybit,gate,ESUSDT,0.13714,0.13838,0.9042,1774035381034
bybit,gate,ESUSDT,0.13714,0.13838,0.9042,1774035381334
bybit,gate,ESUSDT,0.13714,0.13838,0.9042,1774035381634
bybit,gate,ESUSDT,0.13714,0.13838,0.9042,1774035381934
bybit,gate,ESUSDT,0.13714,0.13838,0.9042,1774035382234
bybit,gate,ESUSDT,0.13714,0.13838,0.9042,1774035382535
bybit,gate,ESUSDT,0.13714,0.13838,0.9042,1774035382835
bybit,gate,ESUSDT,0.13714,0.13838,0.9042,1774035383136
bybit,gate,ESUSDT,0.13714,0.13838,0.9042,1774035383436
bybit,gate,ESUSDT,0.13714,0.13838,0.9042,1774035383736
bybit,gate,ESUSDT,0.13714,0.13838,0.9042,1774035384036
bybit,gate,ESUSDT,0.13714,0.13838,0.9042,1774035384337
bybit,gate,ESUSDT,0.13714,0.13838,0.9042,1774035384637
bybit,gate,ESUSDT,0.13714,0.13838,0.9042,1774035384937
bybit,gate,ESUSDT,0.13714,0.13838,0.9042,1774035385238
bybit,gate,ESUSDT,0.13714,0.13838,0.9042,1774035385538
bybit,gate,ESUSDT,0.13714,0.13838,0.9042,1774035385839
bybit,gate,ESUSDT,0.13714,0.13838,0.9042,1774035386139
bybit,gate,ESUSDT,0.13714,0.13838,0.9042,1774035386440
bybit,gate,ESUSDT,0.13714,0.13838,0.9042,1774035386740
bybit,gate,ESUSDT,0.13714,0.13838,0.9042,1774035387040
bybit,gate,ESUSDT,0.13714,0.13838,0.9042,1774035387340
bybit,gate,ESUSDT,0.13714,0.13838,0.9042,1774035387640
bybit,gate,ESUSDT,0.13714,0.13838,0.9042,1774035387940
bybit,gate,ESUSDT,0.13714,0.13838,0.9042,1774035388241
bybit,gate,ESUSDT,0.13714,0.13838,0.9042,1774035388541
bybit,gate,ESUSDT,0.13714,0.13838,0.9042,1774035388841
bybit,gate,ESUSDT,0.13714,0.13838,0.9042,1774035389142
bybit,gate,ESUSDT,0.13714,0.13838,0.9042,1774035389442
bybit,gate,ESUSDT,0.13714,0.13838,0.9042,1774035389743
bybit,gate,ESUSDT,0.13714,0.13838,0.9042,1774035390043
bybit,gate,ESUSDT,0.13714,0.13838,0.9042,1774035390343
bybit,gate,ESUSDT,0.13714,0.13838,0.9042,1774035390643
bybit,gate,ESUSDT,0.13714,0.13838,0.9042,1774035390943
bybit,gate,ESUSDT,0.13714,0.13838,0.9042,1774035391244
bybit,gate,ESUSDT,0.13714,0.13838,0.9042,1774035391544
bybit,gate,ESUSDT,0.13714,0.13838,0.9042,1774035391845
bybit,gate,ESUSDT,0.13714,0.13838,0.9042,1774035392146
bybit,gate,ESUSDT,0.13714,0.13838,0.9042,1774035392446
bybit,gate,ESUSDT,0.13714,0.13838,0.9042,1774035392747
bybit,gate,ESUSDT,0.13714,0.13838,0.9042,1774035393047
bybit,gate,ESUSDT,0.13714,0.13838,0.9042,1774035393347
bybit,gate,ESUSDT,0.13714,0.13838,0.9042,1774035393647
bybit,gate,ESUSDT,0.13714,0.13838,0.9042,1774035393947
bybit,gate,ESUSDT,0.13714,0.13838,0.9042,1774035394248
bybit,gate,ESUSDT,0.13714,0.13838,0.9042,1774035394548
bybit,gate,ESUSDT,0.13714,0.13838,0.9042,1774035394849
bybit,gate,ESUSDT,0.13714,0.13838,0.9042,1774035395149
bybit,gate,ESUSDT,0.13714,0.13838,0.9042,1774035395449
bybit,gate,ESUSDT,0.13714,0.13838,0.9042,1774035395750
bybit,gate,ESUSDT,0.13714,0.13838,0.9042,1774035396050
bybit,gate,ESUSDT,0.13714,0.13838,0.9042,1774035396351
bybit,gate,ESUSDT,0.13714,0.13838,0.9042,1774035396651
bybit,gate,ESUSDT,0.13714,0.13845,0.9552,1774035396951
bybit,gate,ESUSDT,0.13714,0.13838,0.9042,1774035397252
bybit,gate,ESUSDT,0.13714,0.13838,0.9042,1774035397552
bybit,gate,ESUSDT,0.13714,0.13838,0.9042,1774035397853
bybit,gate,ESUSDT,0.13714,0.13838,0.9042,1774035398154
bybit,gate,ESUSDT,0.13714,0.13838,0.9042,1774035398454
bybit,gate,ESUSDT,0.13714,0.13839,0.9115,1774035398754
bybit,gate,ESUSDT,0.13714,0.13839,0.9115,1774035399054
bybit,gate,ESUSDT,0.13714,0.13839,0.9115,1774035399354
bybit,gate,ESUSDT,0.13714,0.13839,0.9115,1774035399655
bybit,gate,ESUSDT,0.13714,0.13839,0.9115,1774035399955
bybit,gate,ESUSDT,0.13714,0.13839,0.9115,1774035400255
bybit,gate,ESUSDT,0.13714,0.13839,0.9115,1774035400556
bybit,gate,ESUSDT,0.13714,0.13839,0.9115,1774035400856
bybit,gate,ESUSDT,0.13714,0.13839,0.9115,1774035401156
bybit,gate,ESUSDT,0.13714,0.13839,0.9115,1774035401456
bybit,gate,ESUSDT,0.13714,0.13839,0.9115,1774035401757
bybit,gate,ESUSDT,0.13714,0.13839,0.9115,1774035402057
bybit,gate,ESUSDT,0.13714,0.13839,0.9115,1774035402357
bybit,gate,ESUSDT,0.13714,0.13839,0.9115,1774035402664
bybit,gate,ESUSDT,0.13714,0.13839,0.9115,1774035402964
bybit,gate,ESUSDT,0.13714,0.13839,0.9115,1774035403265
bybit,gate,ESUSDT,0.13714,0.13839,0.9115,1774035403565
bybit,gate,ESUSDT,0.13714,0.13839,0.9115,1774035403865
bybit,gate,ESUSDT,0.13714,0.13839,0.9115,1774035404166
bybit,gate,ESUSDT,0.13714,0.13839,0.9115,1774035404466
bybit,gate,ESUSDT,0.13714,0.13839,0.9115,1774035404767
bybit,gate,ESUSDT,0.13714,0.13839,0.9115,1774035405067
bybit,gate,ESUSDT,0.13714,0.13839,0.9115,1774035405367
bybit,gate,ESUSDT,0.13714,0.13839,0.9115,1774035405667
bybit,gate,ESUSDT,0.13714,0.13839,0.9115,1774035405968
bybit,gate,ESUSDT,0.13714,0.13839,0.9115,1774035406268
bybit,gate,ESUSDT,0.13714,0.13839,0.9115,1774035406568
bybit,gate,ESUSDT,0.13714,0.13839,0.9115,1774035406869
bybit,gate,ESUSDT,0.13714,0.13839,0.9115,1774035407169
bybit,gate,ESUSDT,0.13714,0.13839,0.9115,1774035407469
bybit,gate,ESUSDT,0.13714,0.13839,0.9115,1774035407769
bybit,gate,ESUSDT,0.13714,0.13839,0.9115,1774035408070
bybit,gate,ESUSDT,0.13714,0.13839,0.9115,1774035408370
bybit,gate,ESUSDT,0.13714,0.13839,0.9115,1774035408670
bybit,gate,ESUSDT,0.13714,0.13839,0.9115,1774035408971
bybit,gate,ESUSDT,0.13714,0.13839,0.9115,1774035409271
bybit,gate,ESUSDT,0.13714,0.13839,0.9115,1774035409571
bybit,gate,ESUSDT,0.13714,0.13839,0.9115,1774035409872
bybit,gate,ESUSDT,0.13714,0.13839,0.9115,1774035410172
bybit,gate,ESUSDT,0.13714,0.13839,0.9115,1774035410472
bybit,gate,ESUSDT,0.13714,0.13839,0.9115,1774035410772
bybit,gate,ESUSDT,0.13714,0.13839,0.9115,1774035411073
bybit,gate,ESUSDT,0.13714,0.13839,0.9115,1774035411373
bybit,gate,ESUSDT,0.13714,0.13839,0.9115,1774035411673
bybit,gate,ESUSDT,0.13714,0.13839,0.9115,1774035411973
bybit,gate,ESUSDT,0.13714,0.13839,0.9115,1774035412274
bybit,gate,ESUSDT,0.13714,0.13839,0.9115,1774035412574
bybit,gate,ESUSDT,0.13714,0.13839,0.9115,1774035412875
bybit,gate,ESUSDT,0.13714,0.13839,0.9115,1774035413175
bybit,gate,ESUSDT,0.13714,0.13839,0.9115,1774035413475
bybit,gate,ESUSDT,0.13714,0.13839,0.9115,1774035413779
bybit,gate,ESUSDT,0.13714,0.13839,0.9115,1774035414079
bybit,gate,ESUSDT,0.13714,0.13839,0.9115,1774035414380
bybit,gate,ESUSDT,0.13714,0.13839,0.9115,1774035414680
bybit,gate,ESUSDT,0.13714,0.13839,0.9115,1774035414980
bybit,gate,ESUSDT,0.13714,0.13839,0.9115,1774035415280
bybit,gate,ESUSDT,0.13714,0.13839,0.9115,1774035415581
bybit,gate,ESUSDT,0.13714,0.13839,0.9115,1774035415881
bybit,gate,ESUSDT,0.13714,0.13839,0.9115,1774035416182
bybit,gate,ESUSDT,0.13714,0.13839,0.9115,1774035416482
bybit,gate,ESUSDT,0.13714,0.13839,0.9115,1774035416782
bybit,gate,ESUSDT,0.13714,0.13839,0.9115,1774035417082
bybit,gate,ESUSDT,0.13714,0.13839,0.9115,1774035417382
bybit,gate,ESUSDT,0.13714,0.13839,0.9115,1774035417683
bybit,gate,ESUSDT,0.13714,0.13839,0.9115,1774035417983
bybit,gate,ESUSDT,0.13714,0.13839,0.9115,1774035418283
bybit,gate,ESUSDT,0.13714,0.13839,0.9115,1774035418584
bybit,gate,ESUSDT,0.13714,0.13839,0.9115,1774035418884
bybit,gate,ESUSDT,0.13714,0.13839,0.9115,1774035419185
bybit,gate,ESUSDT,0.13714,0.13839,0.9115,1774035419485
bybit,gate,ESUSDT,0.13714,0.13839,0.9115,1774035419785
bybit,gate,ESUSDT,0.13714,0.13839,0.9115,1774035420085
bybit,gate,ESUSDT,0.13714,0.13839,0.9115,1774035420386
bybit,gate,ESUSDT,0.13714,0.13839,0.9115,1774035420686
bybit,gate,ESUSDT,0.13714,0.13839,0.9115,1774035420986
bybit,gate,ESUSDT,0.13714,0.13839,0.9115,1774035421287
bybit,gate,ESUSDT,0.13714,0.13839,0.9115,1774035421587
bybit,gate,ESUSDT,0.13714,0.13839,0.9115,1774035421888
bybit,gate,ESUSDT,0.13714,0.13839,0.9115,1774035422188
bybit,gate,ESUSDT,0.13714,0.13839,0.9115,1774035422488
bybit,gate,ESUSDT,0.13714,0.13839,0.9115,1774035422789
bybit,gate,ESUSDT,0.13714,0.13839,0.9115,1774035423090
bybit,gate,ESUSDT,0.13714,0.13839,0.9115,1774035423390
bybit,gate,ESUSDT,0.13714,0.13839,0.9115,1774035423690
bybit,gate,ESUSDT,0.13714,0.13839,0.9115,1774035423991
bybit,gate,ESUSDT,0.13714,0.13839,0.9115,1774035424291
bybit,gate,ESUSDT,0.13714,0.13839,0.9115,1774035424592
bybit,gate,ESUSDT,0.13714,0.13839,0.9115,1774035424893
bybit,gate,ESUSDT,0.13714,0.13839,0.9115,1774035425193
bybit,gate,ESUSDT,0.13714,0.13839,0.9115,1774035425493
bybit,gate,ESUSDT,0.13714,0.13839,0.9115,1774035425793
bybit,gate,ESUSDT,0.13714,0.13839,0.9115,1774035426094
bybit,gate,ESUSDT,0.13714,0.13839,0.9115,1774035426394
bybit,gate,ESUSDT,0.13714,0.13839,0.9115,1774035426694
bybit,gate,ESUSDT,0.13714,0.13839,0.9115,1774035426995
bybit,gate,ESUSDT,0.13714,0.13839,0.9115,1774035427295
bybit,gate,ESUSDT,0.13714,0.13839,0.9115,1774035427595
bybit,gate,ESUSDT,0.13714,0.13839,0.9115,1774035427895
bybit,gate,ESUSDT,0.13714,0.13839,0.9115,1774035428196
bybit,gate,ESUSDT,0.13714,0.13839,0.9115,1774035428496
bybit,gate,ESUSDT,0.13714,0.13839,0.9115,1774035428796
bybit,gate,ESUSDT,0.13714,0.13839,0.9115,1774035429097
bybit,gate,ESUSDT,0.13714,0.13839,0.9115,1774035429397
bybit,gate,ESUSDT,0.13714,0.13839,0.9115,1774035429697
bybit,gate,ESUSDT,0.13714,0.13839,0.9115,1774035429997
bybit,gate,ESUSDT,0.13714,0.13839,0.9115,1774035430298
bybit,gate,ESUSDT,0.13714,0.13839,0.9115,1774035430598
bybit,gate,ESUSDT,0.13714,0.13839,0.9115,1774035430898
bybit,gate,ESUSDT,0.13714,0.13839,0.9115,1774035431198
bybit,gate,ESUSDT,0.13714,0.13839,0.9115,1774035431498
bybit,gate,ESUSDT,0.13714,0.13839,0.9115,1774035431798
bybit,gate,ESUSDT,0.13714,0.13839,0.9115,1774035432099
bybit,gate,ESUSDT,0.13714,0.13839,0.9115,1774035432399
bybit,gate,ESUSDT,0.13714,0.13839,0.9115,1774035432703
bybit,gate,ESUSDT,0.13714,0.13839,0.9115,1774035433007
bybit,gate,ESUSDT,0.13714,0.13839,0.9115,1774035433308
bybit,gate,ESUSDT,0.13705,0.13839,0.9777,1774035433608
bybit,gate,ESUSDT,0.13705,0.13839,0.9777,1774035433908
bybit,gate,ESUSDT,0.13705,0.13839,0.9777,1774035434208
bybit,gate,ESUSDT,0.13705,0.13839,0.9777,1774035434508
bybit,gate,ESUSDT,0.13705,0.13839,0.9777,1774035434808
bybit,gate,ESUSDT,0.13705,0.13839,0.9777,1774035435108
bybit,gate,ESUSDT,0.13705,0.13839,0.9777,1774035435409
bybit,gate,ESUSDT,0.13705,0.13839,0.9777,1774035435709
bybit,gate,ESUSDT,0.13705,0.13839,0.9777,1774035436009
bybit,gate,ESUSDT,0.13705,0.13839,0.9777,1774035436309
bybit,gate,ESUSDT,0.13705,0.13839,0.9777,1774035436609
bybit,gate,ESUSDT,0.13705,0.13839,0.9777,1774035436909
bybit,gate,ESUSDT,0.13705,0.13839,0.9777,1774035437209
bybit,gate,ESUSDT,0.13705,0.13839,0.9777,1774035437509
bybit,gate,ESUSDT,0.13705,0.13839,0.9777,1774035437810
bybit,gate,ESUSDT,0.13705,0.13839,0.9777,1774035438110
bybit,gate,ESUSDT,0.13705,0.13839,0.9777,1774035438410
bybit,gate,ESUSDT,0.13705,0.13839,0.9777,1774035438710
bybit,gate,ESUSDT,0.13705,0.13839,0.9777,1774035439010
bybit,gate,ESUSDT,0.13705,0.13839,0.9777,1774035439311
bybit,gate,ESUSDT,0.13705,0.13839,0.9777,1774035439611
bybit,gate,ESUSDT,0.13705,0.13839,0.9777,1774035439911
bybit,gate,ESUSDT,0.13705,0.13839,0.9777,1774035440211
bybit,gate,ESUSDT,0.13705,0.13839,0.9777,1774035440513
bybit,gate,ESUSDT,0.13705,0.13839,0.9777,1774035440813
bybit,gate,ESUSDT,0.13705,0.13839,0.9777,1774035441113
bybit,gate,ESUSDT,0.13705,0.13839,0.9777,1774035441413
bybit,gate,ESUSDT,0.13705,0.13839,0.9777,1774035441714
bybit,gate,ESUSDT,0.13705,0.13839,0.9777,1774035442014
bybit,gate,ESUSDT,0.13705,0.13839,0.9777,1774035442314
bybit,gate,ESUSDT,0.13705,0.13839,0.9777,1774035442614
bybit,gate,ESUSDT,0.13705,0.13839,0.9777,1774035442915
bybit,gate,ESUSDT,0.13705,0.13839,0.9777,1774035443215
bybit,gate,ESUSDT,0.13705,0.13839,0.9777,1774035443515
bybit,gate,ESUSDT,0.13705,0.13839,0.9777,1774035443815
bybit,gate,ESUSDT,0.13705,0.13839,0.9777,1774035444116
bybit,gate,ESUSDT,0.13705,0.13839,0.9777,1774035444416
bybit,gate,ESUSDT,0.13705,0.13839,0.9777,1774035444716
bybit,gate,ESUSDT,0.13705,0.13839,0.9777,1774035445017
bybit,gate,ESUSDT,0.13705,0.13839,0.9777,1774035445317
bybit,gate,ESUSDT,0.13705,0.13839,0.9777,1774035445617
bybit,gate,ESUSDT,0.13705,0.13839,0.9777,1774035445918
bybit,gate,ESUSDT,0.13705,0.13839,0.9777,1774035446218
bybit,gate,ESUSDT,0.13705,0.13839,0.9777,1774035446518
bybit,gate,ESUSDT,0.13705,0.13839,0.9777,1774035446818
bybit,gate,ESUSDT,0.13705,0.13839,0.9777,1774035447118
bybit,gate,ESUSDT,0.13705,0.13839,0.9777,1774035447418
bybit,gate,ESUSDT,0.13705,0.13839,0.9777,1774035447718
bybit,gate,ESUSDT,0.13705,0.13839,0.9777,1774035448018
bybit,gate,ESUSDT,0.13705,0.13839,0.9777,1774035448319
bybit,gate,ESUSDT,0.13705,0.13839,0.9777,1774035448619
bybit,gate,ESUSDT,0.13705,0.13839,0.9777,1774035448919
bybit,gate,ESUSDT,0.13705,0.13839,0.9777,1774035449220
bybit,gate,ESUSDT,0.13705,0.13839,0.9777,1774035449520
bybit,gate,ESUSDT,0.13705,0.13839,0.9777,1774035449820
bybit,gate,ESUSDT,0.13705,0.13839,0.9777,1774035450120
bybit,gate,ESUSDT,0.13705,0.13839,0.9777,1774035450421
bybit,gate,ESUSDT,0.13705,0.13839,0.9777,1774035450721
bybit,gate,ESUSDT,0.13705,0.13839,0.9777,1774035451021
bybit,gate,ESUSDT,0.13705,0.13839,0.9777,1774035451321
bybit,gate,ESUSDT,0.13705,0.13839,0.9777,1774035451621
bybit,gate,ESUSDT,0.13705,0.13839,0.9777,1774035451921
bybit,gate,ESUSDT,0.13705,0.13839,0.9777,1774035452221
bybit,gate,ESUSDT,0.13705,0.13839,0.9777,1774035452522
bybit,gate,ESUSDT,0.13705,0.13839,0.9777,1774035452822
bybit,gate,ESUSDT,0.13705,0.13839,0.9777,1774035453122
bybit,gate,ESUSDT,0.13705,0.13839,0.9777,1774035453422
bybit,gate,ESUSDT,0.13705,0.13839,0.9777,1774035453723
bybit,gate,ESUSDT,0.13705,0.13839,0.9777,1774035454023
bybit,gate,ESUSDT,0.13705,0.13839,0.9777,1774035454323
bybit,gate,ESUSDT,0.13705,0.13839,0.9777,1774035454623
bybit,gate,ESUSDT,0.13705,0.13839,0.9777,1774035454923
bybit,gate,ESUSDT,0.13705,0.13839,0.9777,1774035455223
bybit,gate,ESUSDT,0.13705,0.13839,0.9777,1774035455523
bybit,gate,ESUSDT,0.13705,0.13839,0.9777,1774035455824
bybit,gate,ESUSDT,0.13705,0.13839,0.9777,1774035456136
bybit,gate,ESUSDT,0.13705,0.13839,0.9777,1774035456436
bybit,gate,ESUSDT,0.13705,0.13839,0.9777,1774035456736
bybit,gate,ESUSDT,0.13705,0.13839,0.9777,1774035457037
bybit,gate,ESUSDT,0.13705,0.13838,0.9704,1774035457337
bybit,gate,ESUSDT,0.13705,0.13838,0.9704,1774035457638
bybit,gate,ESUSDT,0.13705,0.13838,0.9704,1774035457938
bybit,gate,ESUSDT,0.13705,0.13838,0.9704,1774035458238
