spot_exch,fut_exch,symbol,ask_spot,bid_futures,spread_pct,ts
gate,bybit,VANRYUSDT,0.005668,0.00609,7.4453,1774036581000
gate,bybit,VANRYUSDT,0.005667,0.006089,7.4466,1774036581246
gate,bybit,VANRYUSDT,0.005668,0.006089,7.4277,1774036581547
gate,bybit,VANRYUSDT,0.005668,0.006089,7.4277,1774036581847
gate,bybit,VANRYUSDT,0.005668,0.006089,7.4277,1774036582147
gate,bybit,VANRYUSDT,0.005668,0.006089,7.4277,1774036582448
gate,bybit,VANRYUSDT,0.005668,0.006089,7.4277,1774036582749
gate,bybit,VANRYUSDT,0.005668,0.006089,7.4277,1774036583049
gate,bybit,VANRYUSDT,0.005667,0.006089,7.4466,1774036583349
gate,bybit,VANRYUSDT,0.005667,0.006089,7.4466,1774036583649
gate,bybit,VANRYUSDT,0.005667,0.006089,7.4466,1774036583950
gate,bybit,VANRYUSDT,0.005667,0.006089,7.4466,1774036584250
gate,bybit,VANRYUSDT,0.005668,0.00609,7.4453,1774036584550
gate,bybit,VANRYUSDT,0.005668,0.006089,7.4277,1774036584851
gate,bybit,VANRYUSDT,0.005668,0.006089,7.4277,1774036585151
gate,bybit,VANRYUSDT,0.005668,0.006089,7.4277,1774036585451
gate,bybit,VANRYUSDT,0.005668,0.006089,7.4277,1774036585752
gate,bybit,VANRYUSDT,0.005668,0.006089,7.4277,1774036586053
gate,bybit,VANRYUSDT,0.005668,0.006089,7.4277,1774036586353
gate,bybit,VANRYUSDT,0.005668,0.006089,7.4277,1774036586653
gate,bybit,VANRYUSDT,0.005668,0.00609,7.4453,1774036586953
gate,bybit,VANRYUSDT,0.005668,0.00609,7.4453,1774036587253
gate,bybit,VANRYUSDT,0.005668,0.00609,7.4453,1774036587554
gate,bybit,VANRYUSDT,0.005668,0.00609,7.4453,1774036587854
gate,bybit,VANRYUSDT,0.005668,0.00609,7.4453,1774036588155
gate,bybit,VANRYUSDT,0.005668,0.00609,7.4453,1774036588456
gate,bybit,VANRYUSDT,0.005668,0.00609,7.4453,1774036588756
gate,bybit,VANRYUSDT,0.005668,0.00609,7.4453,1774036589056
gate,bybit,VANRYUSDT,0.005668,0.00609,7.4453,1774036589356
gate,bybit,VANRYUSDT,0.005668,0.00609,7.4453,1774036589657
gate,bybit,VANRYUSDT,0.005668,0.00609,7.4453,1774036589957
gate,bybit,VANRYUSDT,0.005668,0.00609,7.4453,1774036590258
gate,bybit,VANRYUSDT,0.005668,0.00609,7.4453,1774036590558
gate,bybit,VANRYUSDT,0.005668,0.00609,7.4453,1774036590858
gate,bybit,VANRYUSDT,0.005668,0.00609,7.4453,1774036591158
gate,bybit,VANRYUSDT,0.005668,0.00609,7.4453,1774036591459
gate,bybit,VANRYUSDT,0.005668,0.00609,7.4453,1774036591759
gate,bybit,VANRYUSDT,0.005668,0.00609,7.4453,1774036592060
gate,bybit,VANRYUSDT,0.005668,0.00609,7.4453,1774036592360
gate,bybit,VANRYUSDT,0.005668,0.00609,7.4453,1774036592661
gate,bybit,VANRYUSDT,0.005668,0.00609,7.4453,1774036592961
gate,bybit,VANRYUSDT,0.005668,0.00609,7.4453,1774036593261
gate,bybit,VANRYUSDT,0.005668,0.00609,7.4453,1774036593561
gate,bybit,VANRYUSDT,0.005668,0.00609,7.4453,1774036593862
gate,bybit,VANRYUSDT,0.005668,0.00609,7.4453,1774036594162
gate,bybit,VANRYUSDT,0.005668,0.00609,7.4453,1774036594462
gate,bybit,VANRYUSDT,0.005668,0.00609,7.4453,1774036594762
gate,bybit,VANRYUSDT,0.005668,0.00609,7.4453,1774036595063
gate,bybit,VANRYUSDT,0.005668,0.00609,7.4453,1774036595364
gate,bybit,VANRYUSDT,0.005668,0.00609,7.4453,1774036595664
gate,bybit,VANRYUSDT,0.005668,0.00609,7.4453,1774036595964
gate,bybit,VANRYUSDT,0.005668,0.00609,7.4453,1774036596264
gate,bybit,VANRYUSDT,0.005668,0.00609,7.4453,1774036596565
gate,bybit,VANRYUSDT,0.005668,0.00609,7.4453,1774036596865
gate,bybit,VANRYUSDT,0.005668,0.00609,7.4453,1774036597165
gate,bybit,VANRYUSDT,0.005668,0.00609,7.4453,1774036597466
gate,bybit,VANRYUSDT,0.005668,0.00609,7.4453,1774036597766
gate,bybit,VANRYUSDT,0.005668,0.00609,7.4453,1774036598067
gate,bybit,VANRYUSDT,0.005668,0.00609,7.4453,1774036598367
gate,bybit,VANRYUSDT,0.005668,0.00609,7.4453,1774036598667
gate,bybit,VANRYUSDT,0.005668,0.00609,7.4453,1774036598967
gate,bybit,VANRYUSDT,0.005671,0.006095,7.4766,1774036599268
gate,bybit,VANRYUSDT,0.005671,0.006095,7.4766,1774036599568
gate,bybit,VANRYUSDT,0.005671,0.006095,7.4766,1774036599868
gate,bybit,VANRYUSDT,0.005671,0.006095,7.4766,1774036600169
gate,bybit,VANRYUSDT,0.005671,0.006095,7.4766,1774036600470
gate,bybit,VANRYUSDT,0.005671,0.006095,7.4766,1774036600770
gate,bybit,VANRYUSDT,0.005671,0.006095,7.4766,1774036601070
gate,bybit,VANRYUSDT,0.005671,0.006095,7.4766,1774036601370
gate,bybit,VANRYUSDT,0.005671,0.006095,7.4766,1774036601670
gate,bybit,VANRYUSDT,0.005671,0.006095,7.4766,1774036601970
gate,bybit,VANRYUSDT,0.005671,0.006095,7.4766,1774036602271
gate,bybit,VANRYUSDT,0.005671,0.006095,7.4766,1774036602573
gate,bybit,VANRYUSDT,0.005673,0.006095,7.4387,1774036602873
gate,bybit,VANRYUSDT,0.005673,0.006095,7.4387,1774036603173
gate,bybit,VANRYUSDT,0.005673,0.006095,7.4387,1774036603474
gate,bybit,VANRYUSDT,0.005673,0.006095,7.4387,1774036603774
gate,bybit,VANRYUSDT,0.005673,0.006095,7.4387,1774036604074
gate,bybit,VANRYUSDT,0.005672,0.006095,7.4577,1774036604374
gate,bybit,VANRYUSDT,0.005672,0.006095,7.4577,1774036604675
gate,bybit,VANRYUSDT,0.005672,0.006095,7.4577,1774036604975
gate,bybit,VANRYUSDT,0.005673,0.006095,7.4387,1774036605275
gate,bybit,VANRYUSDT,0.005673,0.006095,7.4387,1774036605576
gate,bybit,VANRYUSDT,0.005673,0.006095,7.4387,1774036605876
gate,bybit,VANRYUSDT,0.005673,0.006095,7.4387,1774036606176
gate,bybit,VANRYUSDT,0.005673,0.006095,7.4387,1774036606477
gate,bybit,VANRYUSDT,0.005673,0.006095,7.4387,1774036606778
gate,bybit,VANRYUSDT,0.005674,0.006095,7.4198,1774036607078
gate,bybit,VANRYUSDT,0.005674,0.006095,7.4198,1774036607378
gate,bybit,VANRYUSDT,0.005674,0.006095,7.4198,1774036607679
gate,bybit,VANRYUSDT,0.005673,0.006095,7.4387,1774036607979
gate,bybit,VANRYUSDT,0.005673,0.006095,7.4387,1774036608279
gate,bybit,VANRYUSDT,0.005673,0.006095,7.4387,1774036608580
gate,bybit,VANRYUSDT,0.005673,0.006095,7.4387,1774036608881
gate,bybit,VANRYUSDT,0.005673,0.006095,7.4387,1774036609181
gate,bybit,VANRYUSDT,0.005673,0.006095,7.4387,1774036609482
gate,bybit,VANRYUSDT,0.005673,0.006095,7.4387,1774036609782
gate,bybit,VANRYUSDT,0.005673,0.00609,7.3506,1774036610082
gate,bybit,VANRYUSDT,0.00567,0.006091,7.425,1774036610382
gate,bybit,VANRYUSDT,0.00567,0.006091,7.425,1774036610683
gate,bybit,VANRYUSDT,0.00567,0.006091,7.425,1774036610984
gate,bybit,VANRYUSDT,0.00567,0.006091,7.425,1774036611284
gate,bybit,VANRYUSDT,0.00567,0.006091,7.425,1774036611584
gate,bybit,VANRYUSDT,0.00567,0.006091,7.425,1774036611884
gate,bybit,VANRYUSDT,0.00567,0.006091,7.425,1774036612184
gate,bybit,VANRYUSDT,0.00567,0.006091,7.425,1774036612485
gate,bybit,VANRYUSDT,0.00567,0.006091,7.425,1774036612785
gate,bybit,VANRYUSDT,0.00567,0.006091,7.425,1774036613085
gate,bybit,VANRYUSDT,0.00567,0.006091,7.425,1774036613386
gate,bybit,VANRYUSDT,0.00567,0.006091,7.425,1774036613686
gate,bybit,VANRYUSDT,0.00567,0.006091,7.425,1774036613987
gate,bybit,VANRYUSDT,0.00567,0.006091,7.425,1774036614287
gate,bybit,VANRYUSDT,0.00567,0.006091,7.425,1774036614587
gate,bybit,VANRYUSDT,0.00567,0.006091,7.425,1774036614887
gate,bybit,VANRYUSDT,0.00567,0.006091,7.425,1774036615188
gate,bybit,VANRYUSDT,0.00567,0.006091,7.425,1774036615488
gate,bybit,VANRYUSDT,0.00567,0.006091,7.425,1774036615788
gate,bybit,VANRYUSDT,0.00567,0.006091,7.425,1774036616088
gate,bybit,VANRYUSDT,0.00567,0.006091,7.425,1774036616389
gate,bybit,VANRYUSDT,0.00567,0.006091,7.425,1774036616690
gate,bybit,VANRYUSDT,0.00567,0.006091,7.425,1774036616991
gate,bybit,VANRYUSDT,0.00567,0.006091,7.425,1774036617291
gate,bybit,VANRYUSDT,0.00567,0.006091,7.425,1774036617591
gate,bybit,VANRYUSDT,0.00567,0.006091,7.425,1774036617891
gate,bybit,VANRYUSDT,0.00567,0.006091,7.425,1774036618191
gate,bybit,VANRYUSDT,0.00567,0.006091,7.425,1774036618492
gate,bybit,VANRYUSDT,0.00567,0.006091,7.425,1774036618792
gate,bybit,VANRYUSDT,0.00567,0.006091,7.425,1774036619092
gate,bybit,VANRYUSDT,0.00567,0.006091,7.425,1774036619392
gate,bybit,VANRYUSDT,0.00567,0.006091,7.425,1774036619692
gate,bybit,VANRYUSDT,0.00567,0.006091,7.425,1774036619993
gate,bybit,VANRYUSDT,0.00567,0.006091,7.425,1774036620293
gate,bybit,VANRYUSDT,0.005669,0.006091,7.444,1774036620593
gate,bybit,VANRYUSDT,0.005668,0.006091,7.4629,1774036620893
gate,bybit,VANRYUSDT,0.005669,0.006091,7.444,1774036621193
gate,bybit,VANRYUSDT,0.005669,0.006091,7.444,1774036621494
gate,bybit,VANRYUSDT,0.005669,0.006091,7.444,1774036621795
gate,bybit,VANRYUSDT,0.005669,0.00609,7.4264,1774036622095
gate,bybit,VANRYUSDT,0.005668,0.006091,7.4629,1774036622395
gate,bybit,VANRYUSDT,0.005668,0.006091,7.4629,1774036622695
gate,bybit,VANRYUSDT,0.005668,0.006091,7.4629,1774036622997
gate,bybit,VANRYUSDT,0.005668,0.006091,7.4629,1774036623297
gate,bybit,VANRYUSDT,0.005668,0.006091,7.4629,1774036623597
gate,bybit,VANRYUSDT,0.005669,0.006092,7.4616,1774036623897
gate,bybit,VANRYUSDT,0.005671,0.006095,7.4766,1774036624198
gate,bybit,VANRYUSDT,0.005671,0.006095,7.4766,1774036624498
gate,bybit,VANRYUSDT,0.005671,0.006095,7.4766,1774036624799
gate,bybit,VANRYUSDT,0.005671,0.006095,7.4766,1774036625099
gate,bybit,VANRYUSDT,0.005671,0.006095,7.4766,1774036625399
gate,bybit,VANRYUSDT,0.005671,0.006095,7.4766,1774036625699
gate,bybit,VANRYUSDT,0.005671,0.006095,7.4766,1774036626000
gate,bybit,VANRYUSDT,0.005671,0.006095,7.4766,1774036626300
gate,bybit,VANRYUSDT,0.005671,0.006095,7.4766,1774036626601
gate,bybit,VANRYUSDT,0.005671,0.006095,7.4766,1774036626901
gate,bybit,VANRYUSDT,0.005674,0.006098,7.4727,1774036627201
gate,bybit,VANRYUSDT,0.005674,0.006098,7.4727,1774036627501
gate,bybit,VANRYUSDT,0.005674,0.006098,7.4727,1774036627802
gate,bybit,VANRYUSDT,0.005674,0.006098,7.4727,1774036628102
gate,bybit,VANRYUSDT,0.005674,0.006098,7.4727,1774036628403
gate,bybit,VANRYUSDT,0.005676,0.006098,7.4348,1774036628704
gate,bybit,VANRYUSDT,0.005676,0.006098,7.4348,1774036629004
gate,bybit,VANRYUSDT,0.005676,0.006098,7.4348,1774036629304
gate,bybit,VANRYUSDT,0.005675,0.006098,7.4537,1774036629604
gate,bybit,VANRYUSDT,0.005676,0.006098,7.4348,1774036629904
gate,bybit,VANRYUSDT,0.005675,0.006098,7.4537,1774036630205
gate,bybit,VANRYUSDT,0.005677,0.006098,7.4159,1774036630505
gate,bybit,VANRYUSDT,0.005676,0.006098,7.4348,1774036630805
gate,bybit,VANRYUSDT,0.005677,0.006098,7.4159,1774036631106
gate,bybit,VANRYUSDT,0.005677,0.006098,7.4159,1774036631406
gate,bybit,VANRYUSDT,0.005677,0.006098,7.4159,1774036631707
gate,bybit,VANRYUSDT,0.005677,0.006098,7.4159,1774036632007
gate,bybit,VANRYUSDT,0.005677,0.006098,7.4159,1774036632307
gate,bybit,VANRYUSDT,0.005678,0.006098,7.397,1774036632608
gate,bybit,VANRYUSDT,0.005678,0.006098,7.397,1774036632908
gate,bybit,VANRYUSDT,0.005678,0.006098,7.397,1774036633208
gate,bybit,VANRYUSDT,0.005677,0.006098,7.4159,1774036633509
gate,bybit,VANRYUSDT,0.005678,0.006098,7.397,1774036633809
gate,bybit,VANRYUSDT,0.005678,0.006098,7.397,1774036634109
gate,bybit,VANRYUSDT,0.005677,0.006098,7.4159,1774036634410
gate,bybit,VANRYUSDT,0.005678,0.006098,7.397,1774036634710
gate,bybit,VANRYUSDT,0.005678,0.006098,7.397,1774036635010
gate,bybit,VANRYUSDT,0.005678,0.006098,7.397,1774036635310
gate,bybit,VANRYUSDT,0.005678,0.006098,7.397,1774036635610
gate,bybit,VANRYUSDT,0.005678,0.006098,7.397,1774036635911
gate,bybit,VANRYUSDT,0.005678,0.006098,7.397,1774036636211
gate,bybit,VANRYUSDT,0.005678,0.006098,7.397,1774036636511
gate,bybit,VANRYUSDT,0.005679,0.006098,7.3781,1774036636812
gate,bybit,VANRYUSDT,0.005679,0.006098,7.3781,1774036637112
gate,bybit,VANRYUSDT,0.005679,0.006098,7.3781,1774036637412
gate,bybit,VANRYUSDT,0.005678,0.006098,7.397,1774036637712
gate,bybit,VANRYUSDT,0.005679,0.006098,7.3781,1774036638012
gate,bybit,VANRYUSDT,0.005679,0.006098,7.3781,1774036638312
gate,bybit,VANRYUSDT,0.005678,0.006098,7.397,1774036638613
gate,bybit,VANRYUSDT,0.005678,0.006098,7.397,1774036638913
gate,bybit,VANRYUSDT,0.005678,0.006098,7.397,1774036639213
gate,bybit,VANRYUSDT,0.005678,0.006098,7.397,1774036639513
gate,bybit,VANRYUSDT,0.005678,0.006098,7.397,1774036639814
gate,bybit,VANRYUSDT,0.005678,0.006098,7.397,1774036640115
gate,bybit,VANRYUSDT,0.005678,0.006098,7.397,1774036640415
gate,bybit,VANRYUSDT,0.005678,0.006098,7.397,1774036640715
gate,bybit,VANRYUSDT,0.005678,0.006098,7.397,1774036641015
gate,bybit,VANRYUSDT,0.005678,0.006098,7.397,1774036641315
gate,bybit,VANRYUSDT,0.005678,0.006098,7.397,1774036641615
gate,bybit,VANRYUSDT,0.005678,0.006098,7.397,1774036641916
gate,bybit,VANRYUSDT,0.005678,0.006098,7.397,1774036642217
gate,bybit,VANRYUSDT,0.005678,0.006098,7.397,1774036642517
gate,bybit,VANRYUSDT,0.005678,0.006098,7.397,1774036642817
gate,bybit,VANRYUSDT,0.005678,0.006098,7.397,1774036643118
gate,bybit,VANRYUSDT,0.005678,0.006098,7.397,1774036643419
gate,bybit,VANRYUSDT,0.005678,0.006098,7.397,1774036643719
gate,bybit,VANRYUSDT,0.005678,0.006098,7.397,1774036644019
gate,bybit,VANRYUSDT,0.005678,0.006098,7.397,1774036644320
gate,bybit,VANRYUSDT,0.005679,0.006101,7.4309,1774036644620
gate,bybit,VANRYUSDT,0.005679,0.006101,7.4309,1774036644921
gate,bybit,VANRYUSDT,0.005679,0.006101,7.4309,1774036645221
gate,bybit,VANRYUSDT,0.005679,0.006101,7.4309,1774036645521
gate,bybit,VANRYUSDT,0.005679,0.006101,7.4309,1774036645821
gate,bybit,VANRYUSDT,0.005679,0.006101,7.4309,1774036646122
gate,bybit,VANRYUSDT,0.005679,0.006101,7.4309,1774036646422
gate,bybit,VANRYUSDT,0.005679,0.006101,7.4309,1774036646722
gate,bybit,VANRYUSDT,0.00568,0.006101,7.412,1774036647022
gate,bybit,VANRYUSDT,0.00568,0.006101,7.412,1774036647322
gate,bybit,VANRYUSDT,0.00568,0.006101,7.412,1774036647622
gate,bybit,VANRYUSDT,0.00568,0.006101,7.412,1774036647922
gate,bybit,VANRYUSDT,0.00568,0.006101,7.412,1774036648223
gate,bybit,VANRYUSDT,0.00568,0.006101,7.412,1774036648524
gate,bybit,VANRYUSDT,0.005681,0.006101,7.3931,1774036648824
gate,bybit,VANRYUSDT,0.005681,0.006101,7.3931,1774036649124
gate,bybit,VANRYUSDT,0.00568,0.006101,7.412,1774036649425
gate,bybit,VANRYUSDT,0.00568,0.006101,7.412,1774036649725
gate,bybit,VANRYUSDT,0.005681,0.006101,7.3931,1774036650025
gate,bybit,VANRYUSDT,0.005681,0.006101,7.3931,1774036650325
gate,bybit,VANRYUSDT,0.005681,0.006101,7.3931,1774036650625
gate,bybit,VANRYUSDT,0.005681,0.006101,7.3931,1774036650925
gate,bybit,VANRYUSDT,0.00568,0.006101,7.412,1774036651225
gate,bybit,VANRYUSDT,0.00568,0.006101,7.412,1774036651525
gate,bybit,VANRYUSDT,0.00568,0.006101,7.412,1774036651827
gate,bybit,VANRYUSDT,0.00568,0.006101,7.412,1774036652127
gate,bybit,VANRYUSDT,0.005679,0.006101,7.4309,1774036652428
gate,bybit,VANRYUSDT,0.005679,0.006101,7.4309,1774036652728
gate,bybit,VANRYUSDT,0.005679,0.006101,7.4309,1774036653028
gate,bybit,VANRYUSDT,0.005678,0.006101,7.4498,1774036653328
gate,bybit,VANRYUSDT,0.005678,0.006101,7.4498,1774036653629
gate,bybit,VANRYUSDT,0.005679,0.006101,7.4309,1774036653929
gate,bybit,VANRYUSDT,0.005679,0.006101,7.4309,1774036654229
gate,bybit,VANRYUSDT,0.005679,0.006101,7.4309,1774036654530
gate,bybit,VANRYUSDT,0.005679,0.006101,7.4309,1774036654830
gate,bybit,VANRYUSDT,0.005679,0.006101,7.4309,1774036655130
gate,bybit,VANRYUSDT,0.005679,0.006101,7.4309,1774036655431
gate,bybit,VANRYUSDT,0.005679,0.006101,7.4309,1774036655732
gate,bybit,VANRYUSDT,0.005679,0.006101,7.4309,1774036656032
gate,bybit,VANRYUSDT,0.005679,0.006101,7.4309,1774036656332
gate,bybit,VANRYUSDT,0.005679,0.006101,7.4309,1774036656632
gate,bybit,VANRYUSDT,0.005679,0.006101,7.4309,1774036656932
gate,bybit,VANRYUSDT,0.005679,0.006101,7.4309,1774036657233
gate,bybit,VANRYUSDT,0.005679,0.006101,7.4309,1774036657533
gate,bybit,VANRYUSDT,0.005679,0.006101,7.4309,1774036657833
gate,bybit,VANRYUSDT,0.005679,0.006101,7.4309,1774036658133
gate,bybit,VANRYUSDT,0.005679,0.006101,7.4309,1774036658434
gate,bybit,VANRYUSDT,0.005679,0.006101,7.4309,1774036658735
gate,bybit,VANRYUSDT,0.005679,0.006101,7.4309,1774036659035
gate,bybit,VANRYUSDT,0.005679,0.006101,7.4309,1774036659335
gate,bybit,VANRYUSDT,0.005679,0.006101,7.4309,1774036659635
gate,bybit,VANRYUSDT,0.005679,0.006101,7.4309,1774036659935
gate,bybit,VANRYUSDT,0.00568,0.006102,7.4296,1774036660236
gate,bybit,VANRYUSDT,0.00568,0.006102,7.4296,1774036660536
gate,bybit,VANRYUSDT,0.00568,0.006102,7.4296,1774036660836
gate,bybit,VANRYUSDT,0.00568,0.006102,7.4296,1774036661136
gate,bybit,VANRYUSDT,0.00568,0.006102,7.4296,1774036661437
gate,bybit,VANRYUSDT,0.00568,0.006102,7.4296,1774036661737
gate,bybit,VANRYUSDT,0.00568,0.006102,7.4296,1774036662037
gate,bybit,VANRYUSDT,0.00568,0.006102,7.4296,1774036662337
gate,bybit,VANRYUSDT,0.00568,0.006102,7.4296,1774036662637
gate,bybit,VANRYUSDT,0.00568,0.006102,7.4296,1774036662937
gate,bybit,VANRYUSDT,0.00568,0.006102,7.4296,1774036663237
gate,bybit,VANRYUSDT,0.00568,0.006102,7.4296,1774036663538
gate,bybit,VANRYUSDT,0.00568,0.006102,7.4296,1774036663838
gate,bybit,VANRYUSDT,0.00568,0.006102,7.4296,1774036664138
gate,bybit,VANRYUSDT,0.00568,0.006102,7.4296,1774036664439
gate,bybit,VANRYUSDT,0.00568,0.006102,7.4296,1774036664739
gate,bybit,VANRYUSDT,0.00568,0.006102,7.4296,1774036665039
gate,bybit,VANRYUSDT,0.00568,0.006102,7.4296,1774036665339
gate,bybit,VANRYUSDT,0.00568,0.006102,7.4296,1774036665640
gate,bybit,VANRYUSDT,0.00568,0.006102,7.4296,1774036665940
gate,bybit,VANRYUSDT,0.00568,0.006102,7.4296,1774036666240
gate,bybit,VANRYUSDT,0.00568,0.006102,7.4296,1774036666540
gate,bybit,VANRYUSDT,0.00568,0.006102,7.4296,1774036666840
gate,bybit,VANRYUSDT,0.00568,0.006102,7.4296,1774036667141
gate,bybit,VANRYUSDT,0.00568,0.006102,7.4296,1774036667441
gate,bybit,VANRYUSDT,0.00568,0.006102,7.4296,1774036667741
gate,bybit,VANRYUSDT,0.00568,0.006102,7.4296,1774036668042
gate,bybit,VANRYUSDT,0.00568,0.006102,7.4296,1774036668342
gate,bybit,VANRYUSDT,0.00568,0.006102,7.4296,1774036668643
gate,bybit,VANRYUSDT,0.00568,0.006102,7.4296,1774036668943
gate,bybit,VANRYUSDT,0.00568,0.006102,7.4296,1774036669243
gate,bybit,VANRYUSDT,0.00568,0.006102,7.4296,1774036669543
gate,bybit,VANRYUSDT,0.00568,0.006102,7.4296,1774036669843
gate,bybit,VANRYUSDT,0.00568,0.006102,7.4296,1774036670144
gate,bybit,VANRYUSDT,0.00568,0.006102,7.4296,1774036670444
gate,bybit,VANRYUSDT,0.00568,0.006102,7.4296,1774036670745
gate,bybit,VANRYUSDT,0.00568,0.006102,7.4296,1774036671045
gate,bybit,VANRYUSDT,0.00568,0.006102,7.4296,1774036671345
gate,bybit,VANRYUSDT,0.00568,0.006102,7.4296,1774036671645
gate,bybit,VANRYUSDT,0.00568,0.006102,7.4296,1774036671945
gate,bybit,VANRYUSDT,0.00568,0.006102,7.4296,1774036672246
gate,bybit,VANRYUSDT,0.00568,0.006102,7.4296,1774036672546
gate,bybit,VANRYUSDT,0.00568,0.006102,7.4296,1774036672847
gate,bybit,VANRYUSDT,0.00568,0.006102,7.4296,1774036673147
gate,bybit,VANRYUSDT,0.00568,0.006102,7.4296,1774036673448
gate,bybit,VANRYUSDT,0.00568,0.006102,7.4296,1774036673748
gate,bybit,VANRYUSDT,0.00568,0.006102,7.4296,1774036674048
gate,bybit,VANRYUSDT,0.00568,0.006102,7.4296,1774036674348
gate,bybit,VANRYUSDT,0.00568,0.006102,7.4296,1774036674648
gate,bybit,VANRYUSDT,0.00568,0.006102,7.4296,1774036674949
gate,bybit,VANRYUSDT,0.00568,0.006102,7.4296,1774036675249
gate,bybit,VANRYUSDT,0.00568,0.006102,7.4296,1774036675550
gate,bybit,VANRYUSDT,0.00568,0.006102,7.4296,1774036675850
gate,bybit,VANRYUSDT,0.00568,0.006102,7.4296,1774036676150
gate,bybit,VANRYUSDT,0.00568,0.006102,7.4296,1774036676450
gate,bybit,VANRYUSDT,0.00568,0.006102,7.4296,1774036676751
gate,bybit,VANRYUSDT,0.00568,0.006102,7.4296,1774036677051
gate,bybit,VANRYUSDT,0.00568,0.006102,7.4296,1774036677351
gate,bybit,VANRYUSDT,0.00568,0.006102,7.4296,1774036677653
gate,bybit,VANRYUSDT,0.00568,0.006102,7.4296,1774036677953
gate,bybit,VANRYUSDT,0.00568,0.006102,7.4296,1774036678253
gate,bybit,VANRYUSDT,0.00568,0.006102,7.4296,1774036678553
gate,bybit,VANRYUSDT,0.00568,0.006102,7.4296,1774036678854
gate,bybit,VANRYUSDT,0.00568,0.006102,7.4296,1774036679154
gate,bybit,VANRYUSDT,0.00568,0.006102,7.4296,1774036679454
gate,bybit,VANRYUSDT,0.00568,0.006102,7.4296,1774036679754
gate,bybit,VANRYUSDT,0.00568,0.006102,7.4296,1774036680055
gate,bybit,VANRYUSDT,0.00568,0.006102,7.4296,1774036680355
gate,bybit,VANRYUSDT,0.00568,0.006102,7.4296,1774036680655
gate,bybit,VANRYUSDT,0.00568,0.006102,7.4296,1774036680956
gate,bybit,VANRYUSDT,0.00568,0.006102,7.4296,1774036681256
gate,bybit,VANRYUSDT,0.00568,0.006102,7.4296,1774036681556
gate,bybit,VANRYUSDT,0.00568,0.006102,7.4296,1774036681857
gate,bybit,VANRYUSDT,0.00568,0.006102,7.4296,1774036682157
gate,bybit,VANRYUSDT,0.00568,0.006103,7.4472,1774036682457
gate,bybit,VANRYUSDT,0.00568,0.006103,7.4472,1774036682757
gate,bybit,VANRYUSDT,0.00568,0.006103,7.4472,1774036683057
gate,bybit,VANRYUSDT,0.00568,0.006103,7.4472,1774036683357
gate,bybit,VANRYUSDT,0.00568,0.006103,7.4472,1774036683657
gate,bybit,VANRYUSDT,0.00568,0.006103,7.4472,1774036683958
gate,bybit,VANRYUSDT,0.00568,0.006103,7.4472,1774036684258
gate,bybit,VANRYUSDT,0.00568,0.006103,7.4472,1774036684558
gate,bybit,VANRYUSDT,0.00568,0.006103,7.4472,1774036684858
gate,bybit,VANRYUSDT,0.00568,0.006103,7.4472,1774036685160
gate,bybit,VANRYUSDT,0.00568,0.006103,7.4472,1774036685460
gate,bybit,VANRYUSDT,0.00568,0.006103,7.4472,1774036685760
gate,bybit,VANRYUSDT,0.00568,0.006103,7.4472,1774036686060
gate,bybit,VANRYUSDT,0.00568,0.006103,7.4472,1774036686361
gate,bybit,VANRYUSDT,0.00568,0.006103,7.4472,1774036686661
gate,bybit,VANRYUSDT,0.00568,0.006103,7.4472,1774036686961
gate,bybit,VANRYUSDT,0.00568,0.006103,7.4472,1774036687261
gate,bybit,VANRYUSDT,0.00568,0.006103,7.4472,1774036687561
gate,bybit,VANRYUSDT,0.00568,0.006103,7.4472,1774036687862
gate,bybit,VANRYUSDT,0.00568,0.006103,7.4472,1774036688162
gate,bybit,VANRYUSDT,0.00568,0.006103,7.4472,1774036688462
gate,bybit,VANRYUSDT,0.00568,0.006103,7.4472,1774036688762
gate,bybit,VANRYUSDT,0.00568,0.006103,7.4472,1774036689062
gate,bybit,VANRYUSDT,0.00568,0.006103,7.4472,1774036689363
gate,bybit,VANRYUSDT,0.00568,0.006103,7.4472,1774036689663
gate,bybit,VANRYUSDT,0.00568,0.006103,7.4472,1774036689963
gate,bybit,VANRYUSDT,0.00568,0.006103,7.4472,1774036690264
gate,bybit,VANRYUSDT,0.00568,0.006103,7.4472,1774036690564
gate,bybit,VANRYUSDT,0.00568,0.006103,7.4472,1774036690864
gate,bybit,VANRYUSDT,0.00568,0.006103,7.4472,1774036691165
gate,bybit,VANRYUSDT,0.00568,0.006103,7.4472,1774036691465
gate,bybit,VANRYUSDT,0.00568,0.006103,7.4472,1774036691765
gate,bybit,VANRYUSDT,0.00568,0.006103,7.4472,1774036692066
gate,bybit,VANRYUSDT,0.00568,0.006103,7.4472,1774036692366
gate,bybit,VANRYUSDT,0.00568,0.006103,7.4472,1774036692666
gate,bybit,VANRYUSDT,0.00568,0.006103,7.4472,1774036692967
gate,bybit,VANRYUSDT,0.00568,0.006103,7.4472,1774036693267
gate,bybit,VANRYUSDT,0.00568,0.006103,7.4472,1774036693567
gate,bybit,VANRYUSDT,0.00568,0.006103,7.4472,1774036693868
gate,bybit,VANRYUSDT,0.00568,0.006103,7.4472,1774036694168
gate,bybit,VANRYUSDT,0.00568,0.006103,7.4472,1774036694469
gate,bybit,VANRYUSDT,0.00568,0.006103,7.4472,1774036694770
gate,bybit,VANRYUSDT,0.00568,0.006103,7.4472,1774036695070
gate,bybit,VANRYUSDT,0.00568,0.006103,7.4472,1774036695370
gate,bybit,VANRYUSDT,0.00568,0.006103,7.4472,1774036695670
gate,bybit,VANRYUSDT,0.00568,0.006103,7.4472,1774036695971
gate,bybit,VANRYUSDT,0.00568,0.006103,7.4472,1774036696271
gate,bybit,VANRYUSDT,0.00568,0.006103,7.4472,1774036696571
gate,bybit,VANRYUSDT,0.00568,0.006103,7.4472,1774036696872
gate,bybit,VANRYUSDT,0.00568,0.006103,7.4472,1774036697172
gate,bybit,VANRYUSDT,0.00568,0.006103,7.4472,1774036697472
gate,bybit,VANRYUSDT,0.00568,0.006103,7.4472,1774036697772
gate,bybit,VANRYUSDT,0.00568,0.006103,7.4472,1774036698072
gate,bybit,VANRYUSDT,0.00568,0.006103,7.4472,1774036698373
gate,bybit,VANRYUSDT,0.00568,0.006103,7.4472,1774036698673
gate,bybit,VANRYUSDT,0.00568,0.006103,7.4472,1774036698974
gate,bybit,VANRYUSDT,0.00568,0.006103,7.4472,1774036699274
gate,bybit,VANRYUSDT,0.00568,0.006103,7.4472,1774036699574
gate,bybit,VANRYUSDT,0.00568,0.006103,7.4472,1774036699874
gate,bybit,VANRYUSDT,0.00568,0.006103,7.4472,1774036700174
gate,bybit,VANRYUSDT,0.00568,0.006103,7.4472,1774036700475
gate,bybit,VANRYUSDT,0.00568,0.006103,7.4472,1774036700775
gate,bybit,VANRYUSDT,0.00568,0.006103,7.4472,1774036701075
gate,bybit,VANRYUSDT,0.00568,0.006103,7.4472,1774036701376
gate,bybit,VANRYUSDT,0.00568,0.006103,7.4472,1774036701676
gate,bybit,VANRYUSDT,0.00568,0.006103,7.4472,1774036701976
gate,bybit,VANRYUSDT,0.00568,0.006103,7.4472,1774036702276
gate,bybit,VANRYUSDT,0.00568,0.006103,7.4472,1774036702577
gate,bybit,VANRYUSDT,0.00568,0.006103,7.4472,1774036702877
gate,bybit,VANRYUSDT,0.00568,0.006103,7.4472,1774036703178
gate,bybit,VANRYUSDT,0.00568,0.006103,7.4472,1774036703478
gate,bybit,VANRYUSDT,0.00568,0.006103,7.4472,1774036703778
gate,bybit,VANRYUSDT,0.00568,0.006103,7.4472,1774036704079
gate,bybit,VANRYUSDT,0.00568,0.006103,7.4472,1774036704379
gate,bybit,VANRYUSDT,0.00568,0.006103,7.4472,1774036704680
gate,bybit,VANRYUSDT,0.00568,0.006103,7.4472,1774036704980
gate,bybit,VANRYUSDT,0.00568,0.006103,7.4472,1774036705280
gate,bybit,VANRYUSDT,0.00568,0.006103,7.4472,1774036705580
gate,bybit,VANRYUSDT,0.00568,0.006103,7.4472,1774036705881
gate,bybit,VANRYUSDT,0.00568,0.006103,7.4472,1774036706182
gate,bybit,VANRYUSDT,0.00568,0.006103,7.4472,1774036706483
gate,bybit,VANRYUSDT,0.00568,0.006103,7.4472,1774036706783
gate,bybit,VANRYUSDT,0.00568,0.006103,7.4472,1774036707083
gate,bybit,VANRYUSDT,0.00568,0.006103,7.4472,1774036707384
gate,bybit,VANRYUSDT,0.00568,0.006103,7.4472,1774036707684
gate,bybit,VANRYUSDT,0.00568,0.006103,7.4472,1774036707984
gate,bybit,VANRYUSDT,0.00568,0.006103,7.4472,1774036708284
gate,bybit,VANRYUSDT,0.00568,0.006103,7.4472,1774036708585
gate,bybit,VANRYUSDT,0.00568,0.006103,7.4472,1774036708885
gate,bybit,VANRYUSDT,0.00568,0.006103,7.4472,1774036709186
gate,bybit,VANRYUSDT,0.00568,0.006103,7.4472,1774036709486
gate,bybit,VANRYUSDT,0.00568,0.006103,7.4472,1774036709787
gate,bybit,VANRYUSDT,0.00568,0.006103,7.4472,1774036710087
gate,bybit,VANRYUSDT,0.00568,0.006103,7.4472,1774036710387
gate,bybit,VANRYUSDT,0.00568,0.006103,7.4472,1774036710687
gate,bybit,VANRYUSDT,0.00568,0.006103,7.4472,1774036710987
gate,bybit,VANRYUSDT,0.00568,0.006103,7.4472,1774036711288
gate,bybit,VANRYUSDT,0.00568,0.006103,7.4472,1774036711588
gate,bybit,VANRYUSDT,0.00568,0.006103,7.4472,1774036711889
gate,bybit,VANRYUSDT,0.00568,0.006103,7.4472,1774036712189
gate,bybit,VANRYUSDT,0.00568,0.006103,7.4472,1774036712490
gate,bybit,VANRYUSDT,0.00568,0.006103,7.4472,1774036712790
gate,bybit,VANRYUSDT,0.00568,0.006103,7.4472,1774036713090
gate,bybit,VANRYUSDT,0.00568,0.006103,7.4472,1774036713391
gate,bybit,VANRYUSDT,0.00568,0.006103,7.4472,1774036713691
gate,bybit,VANRYUSDT,0.00568,0.006103,7.4472,1774036713991
gate,bybit,VANRYUSDT,0.00568,0.006103,7.4472,1774036714291
gate,bybit,VANRYUSDT,0.00568,0.006103,7.4472,1774036714591
gate,bybit,VANRYUSDT,0.00568,0.006103,7.4472,1774036714892
gate,bybit,VANRYUSDT,0.00568,0.006103,7.4472,1774036715194
gate,bybit,VANRYUSDT,0.00568,0.006103,7.4472,1774036715495
gate,bybit,VANRYUSDT,0.00568,0.006103,7.4472,1774036715795
gate,bybit,VANRYUSDT,0.00568,0.006103,7.4472,1774036716095
gate,bybit,VANRYUSDT,0.00568,0.006103,7.4472,1774036716395
gate,bybit,VANRYUSDT,0.00568,0.006103,7.4472,1774036716696
gate,bybit,VANRYUSDT,0.00568,0.006103,7.4472,1774036716996
gate,bybit,VANRYUSDT,0.00568,0.006103,7.4472,1774036717296
gate,bybit,VANRYUSDT,0.00568,0.006103,7.4472,1774036717596
gate,bybit,VANRYUSDT,0.00568,0.006103,7.4472,1774036717896
gate,bybit,VANRYUSDT,0.00568,0.006103,7.4472,1774036718196
gate,bybit,VANRYUSDT,0.00568,0.006103,7.4472,1774036718497
gate,bybit,VANRYUSDT,0.00568,0.006103,7.4472,1774036718797
gate,bybit,VANRYUSDT,0.00568,0.006103,7.4472,1774036719098
gate,bybit,VANRYUSDT,0.00568,0.006103,7.4472,1774036719398
gate,bybit,VANRYUSDT,0.00568,0.006103,7.4472,1774036719699
gate,bybit,VANRYUSDT,0.00568,0.006103,7.4472,1774036719999
gate,bybit,VANRYUSDT,0.00568,0.006103,7.4472,1774036720299
gate,bybit,VANRYUSDT,0.00568,0.006103,7.4472,1774036720599
gate,bybit,VANRYUSDT,0.00568,0.006103,7.4472,1774036720900
gate,bybit,VANRYUSDT,0.00568,0.006103,7.4472,1774036721200
gate,bybit,VANRYUSDT,0.00568,0.006103,7.4472,1774036721500
gate,bybit,VANRYUSDT,0.00568,0.006103,7.4472,1774036721800
gate,bybit,VANRYUSDT,0.00568,0.006103,7.4472,1774036722100
gate,bybit,VANRYUSDT,0.00568,0.006103,7.4472,1774036722401
gate,bybit,VANRYUSDT,0.00568,0.006103,7.4472,1774036722701
gate,bybit,VANRYUSDT,0.00568,0.006103,7.4472,1774036723001
gate,bybit,VANRYUSDT,0.00568,0.006103,7.4472,1774036723301
gate,bybit,VANRYUSDT,0.00568,0.006103,7.4472,1774036723601
gate,bybit,VANRYUSDT,0.00568,0.006103,7.4472,1774036723901
gate,bybit,VANRYUSDT,0.00568,0.006103,7.4472,1774036724201
gate,bybit,VANRYUSDT,0.00568,0.006103,7.4472,1774036724502
gate,bybit,VANRYUSDT,0.00568,0.006103,7.4472,1774036724802
gate,bybit,VANRYUSDT,0.00568,0.006103,7.4472,1774036725102
gate,bybit,VANRYUSDT,0.00568,0.006103,7.4472,1774036725403
gate,bybit,VANRYUSDT,0.00568,0.006103,7.4472,1774036725703
gate,bybit,VANRYUSDT,0.00568,0.006103,7.4472,1774036726006
gate,bybit,VANRYUSDT,0.00568,0.006103,7.4472,1774036726306
gate,bybit,VANRYUSDT,0.00568,0.006103,7.4472,1774036726606
gate,bybit,VANRYUSDT,0.00568,0.006103,7.4472,1774036726907
gate,bybit,VANRYUSDT,0.00568,0.006103,7.4472,1774036727207
gate,bybit,VANRYUSDT,0.00568,0.006103,7.4472,1774036727507
gate,bybit,VANRYUSDT,0.00568,0.006103,7.4472,1774036727807
gate,bybit,VANRYUSDT,0.00568,0.006103,7.4472,1774036728107
gate,bybit,VANRYUSDT,0.00568,0.006103,7.4472,1774036728407
gate,bybit,VANRYUSDT,0.00568,0.006103,7.4472,1774036728708
gate,bybit,VANRYUSDT,0.00568,0.006103,7.4472,1774036729008
gate,bybit,VANRYUSDT,0.00568,0.006103,7.4472,1774036729309
gate,bybit,VANRYUSDT,0.00568,0.006103,7.4472,1774036729609
gate,bybit,VANRYUSDT,0.00568,0.006103,7.4472,1774036729909
gate,bybit,VANRYUSDT,0.00568,0.006103,7.4472,1774036730210
gate,bybit,VANRYUSDT,0.00568,0.006103,7.4472,1774036730510
gate,bybit,VANRYUSDT,0.00568,0.006103,7.4472,1774036730810
gate,bybit,VANRYUSDT,0.00568,0.006103,7.4472,1774036731110
gate,bybit,VANRYUSDT,0.00568,0.006103,7.4472,1774036731411
gate,bybit,VANRYUSDT,0.00568,0.006103,7.4472,1774036731712
gate,bybit,VANRYUSDT,0.00568,0.006103,7.4472,1774036732014
gate,bybit,VANRYUSDT,0.00568,0.006103,7.4472,1774036732314
gate,bybit,VANRYUSDT,0.00568,0.006103,7.4472,1774036732615
gate,bybit,VANRYUSDT,0.00568,0.006103,7.4472,1774036732915
gate,bybit,VANRYUSDT,0.00568,0.006103,7.4472,1774036733216
gate,bybit,VANRYUSDT,0.00568,0.006103,7.4472,1774036733516
gate,bybit,VANRYUSDT,0.00568,0.006103,7.4472,1774036733817
gate,bybit,VANRYUSDT,0.00568,0.006103,7.4472,1774036734117
gate,bybit,VANRYUSDT,0.00568,0.006103,7.4472,1774036734418
gate,bybit,VANRYUSDT,0.005676,0.006101,7.4877,1774036734718
gate,bybit,VANRYUSDT,0.005676,0.006101,7.4877,1774036735018
gate,bybit,VANRYUSDT,0.005676,0.006101,7.4877,1774036735319
gate,bybit,VANRYUSDT,0.005676,0.006101,7.4877,1774036735619
gate,bybit,VANRYUSDT,0.005676,0.006101,7.4877,1774036735919
gate,bybit,VANRYUSDT,0.005676,0.006101,7.4877,1774036736220
gate,bybit,VANRYUSDT,0.005676,0.006101,7.4877,1774036736520
gate,bybit,VANRYUSDT,0.005676,0.006101,7.4877,1774036736821
gate,bybit,VANRYUSDT,0.005676,0.006101,7.4877,1774036737121
gate,bybit,VANRYUSDT,0.005676,0.006101,7.4877,1774036737422
gate,bybit,VANRYUSDT,0.005676,0.006101,7.4877,1774036737722
gate,bybit,VANRYUSDT,0.005676,0.006101,7.4877,1774036738022
gate,bybit,VANRYUSDT,0.005676,0.006101,7.4877,1774036738323
gate,bybit,VANRYUSDT,0.005676,0.006101,7.4877,1774036738623
gate,bybit,VANRYUSDT,0.005676,0.006101,7.4877,1774036738924
gate,bybit,VANRYUSDT,0.005676,0.006101,7.4877,1774036739224
gate,bybit,VANRYUSDT,0.005676,0.006101,7.4877,1774036739524
gate,bybit,VANRYUSDT,0.005676,0.006101,7.4877,1774036739825
gate,bybit,VANRYUSDT,0.005676,0.006101,7.4877,1774036740125
gate,bybit,VANRYUSDT,0.005676,0.006101,7.4877,1774036740426
gate,bybit,VANRYUSDT,0.005676,0.006101,7.4877,1774036740726
gate,bybit,VANRYUSDT,0.005676,0.006101,7.4877,1774036741026
gate,bybit,VANRYUSDT,0.005674,0.0061,7.5079,1774036741326
gate,bybit,VANRYUSDT,0.005675,0.0061,7.489,1774036741627
gate,bybit,VANRYUSDT,0.005675,0.0061,7.489,1774036741927
gate,bybit,VANRYUSDT,0.005675,0.0061,7.489,1774036742227
gate,bybit,VANRYUSDT,0.005675,0.0061,7.489,1774036742527
gate,bybit,VANRYUSDT,0.005675,0.0061,7.489,1774036742827
gate,bybit,VANRYUSDT,0.005675,0.0061,7.489,1774036743127
gate,bybit,VANRYUSDT,0.005674,0.006099,7.4903,1774036743428
gate,bybit,VANRYUSDT,0.005674,0.006099,7.4903,1774036743728
gate,bybit,VANRYUSDT,0.005674,0.006099,7.4903,1774036744028
gate,bybit,VANRYUSDT,0.005674,0.006099,7.4903,1774036744328
gate,bybit,VANRYUSDT,0.005674,0.006099,7.4903,1774036744628
gate,bybit,VANRYUSDT,0.005674,0.006099,7.4903,1774036744929
gate,bybit,VANRYUSDT,0.005674,0.006099,7.4903,1774036745229
gate,bybit,VANRYUSDT,0.005674,0.006099,7.4903,1774036745529
gate,bybit,VANRYUSDT,0.005674,0.006099,7.4903,1774036745829
gate,bybit,VANRYUSDT,0.005674,0.006099,7.4903,1774036746130
gate,bybit,VANRYUSDT,0.005674,0.006099,7.4903,1774036746430
gate,bybit,VANRYUSDT,0.005673,0.006098,7.4916,1774036746730
gate,bybit,VANRYUSDT,0.005673,0.006098,7.4916,1774036747031
gate,bybit,VANRYUSDT,0.005673,0.006098,7.4916,1774036747331
gate,bybit,VANRYUSDT,0.005673,0.006098,7.4916,1774036747631
gate,bybit,VANRYUSDT,0.005673,0.006098,7.4916,1774036747932
gate,bybit,VANRYUSDT,0.005673,0.006098,7.4916,1774036748234
gate,bybit,VANRYUSDT,0.005675,0.006099,7.4714,1774036748534
gate,bybit,VANRYUSDT,0.005675,0.006099,7.4714,1774036748834
gate,bybit,VANRYUSDT,0.005675,0.006099,7.4714,1774036749135
gate,bybit,VANRYUSDT,0.005675,0.006099,7.4714,1774036749435
gate,bybit,VANRYUSDT,0.005675,0.006099,7.4714,1774036749736
gate,bybit,VANRYUSDT,0.005675,0.006099,7.4714,1774036750036
gate,bybit,VANRYUSDT,0.005675,0.006099,7.4714,1774036750336
gate,bybit,VANRYUSDT,0.005675,0.006099,7.4714,1774036750638
gate,bybit,VANRYUSDT,0.005675,0.006099,7.4714,1774036750938
gate,bybit,VANRYUSDT,0.005675,0.006099,7.4714,1774036751238
gate,bybit,VANRYUSDT,0.005675,0.006099,7.4714,1774036751538
gate,bybit,VANRYUSDT,0.005675,0.006099,7.4714,1774036751839
gate,bybit,VANRYUSDT,0.005677,0.006101,7.4687,1774036752139
gate,bybit,VANRYUSDT,0.005676,0.0061,7.47,1774036752440
gate,bybit,VANRYUSDT,0.005676,0.0061,7.47,1774036752741
gate,bybit,VANRYUSDT,0.005676,0.0061,7.47,1774036753042
gate,bybit,VANRYUSDT,0.005676,0.0061,7.47,1774036753342
gate,bybit,VANRYUSDT,0.005676,0.0061,7.47,1774036753642
gate,bybit,VANRYUSDT,0.005676,0.0061,7.47,1774036753942
gate,bybit,VANRYUSDT,0.005676,0.0061,7.47,1774036754243
gate,bybit,VANRYUSDT,0.005676,0.0061,7.47,1774036754543
gate,bybit,VANRYUSDT,0.005676,0.0061,7.47,1774036754843
gate,bybit,VANRYUSDT,0.005676,0.0061,7.47,1774036755144
gate,bybit,VANRYUSDT,0.005676,0.0061,7.47,1774036755444
gate,bybit,VANRYUSDT,0.005676,0.0061,7.47,1774036755744
gate,bybit,VANRYUSDT,0.005676,0.0061,7.47,1774036756045
gate,bybit,VANRYUSDT,0.005676,0.0061,7.47,1774036756346
gate,bybit,VANRYUSDT,0.005676,0.0061,7.47,1774036756646
gate,bybit,VANRYUSDT,0.005676,0.0061,7.47,1774036756947
gate,bybit,VANRYUSDT,0.005676,0.0061,7.47,1774036757247
gate,bybit,VANRYUSDT,0.005676,0.0061,7.47,1774036757547
gate,bybit,VANRYUSDT,0.005676,0.0061,7.47,1774036757847
gate,bybit,VANRYUSDT,0.005676,0.0061,7.47,1774036758147
gate,bybit,VANRYUSDT,0.005676,0.0061,7.47,1774036758447
gate,bybit,VANRYUSDT,0.005676,0.0061,7.47,1774036758748
gate,bybit,VANRYUSDT,0.005676,0.0061,7.47,1774036759048
gate,bybit,VANRYUSDT,0.005676,0.0061,7.47,1774036759348
gate,bybit,VANRYUSDT,0.005676,0.0061,7.47,1774036759648
gate,bybit,VANRYUSDT,0.005676,0.0061,7.47,1774036759948
gate,bybit,VANRYUSDT,0.005676,0.0061,7.47,1774036760249
gate,bybit,VANRYUSDT,0.005676,0.0061,7.47,1774036760549
gate,bybit,VANRYUSDT,0.005676,0.0061,7.47,1774036760850
gate,bybit,VANRYUSDT,0.005676,0.0061,7.47,1774036761150
gate,bybit,VANRYUSDT,0.005676,0.0061,7.47,1774036761453
gate,bybit,VANRYUSDT,0.005676,0.0061,7.47,1774036761753
gate,bybit,VANRYUSDT,0.005676,0.0061,7.47,1774036762053
gate,bybit,VANRYUSDT,0.005676,0.0061,7.47,1774036762354
gate,bybit,VANRYUSDT,0.005676,0.0061,7.47,1774036762654
gate,bybit,VANRYUSDT,0.005676,0.0061,7.47,1774036762954
gate,bybit,VANRYUSDT,0.005676,0.0061,7.47,1774036763254
gate,bybit,VANRYUSDT,0.005677,0.006101,7.4687,1774036763554
gate,bybit,VANRYUSDT,0.005677,0.006101,7.4687,1774036763855
gate,bybit,VANRYUSDT,0.005677,0.006101,7.4687,1774036764155
gate,bybit,VANRYUSDT,0.005677,0.006101,7.4687,1774036764455
gate,bybit,VANRYUSDT,0.005677,0.006101,7.4687,1774036764756
gate,bybit,VANRYUSDT,0.005677,0.006101,7.4687,1774036765057
gate,bybit,VANRYUSDT,0.005677,0.006101,7.4687,1774036765357
gate,bybit,VANRYUSDT,0.005677,0.006101,7.4687,1774036765657
gate,bybit,VANRYUSDT,0.005677,0.006101,7.4687,1774036765957
gate,bybit,VANRYUSDT,0.005677,0.006101,7.4687,1774036766258
gate,bybit,VANRYUSDT,0.005677,0.006101,7.4687,1774036766558
gate,bybit,VANRYUSDT,0.005677,0.006101,7.4687,1774036766859
gate,bybit,VANRYUSDT,0.005677,0.006101,7.4687,1774036767159
gate,bybit,VANRYUSDT,0.005677,0.006101,7.4687,1774036767459
gate,bybit,VANRYUSDT,0.005677,0.006101,7.4687,1774036767759
gate,bybit,VANRYUSDT,0.00568,0.006102,7.4296,1774036768059
gate,bybit,VANRYUSDT,0.005679,0.006104,7.4837,1774036768359
gate,bybit,VANRYUSDT,0.00568,0.006104,7.4648,1774036768660
gate,bybit,VANRYUSDT,0.00568,0.006104,7.4648,1774036768961
gate,bybit,VANRYUSDT,0.00568,0.006104,7.4648,1774036769261
gate,bybit,VANRYUSDT,0.00568,0.006104,7.4648,1774036769561
gate,bybit,VANRYUSDT,0.00568,0.006104,7.4648,1774036769861
gate,bybit,VANRYUSDT,0.00568,0.006104,7.4648,1774036770162
gate,bybit,VANRYUSDT,0.00568,0.006104,7.4648,1774036770462
gate,bybit,VANRYUSDT,0.005681,0.006104,7.4459,1774036770763
gate,bybit,VANRYUSDT,0.005682,0.006104,7.427,1774036771063
gate,bybit,VANRYUSDT,0.005682,0.006104,7.427,1774036771363
gate,bybit,VANRYUSDT,0.005682,0.006104,7.427,1774036771663
gate,bybit,VANRYUSDT,0.005681,0.006104,7.4459,1774036771964
gate,bybit,VANRYUSDT,0.005682,0.006104,7.427,1774036772264
gate,bybit,VANRYUSDT,0.005682,0.006104,7.427,1774036772565
gate,bybit,VANRYUSDT,0.005682,0.006104,7.427,1774036772866
gate,bybit,VANRYUSDT,0.005682,0.006104,7.427,1774036773166
gate,bybit,VANRYUSDT,0.005682,0.006104,7.427,1774036773466
gate,bybit,VANRYUSDT,0.005681,0.006104,7.4459,1774036773766
gate,bybit,VANRYUSDT,0.005682,0.006104,7.427,1774036774066
gate,bybit,VANRYUSDT,0.005681,0.006104,7.4459,1774036774367
gate,bybit,VANRYUSDT,0.005681,0.006104,7.4459,1774036774668
gate,bybit,VANRYUSDT,0.00568,0.006104,7.4648,1774036774969
gate,bybit,VANRYUSDT,0.005681,0.006104,7.4459,1774036775270
gate,bybit,VANRYUSDT,0.00568,0.006104,7.4648,1774036775570
gate,bybit,VANRYUSDT,0.00568,0.006104,7.4648,1774036775870
gate,bybit,VANRYUSDT,0.00568,0.006104,7.4648,1774036776170
gate,bybit,VANRYUSDT,0.00568,0.006104,7.4648,1774036776471
gate,bybit,VANRYUSDT,0.00568,0.006104,7.4648,1774036776771
gate,bybit,VANRYUSDT,0.005681,0.006104,7.4459,1774036777071
gate,bybit,VANRYUSDT,0.005681,0.006104,7.4459,1774036777372
gate,bybit,VANRYUSDT,0.005681,0.006104,7.4459,1774036777672
gate,bybit,VANRYUSDT,0.005681,0.006104,7.4459,1774036777973
gate,bybit,VANRYUSDT,0.005682,0.006104,7.427,1774036778274
gate,bybit,VANRYUSDT,0.005682,0.006104,7.427,1774036778574
gate,bybit,VANRYUSDT,0.005681,0.006104,7.4459,1774036778874
gate,bybit,VANRYUSDT,0.005682,0.006104,7.427,1774036779175
gate,bybit,VANRYUSDT,0.005682,0.006104,7.427,1774036779475
gate,bybit,VANRYUSDT,0.005682,0.006104,7.427,1774036779775
gate,bybit,VANRYUSDT,0.005682,0.006104,7.427,1774036780076
gate,bybit,VANRYUSDT,0.005681,0.006103,7.4283,1774036780376
gate,bybit,VANRYUSDT,0.005681,0.006103,7.4283,1774036780676
gate,bybit,VANRYUSDT,0.005681,0.006103,7.4283,1774036780977
gate,bybit,VANRYUSDT,0.005681,0.006103,7.4283,1774036781277
gate,bybit,VANRYUSDT,0.005681,0.006103,7.4283,1774036781577
gate,bybit,VANRYUSDT,0.005681,0.006103,7.4283,1774036781879
gate,bybit,VANRYUSDT,0.00568,0.006103,7.4472,1774036782180
gate,bybit,VANRYUSDT,0.00568,0.006103,7.4472,1774036782480
gate,bybit,VANRYUSDT,0.00568,0.006103,7.4472,1774036782780
gate,bybit,VANRYUSDT,0.00568,0.006103,7.4472,1774036783080
gate,bybit,VANRYUSDT,0.00568,0.006103,7.4472,1774036783380
gate,bybit,VANRYUSDT,0.00568,0.006103,7.4472,1774036783680
gate,bybit,VANRYUSDT,0.00568,0.006103,7.4472,1774036783980
gate,bybit,VANRYUSDT,0.005678,0.006103,7.485,1774036784281
gate,bybit,VANRYUSDT,0.005678,0.006103,7.485,1774036784581
gate,bybit,VANRYUSDT,0.005679,0.006103,7.4661,1774036784881
gate,bybit,VANRYUSDT,0.005679,0.006103,7.4661,1774036785181
gate,bybit,VANRYUSDT,0.005679,0.006103,7.4661,1774036785482
gate,bybit,VANRYUSDT,0.005679,0.006103,7.4661,1774036785782
gate,bybit,VANRYUSDT,0.005679,0.006103,7.4661,1774036786083
gate,bybit,VANRYUSDT,0.005679,0.006103,7.4661,1774036786383
gate,bybit,VANRYUSDT,0.005679,0.006103,7.4661,1774036786683
gate,bybit,VANRYUSDT,0.00568,0.006103,7.4472,1774036786983
gate,bybit,VANRYUSDT,0.00568,0.006103,7.4472,1774036787284
gate,bybit,VANRYUSDT,0.00568,0.006103,7.4472,1774036787585
gate,bybit,VANRYUSDT,0.00568,0.006103,7.4472,1774036787885
gate,bybit,VANRYUSDT,0.00568,0.006103,7.4472,1774036788186
gate,bybit,VANRYUSDT,0.00568,0.006103,7.4472,1774036788486
gate,bybit,VANRYUSDT,0.00568,0.006103,7.4472,1774036788786
gate,bybit,VANRYUSDT,0.00568,0.006103,7.4472,1774036789086
gate,bybit,VANRYUSDT,0.00568,0.006103,7.4472,1774036789386
gate,bybit,VANRYUSDT,0.00568,0.006103,7.4472,1774036789686
gate,bybit,VANRYUSDT,0.00568,0.006103,7.4472,1774036789986
gate,bybit,VANRYUSDT,0.00568,0.006103,7.4472,1774036790286
gate,bybit,VANRYUSDT,0.00568,0.006103,7.4472,1774036790587
gate,bybit,VANRYUSDT,0.00568,0.006103,7.4472,1774036790887
gate,bybit,VANRYUSDT,0.00568,0.006103,7.4472,1774036791188
gate,bybit,VANRYUSDT,0.00568,0.006103,7.4472,1774036791488
gate,bybit,VANRYUSDT,0.00568,0.006103,7.4472,1774036791788
gate,bybit,VANRYUSDT,0.00568,0.006103,7.4472,1774036792088
gate,bybit,VANRYUSDT,0.00568,0.006103,7.4472,1774036792389
gate,bybit,VANRYUSDT,0.00568,0.006103,7.4472,1774036792689
gate,bybit,VANRYUSDT,0.00568,0.006103,7.4472,1774036792990
gate,bybit,VANRYUSDT,0.00568,0.006103,7.4472,1774036793290
gate,bybit,VANRYUSDT,0.00568,0.006103,7.4472,1774036793590
gate,bybit,VANRYUSDT,0.00568,0.006103,7.4472,1774036793890
gate,bybit,VANRYUSDT,0.00568,0.006103,7.4472,1774036794191
gate,bybit,VANRYUSDT,0.00568,0.006103,7.4472,1774036794491
gate,bybit,VANRYUSDT,0.00568,0.006103,7.4472,1774036794798
gate,bybit,VANRYUSDT,0.00568,0.006103,7.4472,1774036795099
gate,bybit,VANRYUSDT,0.005682,0.006105,7.4446,1774036795399
gate,bybit,VANRYUSDT,0.005681,0.006104,7.4459,1774036795699
gate,bybit,VANRYUSDT,0.005681,0.006104,7.4459,1774036795999
gate,bybit,VANRYUSDT,0.005681,0.006104,7.4459,1774036796299
gate,bybit,VANRYUSDT,0.005681,0.006104,7.4459,1774036796599
gate,bybit,VANRYUSDT,0.005681,0.006104,7.4459,1774036796899
gate,bybit,VANRYUSDT,0.005681,0.006104,7.4459,1774036797199
gate,bybit,VANRYUSDT,0.005681,0.006104,7.4459,1774036797500
gate,bybit,VANRYUSDT,0.005681,0.006104,7.4459,1774036797800
gate,bybit,VANRYUSDT,0.005681,0.006104,7.4459,1774036798100
gate,bybit,VANRYUSDT,0.005681,0.006104,7.4459,1774036798400
gate,bybit,VANRYUSDT,0.005682,0.006104,7.427,1774036798701
gate,bybit,VANRYUSDT,0.005682,0.006104,7.427,1774036799001
gate,bybit,VANRYUSDT,0.005682,0.006104,7.427,1774036799301
gate,bybit,VANRYUSDT,0.005682,0.006104,7.427,1774036799601
gate,bybit,VANRYUSDT,0.005682,0.006104,7.427,1774036799903
gate,bybit,VANRYUSDT,0.005682,0.006104,7.427,1774036800203
gate,bybit,VANRYUSDT,0.005682,0.006104,7.427,1774036800503
gate,bybit,VANRYUSDT,0.005682,0.006104,7.427,1774036800803
gate,bybit,VANRYUSDT,0.005682,0.006104,7.427,1774036801107
gate,bybit,VANRYUSDT,0.005682,0.006104,7.427,1774036801407
gate,bybit,VANRYUSDT,0.005682,0.006104,7.427,1774036801708
gate,bybit,VANRYUSDT,0.005681,0.006104,7.4459,1774036802009
gate,bybit,VANRYUSDT,0.005681,0.006104,7.4459,1774036802309
gate,bybit,VANRYUSDT,0.005681,0.006104,7.4459,1774036802609
gate,bybit,VANRYUSDT,0.005681,0.006104,7.4459,1774036802909
gate,bybit,VANRYUSDT,0.005681,0.006104,7.4459,1774036803210
gate,bybit,VANRYUSDT,0.005681,0.006104,7.4459,1774036803510
gate,bybit,VANRYUSDT,0.005681,0.006104,7.4459,1774036803810
gate,bybit,VANRYUSDT,0.005681,0.006105,7.4635,1774036804110
gate,bybit,VANRYUSDT,0.005682,0.006107,7.4798,1774036804411
gate,bybit,VANRYUSDT,0.005683,0.006109,7.496,1774036804711
gate,bybit,VANRYUSDT,0.005688,0.006112,7.4543,1774036805011
gate,bybit,VANRYUSDT,0.005688,0.006112,7.4543,1774036805311
gate,bybit,VANRYUSDT,0.005689,0.006112,7.4354,1774036805612
gate,bybit,VANRYUSDT,0.005689,0.006112,7.4354,1774036805912
gate,bybit,VANRYUSDT,0.005689,0.006112,7.4354,1774036806212
gate,bybit,VANRYUSDT,0.005689,0.006112,7.4354,1774036806512
gate,bybit,VANRYUSDT,0.005689,0.006112,7.4354,1774036806812
gate,bybit,VANRYUSDT,0.00569,0.006112,7.4165,1774036807112
gate,bybit,VANRYUSDT,0.00569,0.006112,7.4165,1774036807412
gate,bybit,VANRYUSDT,0.00569,0.006112,7.4165,1774036807714
gate,bybit,VANRYUSDT,0.005692,0.006112,7.3788,1774036808014
gate,bybit,VANRYUSDT,0.005691,0.006112,7.3976,1774036808314
gate,bybit,VANRYUSDT,0.00569,0.006112,7.4165,1774036808614
gate,bybit,VANRYUSDT,0.005691,0.006112,7.3976,1774036808914
gate,bybit,VANRYUSDT,0.005689,0.006112,7.4354,1774036809214
gate,bybit,VANRYUSDT,0.005689,0.006112,7.4354,1774036809515
gate,bybit,VANRYUSDT,0.00569,0.006112,7.4165,1774036809815
gate,bybit,VANRYUSDT,0.00569,0.006112,7.4165,1774036810115
gate,bybit,VANRYUSDT,0.005685,0.00611,7.4758,1774036810415
gate,bybit,VANRYUSDT,0.005686,0.006109,7.4393,1774036810715
gate,bybit,VANRYUSDT,0.005681,0.006103,7.4283,1774036811016
gate,bybit,VANRYUSDT,0.005676,0.006098,7.4348,1774036811316
gate,bybit,VANRYUSDT,0.005675,0.006096,7.4185,1774036811617
gate,bybit,VANRYUSDT,0.005674,0.006096,7.4374,1774036811919
gate,bybit,VANRYUSDT,0.005673,0.006096,7.4564,1774036812219
gate,bybit,VANRYUSDT,0.005673,0.006096,7.4564,1774036812519
gate,bybit,VANRYUSDT,0.005672,0.006096,7.4753,1774036812820
gate,bybit,VANRYUSDT,0.005673,0.006096,7.4564,1774036813120
gate,bybit,VANRYUSDT,0.005673,0.006096,7.4564,1774036813421
gate,bybit,VANRYUSDT,0.005673,0.006096,7.4564,1774036813721
gate,bybit,VANRYUSDT,0.005674,0.006096,7.4374,1774036814021
gate,bybit,VANRYUSDT,0.005673,0.006096,7.4564,1774036814321
gate,bybit,VANRYUSDT,0.005673,0.006096,7.4564,1774036814621
gate,bybit,VANRYUSDT,0.005674,0.006096,7.4374,1774036814921
gate,bybit,VANRYUSDT,0.005673,0.006096,7.4564,1774036815222
gate,bybit,VANRYUSDT,0.005673,0.006095,7.4387,1774036815522
gate,bybit,VANRYUSDT,0.005673,0.006095,7.4387,1774036815822
gate,bybit,VANRYUSDT,0.005673,0.006095,7.4387,1774036816123
gate,bybit,VANRYUSDT,0.005673,0.006101,7.5445,1774036816423
gate,bybit,VANRYUSDT,0.005678,0.006101,7.4498,1774036816724
gate,bybit,VANRYUSDT,0.005678,0.006101,7.4498,1774036817024
gate,bybit,VANRYUSDT,0.005678,0.006101,7.4498,1774036817324
gate,bybit,VANRYUSDT,0.005679,0.006101,7.4309,1774036817624
gate,bybit,VANRYUSDT,0.005679,0.006101,7.4309,1774036817924
gate,bybit,VANRYUSDT,0.005679,0.006101,7.4309,1774036818224
gate,bybit,VANRYUSDT,0.005679,0.006101,7.4309,1774036818525
gate,bybit,VANRYUSDT,0.005679,0.006101,7.4309,1774036818825
gate,bybit,VANRYUSDT,0.00568,0.006101,7.412,1774036819125
gate,bybit,VANRYUSDT,0.005679,0.006101,7.4309,1774036819425
gate,bybit,VANRYUSDT,0.005679,0.006101,7.4309,1774036819725
gate,bybit,VANRYUSDT,0.005679,0.006101,7.4309,1774036820025
gate,bybit,VANRYUSDT,0.00568,0.006101,7.412,1774036820326
gate,bybit,VANRYUSDT,0.005679,0.006101,7.4309,1774036820626
gate,bybit,VANRYUSDT,0.005679,0.006101,7.4309,1774036820926
gate,bybit,VANRYUSDT,0.00568,0.006101,7.412,1774036821227
gate,bybit,VANRYUSDT,0.00568,0.006101,7.412,1774036821527
gate,bybit,VANRYUSDT,0.00568,0.006101,7.412,1774036821828
gate,bybit,VANRYUSDT,0.00568,0.006101,7.412,1774036822128
gate,bybit,VANRYUSDT,0.00568,0.006101,7.412,1774036822429
gate,bybit,VANRYUSDT,0.00568,0.006101,7.412,1774036822730
gate,bybit,VANRYUSDT,0.00568,0.006101,7.412,1774036823030
gate,bybit,VANRYUSDT,0.005681,0.006101,7.3931,1774036823330
gate,bybit,VANRYUSDT,0.005681,0.006103,7.4283,1774036823630
gate,bybit,VANRYUSDT,0.005681,0.006103,7.4283,1774036823930
gate,bybit,VANRYUSDT,0.005681,0.006103,7.4283,1774036824231
gate,bybit,VANRYUSDT,0.005681,0.006103,7.4283,1774036824531
gate,bybit,VANRYUSDT,0.005681,0.006103,7.4283,1774036824832
gate,bybit,VANRYUSDT,0.005681,0.006103,7.4283,1774036825132
gate,bybit,VANRYUSDT,0.005682,0.006103,7.4094,1774036825435
gate,bybit,VANRYUSDT,0.005682,0.006103,7.4094,1774036825735
gate,bybit,VANRYUSDT,0.005682,0.006103,7.4094,1774036826036
gate,bybit,VANRYUSDT,0.005682,0.006103,7.4094,1774036826336
gate,bybit,VANRYUSDT,0.005682,0.006103,7.4094,1774036826636
gate,bybit,VANRYUSDT,0.005682,0.006103,7.4094,1774036826936
gate,bybit,VANRYUSDT,0.005683,0.006103,7.3905,1774036827237
gate,bybit,VANRYUSDT,0.005683,0.006103,7.3905,1774036827537
gate,bybit,VANRYUSDT,0.005682,0.006103,7.4094,1774036827838
gate,bybit,VANRYUSDT,0.005682,0.006103,7.4094,1774036828138
gate,bybit,VANRYUSDT,0.005682,0.006103,7.4094,1774036828439
gate,bybit,VANRYUSDT,0.005682,0.006103,7.4094,1774036828739
gate,bybit,VANRYUSDT,0.005682,0.006103,7.4094,1774036829040
gate,bybit,VANRYUSDT,0.005683,0.006103,7.3905,1774036829340
gate,bybit,VANRYUSDT,0.005683,0.006103,7.3905,1774036829640
gate,bybit,VANRYUSDT,0.005683,0.006103,7.3905,1774036829941
gate,bybit,VANRYUSDT,0.005684,0.006103,7.3716,1774036830241
gate,bybit,VANRYUSDT,0.005684,0.006103,7.3716,1774036830542
gate,bybit,VANRYUSDT,0.005684,0.006103,7.3716,1774036830842
gate,bybit,VANRYUSDT,0.005684,0.006103,7.3716,1774036831142
gate,bybit,VANRYUSDT,0.005684,0.006103,7.3716,1774036831443
gate,bybit,VANRYUSDT,0.005684,0.006103,7.3716,1774036831743
gate,bybit,VANRYUSDT,0.005684,0.006103,7.3716,1774036832043
gate,bybit,VANRYUSDT,0.005684,0.006103,7.3716,1774036832344
gate,bybit,VANRYUSDT,0.005684,0.006103,7.3716,1774036832644
gate,bybit,VANRYUSDT,0.005684,0.006103,7.3716,1774036832944
gate,bybit,VANRYUSDT,0.005684,0.006103,7.3716,1774036833244
gate,bybit,VANRYUSDT,0.005684,0.006103,7.3716,1774036833545
gate,bybit,VANRYUSDT,0.005684,0.006103,7.3716,1774036833845
gate,bybit,VANRYUSDT,0.005684,0.006105,7.4068,1774036834146
gate,bybit,VANRYUSDT,0.005685,0.006105,7.3879,1774036834446
gate,bybit,VANRYUSDT,0.005685,0.006105,7.3879,1774036834747
gate,bybit,VANRYUSDT,0.005685,0.006105,7.3879,1774036835047
gate,bybit,VANRYUSDT,0.005685,0.006105,7.3879,1774036835347
gate,bybit,VANRYUSDT,0.005685,0.006105,7.3879,1774036835647
gate,bybit,VANRYUSDT,0.005685,0.006105,7.3879,1774036835948
gate,bybit,VANRYUSDT,0.005684,0.006104,7.3892,1774036836248
gate,bybit,VANRYUSDT,0.005685,0.006104,7.3703,1774036836549
gate,bybit,VANRYUSDT,0.005685,0.006104,7.3703,1774036836849
gate,bybit,VANRYUSDT,0.005685,0.006104,7.3703,1774036837149
gate,bybit,VANRYUSDT,0.005686,0.006104,7.3514,1774036837450
gate,bybit,VANRYUSDT,0.005686,0.006104,7.3514,1774036837750
gate,bybit,VANRYUSDT,0.005686,0.006104,7.3514,1774036838051
gate,bybit,VANRYUSDT,0.005686,0.006104,7.3514,1774036838351
gate,bybit,VANRYUSDT,0.005686,0.006104,7.3514,1774036838651
gate,bybit,VANRYUSDT,0.005686,0.006104,7.3514,1774036838951
gate,bybit,VANRYUSDT,0.005686,0.006104,7.3514,1774036839251
gate,bybit,VANRYUSDT,0.005686,0.006104,7.3514,1774036839552
gate,bybit,VANRYUSDT,0.005686,0.006104,7.3514,1774036839852
gate,bybit,VANRYUSDT,0.005686,0.006104,7.3514,1774036840152
gate,bybit,VANRYUSDT,0.005687,0.006104,7.3325,1774036840453
gate,bybit,VANRYUSDT,0.005687,0.006104,7.3325,1774036840753
gate,bybit,VANRYUSDT,0.005687,0.006104,7.3325,1774036841053
gate,bybit,VANRYUSDT,0.005686,0.006104,7.3514,1774036841353
gate,bybit,VANRYUSDT,0.005686,0.006104,7.3514,1774036841653
gate,bybit,VANRYUSDT,0.005686,0.006105,7.369,1774036841954
gate,bybit,VANRYUSDT,0.005686,0.006105,7.369,1774036842254
gate,bybit,VANRYUSDT,0.005687,0.006105,7.3501,1774036842554
gate,bybit,VANRYUSDT,0.005687,0.006105,7.3501,1774036842854
gate,bybit,VANRYUSDT,0.005687,0.006105,7.3501,1774036843155
gate,bybit,VANRYUSDT,0.005687,0.006105,7.3501,1774036843455
gate,bybit,VANRYUSDT,0.005687,0.006105,7.3501,1774036843756
gate,bybit,VANRYUSDT,0.005687,0.006105,7.3501,1774036844056
gate,bybit,VANRYUSDT,0.005687,0.006105,7.3501,1774036844356
gate,bybit,VANRYUSDT,0.005687,0.006105,7.3501,1774036844656
gate,bybit,VANRYUSDT,0.005687,0.006105,7.3501,1774036844956
gate,bybit,VANRYUSDT,0.005687,0.006105,7.3501,1774036845256
gate,bybit,VANRYUSDT,0.005687,0.006105,7.3501,1774036845556
gate,bybit,VANRYUSDT,0.005687,0.006105,7.3501,1774036845857
gate,bybit,VANRYUSDT,0.005687,0.006105,7.3501,1774036846157
gate,bybit,VANRYUSDT,0.005687,0.006105,7.3501,1774036846457
gate,bybit,VANRYUSDT,0.005686,0.006105,7.369,1774036846757
gate,bybit,VANRYUSDT,0.005686,0.006105,7.369,1774036847057
gate,bybit,VANRYUSDT,0.005686,0.006105,7.369,1774036847358
gate,bybit,VANRYUSDT,0.005686,0.006105,7.369,1774036847658
gate,bybit,VANRYUSDT,0.005686,0.006105,7.369,1774036847959
gate,bybit,VANRYUSDT,0.005686,0.006105,7.369,1774036848259
gate,bybit,VANRYUSDT,0.005686,0.006105,7.369,1774036848559
gate,bybit,VANRYUSDT,0.005686,0.006105,7.369,1774036848859
gate,bybit,VANRYUSDT,0.005686,0.006105,7.369,1774036849160
gate,bybit,VANRYUSDT,0.005686,0.006105,7.369,1774036849460
gate,bybit,VANRYUSDT,0.005686,0.006105,7.369,1774036849760
gate,bybit,VANRYUSDT,0.005686,0.006105,7.369,1774036850061
gate,bybit,VANRYUSDT,0.005686,0.006105,7.369,1774036850361
gate,bybit,VANRYUSDT,0.005686,0.006105,7.369,1774036850661
gate,bybit,VANRYUSDT,0.005686,0.006105,7.369,1774036850961
gate,bybit,VANRYUSDT,0.005686,0.006105,7.369,1774036851261
gate,bybit,VANRYUSDT,0.005686,0.006105,7.369,1774036851563
gate,bybit,VANRYUSDT,0.005686,0.006105,7.369,1774036851865
gate,bybit,VANRYUSDT,0.005686,0.006105,7.369,1774036852165
gate,bybit,VANRYUSDT,0.005686,0.006105,7.369,1774036852465
gate,bybit,VANRYUSDT,0.005686,0.006105,7.369,1774036852767
gate,bybit,VANRYUSDT,0.005686,0.006105,7.369,1774036853067
gate,bybit,VANRYUSDT,0.005686,0.006105,7.369,1774036853367
gate,bybit,VANRYUSDT,0.005686,0.006105,7.369,1774036853667
gate,bybit,VANRYUSDT,0.005686,0.006105,7.369,1774036853967
gate,bybit,VANRYUSDT,0.005686,0.006105,7.369,1774036854267
gate,bybit,VANRYUSDT,0.005686,0.006105,7.369,1774036854567
gate,bybit,VANRYUSDT,0.005686,0.006105,7.369,1774036854868
gate,bybit,VANRYUSDT,0.005686,0.006105,7.369,1774036855168
gate,bybit,VANRYUSDT,0.005686,0.006105,7.369,1774036855468
gate,bybit,VANRYUSDT,0.005687,0.006105,7.3501,1774036855768
gate,bybit,VANRYUSDT,0.005687,0.006105,7.3501,1774036856068
gate,bybit,VANRYUSDT,0.005687,0.006105,7.3501,1774036856369
gate,bybit,VANRYUSDT,0.005687,0.006105,7.3501,1774036856669
gate,bybit,VANRYUSDT,0.005687,0.006105,7.3501,1774036856971
gate,bybit,VANRYUSDT,0.005687,0.006105,7.3501,1774036857271
gate,bybit,VANRYUSDT,0.005687,0.006105,7.3501,1774036857571
gate,bybit,VANRYUSDT,0.005686,0.006105,7.369,1774036857871
gate,bybit,VANRYUSDT,0.005686,0.006105,7.369,1774036858172
gate,bybit,VANRYUSDT,0.005686,0.006105,7.369,1774036858472
gate,bybit,VANRYUSDT,0.005686,0.006105,7.369,1774036858774
gate,bybit,VANRYUSDT,0.005686,0.006105,7.369,1774036859074
gate,bybit,VANRYUSDT,0.005686,0.006105,7.369,1774036859374
gate,bybit,VANRYUSDT,0.005686,0.006105,7.369,1774036859674
gate,bybit,VANRYUSDT,0.005686,0.006105,7.369,1774036859975
gate,bybit,VANRYUSDT,0.005686,0.006105,7.369,1774036860275
gate,bybit,VANRYUSDT,0.005685,0.006105,7.3879,1774036860575
gate,bybit,VANRYUSDT,0.005685,0.006105,7.3879,1774036860875
gate,bybit,VANRYUSDT,0.005685,0.006105,7.3879,1774036861175
gate,bybit,VANRYUSDT,0.005685,0.006105,7.3879,1774036861476
gate,bybit,VANRYUSDT,0.005684,0.006105,7.4068,1774036861776
gate,bybit,VANRYUSDT,0.005682,0.0061,7.3566,1774036862076
gate,bybit,VANRYUSDT,0.005682,0.006101,7.3742,1774036862376
gate,bybit,VANRYUSDT,0.005682,0.006101,7.3742,1774036862676
gate,bybit,VANRYUSDT,0.005681,0.006101,7.3931,1774036862978
gate,bybit,VANRYUSDT,0.005681,0.006101,7.3931,1774036863278
gate,bybit,VANRYUSDT,0.005681,0.006101,7.3931,1774036863578
gate,bybit,VANRYUSDT,0.005679,0.006099,7.3957,1774036863878
gate,bybit,VANRYUSDT,0.005679,0.006099,7.3957,1774036864179
gate,bybit,VANRYUSDT,0.005679,0.006099,7.3957,1774036864479
gate,bybit,VANRYUSDT,0.005678,0.006099,7.4146,1774036864779
gate,bybit,VANRYUSDT,0.005678,0.006099,7.4146,1774036865079
gate,bybit,VANRYUSDT,0.005678,0.006099,7.4146,1774036865379
gate,bybit,VANRYUSDT,0.005678,0.006099,7.4146,1774036865680
gate,bybit,VANRYUSDT,0.005678,0.006099,7.4146,1774036865981
gate,bybit,VANRYUSDT,0.005678,0.006099,7.4146,1774036866281
gate,bybit,VANRYUSDT,0.005678,0.006099,7.4146,1774036866581
gate,bybit,VANRYUSDT,0.005678,0.006099,7.4146,1774036866881
gate,bybit,VANRYUSDT,0.005678,0.006099,7.4146,1774036867181
gate,bybit,VANRYUSDT,0.005678,0.006099,7.4146,1774036867482
gate,bybit,VANRYUSDT,0.005679,0.0061,7.4133,1774036867783
gate,bybit,VANRYUSDT,0.005679,0.0061,7.4133,1774036868084
gate,bybit,VANRYUSDT,0.005679,0.0061,7.4133,1774036868384
gate,bybit,VANRYUSDT,0.005679,0.0061,7.4133,1774036868684
gate,bybit,VANRYUSDT,0.005679,0.0061,7.4133,1774036868985
gate,bybit,VANRYUSDT,0.005679,0.0061,7.4133,1774036869285
gate,bybit,VANRYUSDT,0.005679,0.0061,7.4133,1774036869585
gate,bybit,VANRYUSDT,0.005679,0.0061,7.4133,1774036869886
gate,bybit,VANRYUSDT,0.005679,0.0061,7.4133,1774036870186
gate,bybit,VANRYUSDT,0.005679,0.0061,7.4133,1774036870486
gate,bybit,VANRYUSDT,0.005679,0.0061,7.4133,1774036870787
gate,bybit,VANRYUSDT,0.005679,0.0061,7.4133,1774036871087
gate,bybit,VANRYUSDT,0.005679,0.0061,7.4133,1774036871387
gate,bybit,VANRYUSDT,0.005678,0.006098,7.397,1774036871687
gate,bybit,VANRYUSDT,0.005678,0.006098,7.397,1774036871988
gate,bybit,VANRYUSDT,0.005678,0.006098,7.397,1774036872289
gate,bybit,VANRYUSDT,0.005678,0.006098,7.397,1774036872589
gate,bybit,VANRYUSDT,0.005678,0.006098,7.397,1774036872889
gate,bybit,VANRYUSDT,0.005678,0.006098,7.397,1774036873190
gate,bybit,VANRYUSDT,0.005678,0.006098,7.397,1774036873490
gate,bybit,VANRYUSDT,0.005678,0.006098,7.397,1774036873790
gate,bybit,VANRYUSDT,0.005678,0.006098,7.397,1774036874090
gate,bybit,VANRYUSDT,0.005678,0.006098,7.397,1774036874391
gate,bybit,VANRYUSDT,0.005678,0.006098,7.397,1774036874691
gate,bybit,VANRYUSDT,0.005678,0.006098,7.397,1774036874992
gate,bybit,VANRYUSDT,0.005678,0.006098,7.397,1774036875292
gate,bybit,VANRYUSDT,0.005678,0.006098,7.397,1774036875592
gate,bybit,VANRYUSDT,0.005678,0.006098,7.397,1774036875893
gate,bybit,VANRYUSDT,0.005678,0.006098,7.397,1774036876193
gate,bybit,VANRYUSDT,0.005678,0.006098,7.397,1774036876493
gate,bybit,VANRYUSDT,0.005678,0.006098,7.397,1774036876793
gate,bybit,VANRYUSDT,0.005678,0.006098,7.397,1774036877094
gate,bybit,VANRYUSDT,0.005679,0.006098,7.3781,1774036877396
gate,bybit,VANRYUSDT,0.005679,0.006098,7.3781,1774036877696
gate,bybit,VANRYUSDT,0.005679,0.006098,7.3781,1774036877996
gate,bybit,VANRYUSDT,0.005679,0.006098,7.3781,1774036878296
gate,bybit,VANRYUSDT,0.005679,0.006098,7.3781,1774036878596
gate,bybit,VANRYUSDT,0.005679,0.006098,7.3781,1774036878896
gate,bybit,VANRYUSDT,0.005679,0.006098,7.3781,1774036879197
gate,bybit,VANRYUSDT,0.005679,0.006098,7.3781,1774036879497
gate,bybit,VANRYUSDT,0.005679,0.006098,7.3781,1774036879797
gate,bybit,VANRYUSDT,0.005679,0.006098,7.3781,1774036880097
gate,bybit,VANRYUSDT,0.005679,0.006098,7.3781,1774036880398
gate,bybit,VANRYUSDT,0.005679,0.006098,7.3781,1774036880698
gate,bybit,VANRYUSDT,0.005679,0.006098,7.3781,1774036880999
gate,bybit,VANRYUSDT,0.005679,0.006098,7.3781,1774036881299
gate,bybit,VANRYUSDT,0.005679,0.006098,7.3781,1774036881600
gate,bybit,VANRYUSDT,0.005679,0.006098,7.3781,1774036881900
gate,bybit,VANRYUSDT,0.005679,0.006098,7.3781,1774036882200
gate,bybit,VANRYUSDT,0.005679,0.006098,7.3781,1774036882501
gate,bybit,VANRYUSDT,0.005679,0.006098,7.3781,1774036882801
gate,bybit,VANRYUSDT,0.00568,0.006098,7.3592,1774036883101
gate,bybit,VANRYUSDT,0.00568,0.006098,7.3592,1774036883401
gate,bybit,VANRYUSDT,0.00568,0.006098,7.3592,1774036883701
gate,bybit,VANRYUSDT,0.00568,0.006098,7.3592,1774036884002
gate,bybit,VANRYUSDT,0.00568,0.006098,7.3592,1774036884302
gate,bybit,VANRYUSDT,0.00568,0.006098,7.3592,1774036884602
gate,bybit,VANRYUSDT,0.00568,0.006098,7.3592,1774036884902
gate,bybit,VANRYUSDT,0.00568,0.006098,7.3592,1774036885203
gate,bybit,VANRYUSDT,0.005679,0.006098,7.3781,1774036885503
gate,bybit,VANRYUSDT,0.005679,0.006098,7.3781,1774036885803
gate,bybit,VANRYUSDT,0.005679,0.006098,7.3781,1774036886103
gate,bybit,VANRYUSDT,0.005679,0.006098,7.3781,1774036886404
gate,bybit,VANRYUSDT,0.00568,0.006098,7.3592,1774036886704
gate,bybit,VANRYUSDT,0.00568,0.006098,7.3592,1774036887005
gate,bybit,VANRYUSDT,0.00568,0.006098,7.3592,1774036887305
gate,bybit,VANRYUSDT,0.00568,0.006098,7.3592,1774036887605
gate,bybit,VANRYUSDT,0.00568,0.006098,7.3592,1774036887905
gate,bybit,VANRYUSDT,0.00568,0.006098,7.3592,1774036888205
gate,bybit,VANRYUSDT,0.00568,0.006098,7.3592,1774036888506
gate,bybit,VANRYUSDT,0.00568,0.006098,7.3592,1774036888806
gate,bybit,VANRYUSDT,0.00568,0.006098,7.3592,1774036889106
gate,bybit,VANRYUSDT,0.00568,0.006098,7.3592,1774036889407
gate,bybit,VANRYUSDT,0.00568,0.006098,7.3592,1774036889707
gate,bybit,VANRYUSDT,0.00568,0.006098,7.3592,1774036890007
gate,bybit,VANRYUSDT,0.00568,0.006098,7.3592,1774036890307
gate,bybit,VANRYUSDT,0.00568,0.006098,7.3592,1774036890608
gate,bybit,VANRYUSDT,0.00568,0.006098,7.3592,1774036890908
gate,bybit,VANRYUSDT,0.00568,0.006098,7.3592,1774036891208
gate,bybit,VANRYUSDT,0.005679,0.006098,7.3781,1774036891509
gate,bybit,VANRYUSDT,0.005679,0.006098,7.3781,1774036891810
gate,bybit,VANRYUSDT,0.005679,0.006098,7.3781,1774036892110
gate,bybit,VANRYUSDT,0.005679,0.006098,7.3781,1774036892410
gate,bybit,VANRYUSDT,0.005679,0.006098,7.3781,1774036892710
gate,bybit,VANRYUSDT,0.005679,0.006098,7.3781,1774036893011
gate,bybit,VANRYUSDT,0.005679,0.006098,7.3781,1774036893311
gate,bybit,VANRYUSDT,0.005679,0.006098,7.3781,1774036893611
gate,bybit,VANRYUSDT,0.005679,0.006098,7.3781,1774036893911
gate,bybit,VANRYUSDT,0.005678,0.006098,7.397,1774036894211
gate,bybit,VANRYUSDT,0.005678,0.006098,7.397,1774036894511
gate,bybit,VANRYUSDT,0.005678,0.006098,7.397,1774036894811
gate,bybit,VANRYUSDT,0.005678,0.006098,7.397,1774036895112
gate,bybit,VANRYUSDT,0.005678,0.006098,7.397,1774036895412
gate,bybit,VANRYUSDT,0.005678,0.006098,7.397,1774036895712
gate,bybit,VANRYUSDT,0.005678,0.006098,7.397,1774036896012
gate,bybit,VANRYUSDT,0.005678,0.006098,7.397,1774036896313
gate,bybit,VANRYUSDT,0.005678,0.006098,7.397,1774036896614
gate,bybit,VANRYUSDT,0.005678,0.006098,7.397,1774036896914
gate,bybit,VANRYUSDT,0.005678,0.006098,7.397,1774036897214
gate,bybit,VANRYUSDT,0.005678,0.006098,7.397,1774036897514
gate,bybit,VANRYUSDT,0.005678,0.006098,7.397,1774036897814
gate,bybit,VANRYUSDT,0.005678,0.006098,7.397,1774036898114
gate,bybit,VANRYUSDT,0.005678,0.006098,7.397,1774036898414
gate,bybit,VANRYUSDT,0.005678,0.006098,7.397,1774036898714
gate,bybit,VANRYUSDT,0.005678,0.006098,7.397,1774036899014
gate,bybit,VANRYUSDT,0.005678,0.006098,7.397,1774036899314
gate,bybit,VANRYUSDT,0.005678,0.006098,7.397,1774036899614
gate,bybit,VANRYUSDT,0.005678,0.006098,7.397,1774036899915
gate,bybit,VANRYUSDT,0.005678,0.006098,7.397,1774036900216
gate,bybit,VANRYUSDT,0.005678,0.006098,7.397,1774036900516
gate,bybit,VANRYUSDT,0.005678,0.006098,7.397,1774036900816
gate,bybit,VANRYUSDT,0.005678,0.006098,7.397,1774036901116
gate,bybit,VANRYUSDT,0.005678,0.006098,7.397,1774036901417
gate,bybit,VANRYUSDT,0.005678,0.006098,7.397,1774036901717
gate,bybit,VANRYUSDT,0.005678,0.006098,7.397,1774036902017
gate,bybit,VANRYUSDT,0.005678,0.006098,7.397,1774036902317
gate,bybit,VANRYUSDT,0.005678,0.006098,7.397,1774036902617
gate,bybit,VANRYUSDT,0.005678,0.006098,7.397,1774036902918
gate,bybit,VANRYUSDT,0.00568,0.006098,7.3592,1774036903218
gate,bybit,VANRYUSDT,0.005679,0.006098,7.3781,1774036903519
gate,bybit,VANRYUSDT,0.005679,0.006098,7.3781,1774036903819
gate,bybit,VANRYUSDT,0.005679,0.006098,7.3781,1774036904119
gate,bybit,VANRYUSDT,0.005679,0.006098,7.3781,1774036904419
gate,bybit,VANRYUSDT,0.005679,0.006098,7.3781,1774036904719
gate,bybit,VANRYUSDT,0.005679,0.006098,7.3781,1774036905020
gate,bybit,VANRYUSDT,0.005679,0.006098,7.3781,1774036905320
gate,bybit,VANRYUSDT,0.005679,0.006098,7.3781,1774036905620
gate,bybit,VANRYUSDT,0.005675,0.006095,7.4009,1774036905921
gate,bybit,VANRYUSDT,0.005675,0.006092,7.348,1774036906222
gate,bybit,VANRYUSDT,0.005673,0.006092,7.3859,1774036906522
gate,bybit,VANRYUSDT,0.005672,0.006092,7.4048,1774036906822
gate,bybit,VANRYUSDT,0.005672,0.006092,7.4048,1774036907122
gate,bybit,VANRYUSDT,0.005672,0.006092,7.4048,1774036907423
gate,bybit,VANRYUSDT,0.005672,0.006092,7.4048,1774036907723
gate,bybit,VANRYUSDT,0.005672,0.006092,7.4048,1774036908024
gate,bybit,VANRYUSDT,0.005672,0.006092,7.4048,1774036908324
gate,bybit,VANRYUSDT,0.005672,0.006092,7.4048,1774036908624
gate,bybit,VANRYUSDT,0.005672,0.006092,7.4048,1774036908925
gate,bybit,VANRYUSDT,0.005672,0.006092,7.4048,1774036909225
gate,bybit,VANRYUSDT,0.005672,0.006092,7.4048,1774036909525
gate,bybit,VANRYUSDT,0.005672,0.006092,7.4048,1774036909826
gate,bybit,VANRYUSDT,0.005672,0.006092,7.4048,1774036910126
gate,bybit,VANRYUSDT,0.005672,0.006092,7.4048,1774036910426
gate,bybit,VANRYUSDT,0.005672,0.006092,7.4048,1774036910726
gate,bybit,VANRYUSDT,0.005672,0.006092,7.4048,1774036911026
gate,bybit,VANRYUSDT,0.005672,0.006092,7.4048,1774036911327
gate,bybit,VANRYUSDT,0.005672,0.00609,7.3695,1774036911628
gate,bybit,VANRYUSDT,0.005671,0.00609,7.3885,1774036911928
gate,bybit,VANRYUSDT,0.005671,0.00609,7.3885,1774036912229
gate,bybit,VANRYUSDT,0.005671,0.00609,7.3885,1774036912529
gate,bybit,VANRYUSDT,0.005671,0.00609,7.3885,1774036912829
gate,bybit,VANRYUSDT,0.005671,0.00609,7.3885,1774036913129
gate,bybit,VANRYUSDT,0.005671,0.00609,7.3885,1774036913430
gate,bybit,VANRYUSDT,0.005671,0.00609,7.3885,1774036913731
gate,bybit,VANRYUSDT,0.005671,0.00609,7.3885,1774036914031
gate,bybit,VANRYUSDT,0.005671,0.00609,7.3885,1774036914332
gate,bybit,VANRYUSDT,0.005671,0.00609,7.3885,1774036914632
gate,bybit,VANRYUSDT,0.005671,0.00609,7.3885,1774036914932
gate,bybit,VANRYUSDT,0.005671,0.00609,7.3885,1774036915232
gate,bybit,VANRYUSDT,0.005671,0.00609,7.3885,1774036915533
gate,bybit,VANRYUSDT,0.005671,0.00609,7.3885,1774036915833
gate,bybit,VANRYUSDT,0.005671,0.00609,7.3885,1774036916133
gate,bybit,VANRYUSDT,0.005671,0.00609,7.3885,1774036916433
gate,bybit,VANRYUSDT,0.005671,0.00609,7.3885,1774036916733
gate,bybit,VANRYUSDT,0.005671,0.00609,7.3885,1774036917033
gate,bybit,VANRYUSDT,0.005671,0.00609,7.3885,1774036917334
gate,bybit,VANRYUSDT,0.005671,0.00609,7.3885,1774036917634
gate,bybit,VANRYUSDT,0.005671,0.00609,7.3885,1774036917934
gate,bybit,VANRYUSDT,0.005671,0.00609,7.3885,1774036918235
gate,bybit,VANRYUSDT,0.005671,0.00609,7.3885,1774036918535
gate,bybit,VANRYUSDT,0.005671,0.00609,7.3885,1774036918836
gate,bybit,VANRYUSDT,0.005671,0.00609,7.3885,1774036919136
gate,bybit,VANRYUSDT,0.005671,0.00609,7.3885,1774036919436
gate,bybit,VANRYUSDT,0.005671,0.00609,7.3885,1774036919736
gate,bybit,VANRYUSDT,0.00567,0.006089,7.3898,1774036920037
gate,bybit,VANRYUSDT,0.00567,0.006089,7.3898,1774036920337
gate,bybit,VANRYUSDT,0.00567,0.006089,7.3898,1774036920637
gate,bybit,VANRYUSDT,0.00567,0.006089,7.3898,1774036920937
gate,bybit,VANRYUSDT,0.00567,0.006089,7.3898,1774036921238
gate,bybit,VANRYUSDT,0.005671,0.006089,7.3708,1774036921538
gate,bybit,VANRYUSDT,0.005671,0.006091,7.4061,1774036921839
gate,bybit,VANRYUSDT,0.005672,0.00609,7.3695,1774036922139
gate,bybit,VANRYUSDT,0.005672,0.00609,7.3695,1774036922439
gate,bybit,VANRYUSDT,0.005672,0.00609,7.3695,1774036922739
gate,bybit,VANRYUSDT,0.005672,0.00609,7.3695,1774036923040
gate,bybit,VANRYUSDT,0.005673,0.00609,7.3506,1774036923340
gate,bybit,VANRYUSDT,0.005673,0.00609,7.3506,1774036923640
gate,bybit,VANRYUSDT,0.005673,0.00609,7.3506,1774036923940
gate,bybit,VANRYUSDT,0.005673,0.00609,7.3506,1774036924241
gate,bybit,VANRYUSDT,0.005673,0.00609,7.3506,1774036924541
gate,bybit,VANRYUSDT,0.005673,0.00609,7.3506,1774036924841
gate,bybit,VANRYUSDT,0.005672,0.00609,7.3695,1774036925141
gate,bybit,VANRYUSDT,0.005672,0.00609,7.3695,1774036925441
gate,bybit,VANRYUSDT,0.005672,0.00609,7.3695,1774036925742
gate,bybit,VANRYUSDT,0.005672,0.00609,7.3695,1774036926042
gate,bybit,VANRYUSDT,0.005672,0.00609,7.3695,1774036926342
gate,bybit,VANRYUSDT,0.005672,0.00609,7.3695,1774036926642
gate,bybit,VANRYUSDT,0.005672,0.00609,7.3695,1774036926942
gate,bybit,VANRYUSDT,0.005672,0.00609,7.3695,1774036927243
gate,bybit,VANRYUSDT,0.005672,0.00609,7.3695,1774036927543
gate,bybit,VANRYUSDT,0.005672,0.00609,7.3695,1774036927843
gate,bybit,VANRYUSDT,0.005672,0.00609,7.3695,1774036928143
gate,bybit,VANRYUSDT,0.005672,0.00609,7.3695,1774036928444
gate,bybit,VANRYUSDT,0.005672,0.00609,7.3695,1774036928744
gate,bybit,VANRYUSDT,0.005672,0.00609,7.3695,1774036929044
gate,bybit,VANRYUSDT,0.005672,0.00609,7.3695,1774036929344
gate,bybit,VANRYUSDT,0.005672,0.00609,7.3695,1774036929646
gate,bybit,VANRYUSDT,0.005672,0.00609,7.3695,1774036929947
gate,bybit,VANRYUSDT,0.005672,0.00609,7.3695,1774036930247
gate,bybit,VANRYUSDT,0.005672,0.00609,7.3695,1774036930547
gate,bybit,VANRYUSDT,0.005672,0.00609,7.3695,1774036930847
gate,bybit,VANRYUSDT,0.005672,0.00609,7.3695,1774036931148
gate,bybit,VANRYUSDT,0.005672,0.00609,7.3695,1774036931448
gate,bybit,VANRYUSDT,0.005672,0.00609,7.3695,1774036931748
gate,bybit,VANRYUSDT,0.005672,0.00609,7.3695,1774036932048
gate,bybit,VANRYUSDT,0.005672,0.00609,7.3695,1774036932348
gate,bybit,VANRYUSDT,0.005672,0.00609,7.3695,1774036932648
gate,bybit,VANRYUSDT,0.005672,0.00609,7.3695,1774036932948
gate,bybit,VANRYUSDT,0.005672,0.00609,7.3695,1774036933248
gate,bybit,VANRYUSDT,0.005672,0.00609,7.3695,1774036933549
gate,bybit,VANRYUSDT,0.005672,0.00609,7.3695,1774036933849
gate,bybit,VANRYUSDT,0.005672,0.00609,7.3695,1774036934150
gate,bybit,VANRYUSDT,0.005672,0.00609,7.3695,1774036934450
gate,bybit,VANRYUSDT,0.005672,0.00609,7.3695,1774036934750
gate,bybit,VANRYUSDT,0.005672,0.00609,7.3695,1774036935051
gate,bybit,VANRYUSDT,0.005673,0.00609,7.3506,1774036935351
gate,bybit,VANRYUSDT,0.005673,0.00609,7.3506,1774036935652
gate,bybit,VANRYUSDT,0.005673,0.00609,7.3506,1774036935952
gate,bybit,VANRYUSDT,0.005673,0.00609,7.3506,1774036936252
gate,bybit,VANRYUSDT,0.005673,0.00609,7.3506,1774036936552
gate,bybit,VANRYUSDT,0.005673,0.00609,7.3506,1774036936853
gate,bybit,VANRYUSDT,0.005673,0.00609,7.3506,1774036937153
gate,bybit,VANRYUSDT,0.005679,0.006098,7.3781,1774036937453
gate,bybit,VANRYUSDT,0.005679,0.006098,7.3781,1774036937754
gate,bybit,VANRYUSDT,0.005681,0.006098,7.3403,1774036938055
gate,bybit,VANRYUSDT,0.005681,0.006098,7.3403,1774036938355
gate,bybit,VANRYUSDT,0.005681,0.006098,7.3403,1774036938655
gate,bybit,VANRYUSDT,0.005681,0.006098,7.3403,1774036938956
gate,bybit,VANRYUSDT,0.005681,0.006098,7.3403,1774036939256
gate,bybit,VANRYUSDT,0.005681,0.006098,7.3403,1774036939556
gate,bybit,VANRYUSDT,0.005681,0.006098,7.3403,1774036939857
gate,bybit,VANRYUSDT,0.005681,0.006098,7.3403,1774036940157
gate,bybit,VANRYUSDT,0.005682,0.006098,7.3214,1774036940458
gate,bybit,VANRYUSDT,0.005682,0.006098,7.3214,1774036940758
gate,bybit,VANRYUSDT,0.005681,0.006098,7.3403,1774036941059
gate,bybit,VANRYUSDT,0.005682,0.006098,7.3214,1774036941359
gate,bybit,VANRYUSDT,0.005682,0.006098,7.3214,1774036941659
gate,bybit,VANRYUSDT,0.005682,0.006098,7.3214,1774036941960
gate,bybit,VANRYUSDT,0.005683,0.006098,7.3025,1774036942260
gate,bybit,VANRYUSDT,0.005682,0.006098,7.3214,1774036942562
gate,bybit,VANRYUSDT,0.005682,0.006098,7.3214,1774036942863
gate,bybit,VANRYUSDT,0.005682,0.006098,7.3214,1774036943164
gate,bybit,VANRYUSDT,0.005683,0.006098,7.3025,1774036943465
gate,bybit,VANRYUSDT,0.005682,0.006098,7.3214,1774036943765
gate,bybit,VANRYUSDT,0.005682,0.006098,7.3214,1774036944065
gate,bybit,VANRYUSDT,0.005682,0.006098,7.3214,1774036944366
gate,bybit,VANRYUSDT,0.005682,0.006098,7.3214,1774036944666
gate,bybit,VANRYUSDT,0.005682,0.006098,7.3214,1774036944966
gate,bybit,VANRYUSDT,0.005682,0.006098,7.3214,1774036945267
gate,bybit,VANRYUSDT,0.005682,0.006098,7.3214,1774036945567
gate,bybit,VANRYUSDT,0.005682,0.006098,7.3214,1774036945868
gate,bybit,VANRYUSDT,0.005682,0.006098,7.3214,1774036946168
gate,bybit,VANRYUSDT,0.005682,0.006098,7.3214,1774036946469
gate,bybit,VANRYUSDT,0.005682,0.006098,7.3214,1774036946769
gate,bybit,VANRYUSDT,0.005682,0.006098,7.3214,1774036947069
gate,bybit,VANRYUSDT,0.005682,0.006098,7.3214,1774036947370
gate,bybit,VANRYUSDT,0.005682,0.006098,7.3214,1774036947670
gate,bybit,VANRYUSDT,0.005682,0.006098,7.3214,1774036947971
gate,bybit,VANRYUSDT,0.005682,0.006098,7.3214,1774036948271
gate,bybit,VANRYUSDT,0.005682,0.006098,7.3214,1774036948571
gate,bybit,VANRYUSDT,0.005682,0.006098,7.3214,1774036948872
gate,bybit,VANRYUSDT,0.005682,0.006098,7.3214,1774036949172
gate,bybit,VANRYUSDT,0.005682,0.006098,7.3214,1774036949472
gate,bybit,VANRYUSDT,0.005682,0.006098,7.3214,1774036949772
gate,bybit,VANRYUSDT,0.005682,0.006098,7.3214,1774036950072
gate,bybit,VANRYUSDT,0.005682,0.006098,7.3214,1774036950372
gate,bybit,VANRYUSDT,0.005682,0.006098,7.3214,1774036950673
gate,bybit,VANRYUSDT,0.005682,0.006098,7.3214,1774036950973
gate,bybit,VANRYUSDT,0.005682,0.006098,7.3214,1774036951274
gate,bybit,VANRYUSDT,0.005682,0.006098,7.3214,1774036951575
gate,bybit,VANRYUSDT,0.005682,0.006098,7.3214,1774036951875
gate,bybit,VANRYUSDT,0.005683,0.0061,7.3377,1774036952175
gate,bybit,VANRYUSDT,0.005683,0.0061,7.3377,1774036952476
gate,bybit,VANRYUSDT,0.005683,0.0061,7.3377,1774036952776
gate,bybit,VANRYUSDT,0.005683,0.0061,7.3377,1774036953079
gate,bybit,VANRYUSDT,0.005683,0.0061,7.3377,1774036953379
gate,bybit,VANRYUSDT,0.005683,0.0061,7.3377,1774036953679
gate,bybit,VANRYUSDT,0.005683,0.0061,7.3377,1774036953979
gate,bybit,VANRYUSDT,0.005683,0.0061,7.3377,1774036954279
gate,bybit,VANRYUSDT,0.005683,0.0061,7.3377,1774036954580
gate,bybit,VANRYUSDT,0.005683,0.0061,7.3377,1774036954880
gate,bybit,VANRYUSDT,0.005683,0.0061,7.3377,1774036955180
gate,bybit,VANRYUSDT,0.005683,0.0061,7.3377,1774036955480
gate,bybit,VANRYUSDT,0.005684,0.006101,7.3364,1774036955781
gate,bybit,VANRYUSDT,0.005684,0.006101,7.3364,1774036956081
gate,bybit,VANRYUSDT,0.005684,0.006101,7.3364,1774036956381
gate,bybit,VANRYUSDT,0.005684,0.006101,7.3364,1774036956682
gate,bybit,VANRYUSDT,0.005684,0.006101,7.3364,1774036956983
gate,bybit,VANRYUSDT,0.005684,0.006101,7.3364,1774036957283
gate,bybit,VANRYUSDT,0.005684,0.006101,7.3364,1774036957583
gate,bybit,VANRYUSDT,0.005684,0.006101,7.3364,1774036957884
gate,bybit,VANRYUSDT,0.005686,0.006104,7.3514,1774036958184
gate,bybit,VANRYUSDT,0.005686,0.006104,7.3514,1774036958484
gate,bybit,VANRYUSDT,0.005686,0.006104,7.3514,1774036958784
gate,bybit,VANRYUSDT,0.005686,0.006104,7.3514,1774036959085
gate,bybit,VANRYUSDT,0.005686,0.006104,7.3514,1774036959385
gate,bybit,VANRYUSDT,0.005688,0.006104,7.3136,1774036959685
gate,bybit,VANRYUSDT,0.005688,0.006104,7.3136,1774036959985
gate,bybit,VANRYUSDT,0.005689,0.006105,7.3124,1774036960286
gate,bybit,VANRYUSDT,0.005688,0.006104,7.3136,1774036960586
gate,bybit,VANRYUSDT,0.005684,0.006103,7.3716,1774036960886
gate,bybit,VANRYUSDT,0.005685,0.006103,7.3527,1774036961187
gate,bybit,VANRYUSDT,0.005685,0.006103,7.3527,1774036961487
gate,bybit,VANRYUSDT,0.005685,0.006103,7.3527,1774036961788
gate,bybit,VANRYUSDT,0.005685,0.006103,7.3527,1774036962088
gate,bybit,VANRYUSDT,0.005685,0.006103,7.3527,1774036962389
gate,bybit,VANRYUSDT,0.005685,0.006103,7.3527,1774036962689
gate,bybit,VANRYUSDT,0.005685,0.006103,7.3527,1774036962990
gate,bybit,VANRYUSDT,0.005685,0.006103,7.3527,1774036963290
gate,bybit,VANRYUSDT,0.005685,0.006103,7.3527,1774036963591
gate,bybit,VANRYUSDT,0.005685,0.006103,7.3527,1774036963891
gate,bybit,VANRYUSDT,0.005685,0.006104,7.3703,1774036964191
gate,bybit,VANRYUSDT,0.005686,0.006104,7.3514,1774036964491
gate,bybit,VANRYUSDT,0.005687,0.006104,7.3325,1774036964791
gate,bybit,VANRYUSDT,0.005687,0.006104,7.3325,1774036965092
gate,bybit,VANRYUSDT,0.005687,0.006104,7.3325,1774036965392
gate,bybit,VANRYUSDT,0.005688,0.006104,7.3136,1774036965692
gate,bybit,VANRYUSDT,0.005688,0.006104,7.3136,1774036965993
gate,bybit,VANRYUSDT,0.005687,0.006104,7.3325,1774036966293
gate,bybit,VANRYUSDT,0.005687,0.006104,7.3325,1774036966593
gate,bybit,VANRYUSDT,0.005688,0.006104,7.3136,1774036966893
gate,bybit,VANRYUSDT,0.005688,0.006104,7.3136,1774036967193
gate,bybit,VANRYUSDT,0.005688,0.006104,7.3136,1774036967494
gate,bybit,VANRYUSDT,0.005688,0.006104,7.3136,1774036967794
gate,bybit,VANRYUSDT,0.005687,0.006104,7.3325,1774036968095
gate,bybit,VANRYUSDT,0.005687,0.006104,7.3325,1774036968395
gate,bybit,VANRYUSDT,0.005687,0.006104,7.3325,1774036968695
gate,bybit,VANRYUSDT,0.005687,0.006104,7.3325,1774036968996
gate,bybit,VANRYUSDT,0.005687,0.006104,7.3325,1774036969296
gate,bybit,VANRYUSDT,0.005688,0.006104,7.3136,1774036969597
gate,bybit,VANRYUSDT,0.005688,0.006104,7.3136,1774036969897
gate,bybit,VANRYUSDT,0.005688,0.006104,7.3136,1774036970198
gate,bybit,VANRYUSDT,0.005688,0.006106,7.3488,1774036970498
gate,bybit,VANRYUSDT,0.005688,0.006106,7.3488,1774036970798
gate,bybit,VANRYUSDT,0.005688,0.006106,7.3488,1774036971098
gate,bybit,VANRYUSDT,0.005688,0.006106,7.3488,1774036971398
gate,bybit,VANRYUSDT,0.005688,0.006106,7.3488,1774036971699
gate,bybit,VANRYUSDT,0.005688,0.006106,7.3488,1774036971999
gate,bybit,VANRYUSDT,0.005688,0.006106,7.3488,1774036972299
gate,bybit,VANRYUSDT,0.005688,0.006106,7.3488,1774036972600
gate,bybit,VANRYUSDT,0.005688,0.006106,7.3488,1774036972900
gate,bybit,VANRYUSDT,0.005688,0.006106,7.3488,1774036973200
gate,bybit,VANRYUSDT,0.005688,0.006106,7.3488,1774036973501
gate,bybit,VANRYUSDT,0.005688,0.006106,7.3488,1774036973802
gate,bybit,VANRYUSDT,0.005688,0.006106,7.3488,1774036974103
gate,bybit,VANRYUSDT,0.005688,0.006106,7.3488,1774036974404
gate,bybit,VANRYUSDT,0.005688,0.006106,7.3488,1774036974704
gate,bybit,VANRYUSDT,0.005688,0.006106,7.3488,1774036975004
gate,bybit,VANRYUSDT,0.005688,0.006106,7.3488,1774036975304
gate,bybit,VANRYUSDT,0.005688,0.006106,7.3488,1774036975605
gate,bybit,VANRYUSDT,0.005688,0.006106,7.3488,1774036975905
gate,bybit,VANRYUSDT,0.005687,0.006106,7.3677,1774036976205
gate,bybit,VANRYUSDT,0.005687,0.006106,7.3677,1774036976506
gate,bybit,VANRYUSDT,0.005687,0.006106,7.3677,1774036976806
gate,bybit,VANRYUSDT,0.005687,0.006106,7.3677,1774036977106
gate,bybit,VANRYUSDT,0.005687,0.006106,7.3677,1774036977407
gate,bybit,VANRYUSDT,0.005687,0.006106,7.3677,1774036977707
gate,bybit,VANRYUSDT,0.005687,0.006106,7.3677,1774036978008
gate,bybit,VANRYUSDT,0.005687,0.006106,7.3677,1774036978308
gate,bybit,VANRYUSDT,0.005687,0.006106,7.3677,1774036978608
gate,bybit,VANRYUSDT,0.005687,0.006106,7.3677,1774036978909
gate,bybit,VANRYUSDT,0.005687,0.006106,7.3677,1774036979209
gate,bybit,VANRYUSDT,0.005687,0.006106,7.3677,1774036979509
gate,bybit,VANRYUSDT,0.005687,0.006106,7.3677,1774036979810
gate,bybit,VANRYUSDT,0.005687,0.006106,7.3677,1774036980110
gate,bybit,VANRYUSDT,0.005687,0.006106,7.3677,1774036980410
gate,bybit,VANRYUSDT,0.005687,0.006106,7.3677,1774036980710
gate,bybit,VANRYUSDT,0.005688,0.006106,7.3488,1774036981010
gate,bybit,VANRYUSDT,0.005688,0.006106,7.3488,1774036981311
gate,bybit,VANRYUSDT,0.005688,0.006106,7.3488,1774036981611
gate,bybit,VANRYUSDT,0.005688,0.006106,7.3488,1774036981911
gate,bybit,VANRYUSDT,0.005686,0.006106,7.3866,1774036982213
gate,bybit,VANRYUSDT,0.005686,0.006106,7.3866,1774036982513
gate,bybit,VANRYUSDT,0.005686,0.006106,7.3866,1774036982813
gate,bybit,VANRYUSDT,0.005685,0.006105,7.3879,1774036983114
gate,bybit,VANRYUSDT,0.005685,0.006105,7.3879,1774036983414
gate,bybit,VANRYUSDT,0.005684,0.006105,7.4068,1774036983714
gate,bybit,VANRYUSDT,0.005684,0.006105,7.4068,1774036984014
gate,bybit,VANRYUSDT,0.005684,0.006105,7.4068,1774036984315
gate,bybit,VANRYUSDT,0.005684,0.006105,7.4068,1774036984616
gate,bybit,VANRYUSDT,0.005684,0.006105,7.4068,1774036984916
gate,bybit,VANRYUSDT,0.005684,0.006105,7.4068,1774036985216
gate,bybit,VANRYUSDT,0.005684,0.006105,7.4068,1774036985517
gate,bybit,VANRYUSDT,0.005685,0.006105,7.3879,1774036985817
gate,bybit,VANRYUSDT,0.005685,0.006105,7.3879,1774036986117
gate,bybit,VANRYUSDT,0.005685,0.006105,7.3879,1774036986417
gate,bybit,VANRYUSDT,0.005685,0.006105,7.3879,1774036986718
gate,bybit,VANRYUSDT,0.005685,0.006105,7.3879,1774036987018
gate,bybit,VANRYUSDT,0.005685,0.006105,7.3879,1774036987318
gate,bybit,VANRYUSDT,0.005685,0.006105,7.3879,1774036987618
gate,bybit,VANRYUSDT,0.005685,0.006105,7.3879,1774036987919
gate,bybit,VANRYUSDT,0.005685,0.006105,7.3879,1774036988219
gate,bybit,VANRYUSDT,0.005685,0.006105,7.3879,1774036988519
gate,bybit,VANRYUSDT,0.005685,0.006105,7.3879,1774036988819
gate,bybit,VANRYUSDT,0.005685,0.006105,7.3879,1774036989119
gate,bybit,VANRYUSDT,0.005685,0.006105,7.3879,1774036989420
gate,bybit,VANRYUSDT,0.005685,0.006105,7.3879,1774036989720
gate,bybit,VANRYUSDT,0.005685,0.006105,7.3879,1774036990020
gate,bybit,VANRYUSDT,0.005685,0.006105,7.3879,1774036990320
gate,bybit,VANRYUSDT,0.005685,0.006105,7.3879,1774036990621
gate,bybit,VANRYUSDT,0.005685,0.006105,7.3879,1774036990921
gate,bybit,VANRYUSDT,0.005685,0.006105,7.3879,1774036991222
gate,bybit,VANRYUSDT,0.005685,0.006105,7.3879,1774036991522
gate,bybit,VANRYUSDT,0.005685,0.006105,7.3879,1774036991822
gate,bybit,VANRYUSDT,0.005685,0.006105,7.3879,1774036992123
gate,bybit,VANRYUSDT,0.005685,0.006105,7.3879,1774036992423
gate,bybit,VANRYUSDT,0.005685,0.006105,7.3879,1774036992723
gate,bybit,VANRYUSDT,0.005685,0.006105,7.3879,1774036993023
gate,bybit,VANRYUSDT,0.005685,0.006105,7.3879,1774036993324
gate,bybit,VANRYUSDT,0.005686,0.006105,7.369,1774036993624
gate,bybit,VANRYUSDT,0.005686,0.006105,7.369,1774036993925
gate,bybit,VANRYUSDT,0.005686,0.006105,7.369,1774036994225
gate,bybit,VANRYUSDT,0.005686,0.006105,7.369,1774036994525
gate,bybit,VANRYUSDT,0.005686,0.006105,7.369,1774036994826
gate,bybit,VANRYUSDT,0.005686,0.006105,7.369,1774036995126
gate,bybit,VANRYUSDT,0.005686,0.006105,7.369,1774036995427
gate,bybit,VANRYUSDT,0.005686,0.006105,7.369,1774036995729
gate,bybit,VANRYUSDT,0.005686,0.006105,7.369,1774036996029
gate,bybit,VANRYUSDT,0.005686,0.006105,7.369,1774036996329
gate,bybit,VANRYUSDT,0.005686,0.006105,7.369,1774036996629
gate,bybit,VANRYUSDT,0.005685,0.006105,7.3879,1774036996930
gate,bybit,VANRYUSDT,0.005685,0.006105,7.3879,1774036997230
gate,bybit,VANRYUSDT,0.005685,0.006105,7.3879,1774036997530
gate,bybit,VANRYUSDT,0.005685,0.006105,7.3879,1774036997830
gate,bybit,VANRYUSDT,0.005686,0.006105,7.369,1774036998130
gate,bybit,VANRYUSDT,0.005686,0.006105,7.369,1774036998430
gate,bybit,VANRYUSDT,0.005686,0.006105,7.369,1774036998730
gate,bybit,VANRYUSDT,0.005686,0.006105,7.369,1774036999032
gate,bybit,VANRYUSDT,0.005686,0.006105,7.369,1774036999332
gate,bybit,VANRYUSDT,0.005686,0.006105,7.369,1774036999633
gate,bybit,VANRYUSDT,0.005686,0.006105,7.369,1774036999933
gate,bybit,VANRYUSDT,0.005686,0.006105,7.369,1774037000233
gate,bybit,VANRYUSDT,0.005686,0.006105,7.369,1774037000534
gate,bybit,VANRYUSDT,0.005685,0.006105,7.3879,1774037000834
gate,bybit,VANRYUSDT,0.005685,0.006105,7.3879,1774037001134
gate,bybit,VANRYUSDT,0.005685,0.006105,7.3879,1774037001434
gate,bybit,VANRYUSDT,0.005685,0.006105,7.3879,1774037001734
gate,bybit,VANRYUSDT,0.005685,0.006105,7.3879,1774037002034
gate,bybit,VANRYUSDT,0.005686,0.006105,7.369,1774037002335
gate,bybit,VANRYUSDT,0.005686,0.006105,7.369,1774037002635
gate,bybit,VANRYUSDT,0.005686,0.006105,7.369,1774037002936
gate,bybit,VANRYUSDT,0.005686,0.006105,7.369,1774037003236
gate,bybit,VANRYUSDT,0.005686,0.006105,7.369,1774037003536
gate,bybit,VANRYUSDT,0.005686,0.006105,7.369,1774037003836
gate,bybit,VANRYUSDT,0.005686,0.006105,7.369,1774037004136
gate,bybit,VANRYUSDT,0.005686,0.006105,7.369,1774037004436
gate,bybit,VANRYUSDT,0.005686,0.006105,7.369,1774037004736
gate,bybit,VANRYUSDT,0.005686,0.006105,7.369,1774037005037
gate,bybit,VANRYUSDT,0.005686,0.006105,7.369,1774037005337
gate,bybit,VANRYUSDT,0.005686,0.006105,7.369,1774037005637
gate,bybit,VANRYUSDT,0.005686,0.006105,7.369,1774037005937
gate,bybit,VANRYUSDT,0.005686,0.006105,7.369,1774037006237
gate,bybit,VANRYUSDT,0.005686,0.006105,7.369,1774037006537
gate,bybit,VANRYUSDT,0.005686,0.006105,7.369,1774037006838
gate,bybit,VANRYUSDT,0.005686,0.006105,7.369,1774037007138
gate,bybit,VANRYUSDT,0.005686,0.006105,7.369,1774037007438
gate,bybit,VANRYUSDT,0.005686,0.006105,7.369,1774037007738
gate,bybit,VANRYUSDT,0.005686,0.006105,7.369,1774037008039
gate,bybit,VANRYUSDT,0.005686,0.006105,7.369,1774037008339
gate,bybit,VANRYUSDT,0.005686,0.006105,7.369,1774037008639
gate,bybit,VANRYUSDT,0.005686,0.006105,7.369,1774037008940
gate,bybit,VANRYUSDT,0.005686,0.006105,7.369,1774037009240
gate,bybit,VANRYUSDT,0.005686,0.006105,7.369,1774037009541
gate,bybit,VANRYUSDT,0.005686,0.006105,7.369,1774037009841
gate,bybit,VANRYUSDT,0.005686,0.006105,7.369,1774037010141
gate,bybit,VANRYUSDT,0.005686,0.006105,7.369,1774037010442
gate,bybit,VANRYUSDT,0.005686,0.006105,7.369,1774037010742
gate,bybit,VANRYUSDT,0.005686,0.006105,7.369,1774037011042
gate,bybit,VANRYUSDT,0.005686,0.006105,7.369,1774037011342
gate,bybit,VANRYUSDT,0.005686,0.006105,7.369,1774037011644
gate,bybit,VANRYUSDT,0.005686,0.006105,7.369,1774037011944
gate,bybit,VANRYUSDT,0.005686,0.006105,7.369,1774037012244
gate,bybit,VANRYUSDT,0.005686,0.006105,7.369,1774037012544
gate,bybit,VANRYUSDT,0.005686,0.006105,7.369,1774037012845
gate,bybit,VANRYUSDT,0.005686,0.006105,7.369,1774037013145
gate,bybit,VANRYUSDT,0.005686,0.006105,7.369,1774037013445
gate,bybit,VANRYUSDT,0.005686,0.006105,7.369,1774037013746
gate,bybit,VANRYUSDT,0.005686,0.006105,7.369,1774037014046
gate,bybit,VANRYUSDT,0.005686,0.006105,7.369,1774037014346
gate,bybit,VANRYUSDT,0.005686,0.006105,7.369,1774037014646
gate,bybit,VANRYUSDT,0.005686,0.006105,7.369,1774037014947
gate,bybit,VANRYUSDT,0.005686,0.006105,7.369,1774037015247
gate,bybit,VANRYUSDT,0.005686,0.006105,7.369,1774037015547
gate,bybit,VANRYUSDT,0.005686,0.006105,7.369,1774037015848
gate,bybit,VANRYUSDT,0.005686,0.006105,7.369,1774037016148
gate,bybit,VANRYUSDT,0.005686,0.006105,7.369,1774037016448
gate,bybit,VANRYUSDT,0.005686,0.006105,7.369,1774037016749
gate,bybit,VANRYUSDT,0.005686,0.006105,7.369,1774037017049
gate,bybit,VANRYUSDT,0.005686,0.006105,7.369,1774037017349
gate,bybit,VANRYUSDT,0.005686,0.006105,7.369,1774037017650
gate,bybit,VANRYUSDT,0.005686,0.006105,7.369,1774037017951
gate,bybit,VANRYUSDT,0.005686,0.006105,7.369,1774037018251
gate,bybit,VANRYUSDT,0.005686,0.006105,7.369,1774037018551
gate,bybit,VANRYUSDT,0.005686,0.006105,7.369,1774037018852
gate,bybit,VANRYUSDT,0.005686,0.006105,7.369,1774037019152
gate,bybit,VANRYUSDT,0.005686,0.006105,7.369,1774037019452
gate,bybit,VANRYUSDT,0.005686,0.006105,7.369,1774037019752
gate,bybit,VANRYUSDT,0.005686,0.006105,7.369,1774037020053
gate,bybit,VANRYUSDT,0.005686,0.006105,7.369,1774037020353
gate,bybit,VANRYUSDT,0.005686,0.006105,7.369,1774037020653
gate,bybit,VANRYUSDT,0.005686,0.006105,7.369,1774037020954
gate,bybit,VANRYUSDT,0.005686,0.006105,7.369,1774037021255
gate,bybit,VANRYUSDT,0.005686,0.006105,7.369,1774037021556
gate,bybit,VANRYUSDT,0.005686,0.006105,7.369,1774037021856
gate,bybit,VANRYUSDT,0.005686,0.006105,7.369,1774037022157
gate,bybit,VANRYUSDT,0.005686,0.006105,7.369,1774037022457
gate,bybit,VANRYUSDT,0.005686,0.006105,7.369,1774037022757
gate,bybit,VANRYUSDT,0.005683,0.006101,7.3553,1774037023058
gate,bybit,VANRYUSDT,0.005683,0.006102,7.3729,1774037023358
gate,bybit,VANRYUSDT,0.005681,0.006102,7.4107,1774037023658
gate,bybit,VANRYUSDT,0.005682,0.006102,7.3918,1774037023959
gate,bybit,VANRYUSDT,0.005682,0.006102,7.3918,1774037024259
gate,bybit,VANRYUSDT,0.005682,0.006102,7.3918,1774037024559
gate,bybit,VANRYUSDT,0.005682,0.006102,7.3918,1774037024860
gate,bybit,VANRYUSDT,0.005682,0.006102,7.3918,1774037025160
gate,bybit,VANRYUSDT,0.005682,0.006102,7.3918,1774037025460
gate,bybit,VANRYUSDT,0.005682,0.006102,7.3918,1774037025760
gate,bybit,VANRYUSDT,0.005682,0.006102,7.3918,1774037026060
gate,bybit,VANRYUSDT,0.005682,0.006102,7.3918,1774037026361
gate,bybit,VANRYUSDT,0.005682,0.006102,7.3918,1774037026661
gate,bybit,VANRYUSDT,0.005682,0.006102,7.3918,1774037026961
gate,bybit,VANRYUSDT,0.005682,0.006102,7.3918,1774037027261
gate,bybit,VANRYUSDT,0.005682,0.006102,7.3918,1774037027562
gate,bybit,VANRYUSDT,0.005682,0.006102,7.3918,1774037027862
gate,bybit,VANRYUSDT,0.005682,0.006102,7.3918,1774037028162
gate,bybit,VANRYUSDT,0.005682,0.006102,7.3918,1774037028462
gate,bybit,VANRYUSDT,0.005682,0.006102,7.3918,1774037028763
gate,bybit,VANRYUSDT,0.005683,0.006102,7.3729,1774037029063
gate,bybit,VANRYUSDT,0.005683,0.006102,7.3729,1774037029363
gate,bybit,VANRYUSDT,0.005683,0.006102,7.3729,1774037029663
gate,bybit,VANRYUSDT,0.005683,0.006102,7.3729,1774037029964
gate,bybit,VANRYUSDT,0.005683,0.006102,7.3729,1774037030264
gate,bybit,VANRYUSDT,0.005683,0.006102,7.3729,1774037030565
gate,bybit,VANRYUSDT,0.005683,0.006102,7.3729,1774037030865
gate,bybit,VANRYUSDT,0.005683,0.006102,7.3729,1774037031166
gate,bybit,VANRYUSDT,0.005683,0.006102,7.3729,1774037031466
gate,bybit,VANRYUSDT,0.005683,0.006102,7.3729,1774037031766
gate,bybit,VANRYUSDT,0.005683,0.006102,7.3729,1774037032067
gate,bybit,VANRYUSDT,0.005683,0.006102,7.3729,1774037032367
gate,bybit,VANRYUSDT,0.005683,0.006102,7.3729,1774037032667
gate,bybit,VANRYUSDT,0.005683,0.006102,7.3729,1774037032968
gate,bybit,VANRYUSDT,0.005683,0.006102,7.3729,1774037033269
gate,bybit,VANRYUSDT,0.005683,0.006102,7.3729,1774037033569
gate,bybit,VANRYUSDT,0.005683,0.006102,7.3729,1774037033869
gate,bybit,VANRYUSDT,0.005683,0.006102,7.3729,1774037034170
gate,bybit,VANRYUSDT,0.005683,0.006102,7.3729,1774037034470
gate,bybit,VANRYUSDT,0.005683,0.006102,7.3729,1774037034770
gate,bybit,VANRYUSDT,0.005683,0.006102,7.3729,1774037035071
gate,bybit,VANRYUSDT,0.005683,0.006102,7.3729,1774037035372
gate,bybit,VANRYUSDT,0.005683,0.006102,7.3729,1774037035672
gate,bybit,VANRYUSDT,0.005683,0.006102,7.3729,1774037035972
gate,bybit,VANRYUSDT,0.005683,0.006102,7.3729,1774037036272
gate,bybit,VANRYUSDT,0.005683,0.006102,7.3729,1774037036573
gate,bybit,VANRYUSDT,0.005683,0.006102,7.3729,1774037036873
gate,bybit,VANRYUSDT,0.005683,0.006102,7.3729,1774037037173
gate,bybit,VANRYUSDT,0.005683,0.006102,7.3729,1774037037473
gate,bybit,VANRYUSDT,0.005683,0.006102,7.3729,1774037037773
gate,bybit,VANRYUSDT,0.005683,0.006102,7.3729,1774037038074
gate,bybit,VANRYUSDT,0.005683,0.006102,7.3729,1774037038374
gate,bybit,VANRYUSDT,0.005683,0.006102,7.3729,1774037038675
gate,bybit,VANRYUSDT,0.005683,0.006102,7.3729,1774037038975
gate,bybit,VANRYUSDT,0.005683,0.006102,7.3729,1774037039275
gate,bybit,VANRYUSDT,0.005684,0.006104,7.3892,1774037039575
gate,bybit,VANRYUSDT,0.005684,0.006104,7.3892,1774037039876
gate,bybit,VANRYUSDT,0.005684,0.006104,7.3892,1774037040177
gate,bybit,VANRYUSDT,0.005684,0.006103,7.3716,1774037040493
gate,bybit,VANRYUSDT,0.005684,0.006103,7.3716,1774037040793
gate,bybit,VANRYUSDT,0.005684,0.006103,7.3716,1774037041094
gate,bybit,VANRYUSDT,0.005684,0.006103,7.3716,1774037041394
gate,bybit,VANRYUSDT,0.005684,0.006104,7.3892,1774037041694
gate,bybit,VANRYUSDT,0.005684,0.006103,7.3716,1774037041994
gate,bybit,VANRYUSDT,0.005684,0.006103,7.3716,1774037042295
gate,bybit,VANRYUSDT,0.005684,0.006104,7.3892,1774037042595
gate,bybit,VANRYUSDT,0.005684,0.006104,7.3892,1774037042895
gate,bybit,VANRYUSDT,0.005684,0.006104,7.3892,1774037043196
gate,bybit,VANRYUSDT,0.005684,0.006104,7.3892,1774037043496
gate,bybit,VANRYUSDT,0.005684,0.006104,7.3892,1774037043808
gate,bybit,VANRYUSDT,0.005684,0.006104,7.3892,1774037044108
gate,bybit,VANRYUSDT,0.005684,0.006104,7.3892,1774037044408
gate,bybit,VANRYUSDT,0.005684,0.006104,7.3892,1774037044709
gate,bybit,VANRYUSDT,0.005684,0.006104,7.3892,1774037045009
gate,bybit,VANRYUSDT,0.005684,0.006104,7.3892,1774037045309
gate,bybit,VANRYUSDT,0.005684,0.006104,7.3892,1774037045609
gate,bybit,VANRYUSDT,0.005684,0.006104,7.3892,1774037045910
gate,bybit,VANRYUSDT,0.005684,0.006104,7.3892,1774037046210
gate,bybit,VANRYUSDT,0.005682,0.006101,7.3742,1774037046512
gate,bybit,VANRYUSDT,0.005681,0.006101,7.3931,1774037046812
gate,bybit,VANRYUSDT,0.005681,0.0061,7.3755,1774037047112
gate,bybit,VANRYUSDT,0.005681,0.0061,7.3755,1774037047412
gate,bybit,VANRYUSDT,0.005681,0.0061,7.3755,1774037047713
gate,bybit,VANRYUSDT,0.005681,0.0061,7.3755,1774037048013
gate,bybit,VANRYUSDT,0.005681,0.0061,7.3755,1774037048313
gate,bybit,VANRYUSDT,0.00568,0.0061,7.3944,1774037048613
gate,bybit,VANRYUSDT,0.00568,0.0061,7.3944,1774037048914
gate,bybit,VANRYUSDT,0.00568,0.0061,7.3944,1774037049214
gate,bybit,VANRYUSDT,0.00568,0.0061,7.3944,1774037049514
gate,bybit,VANRYUSDT,0.00568,0.0061,7.3944,1774037049814
gate,bybit,VANRYUSDT,0.00568,0.0061,7.3944,1774037050115
gate,bybit,VANRYUSDT,0.00568,0.0061,7.3944,1774037050415
gate,bybit,VANRYUSDT,0.00568,0.0061,7.3944,1774037050715
gate,bybit,VANRYUSDT,0.00568,0.0061,7.3944,1774037051016
gate,bybit,VANRYUSDT,0.00568,0.0061,7.3944,1774037051316
gate,bybit,VANRYUSDT,0.00568,0.0061,7.3944,1774037051616
gate,bybit,VANRYUSDT,0.00568,0.0061,7.3944,1774037051916
gate,bybit,VANRYUSDT,0.00568,0.0061,7.3944,1774037052217
gate,bybit,VANRYUSDT,0.005678,0.0061,7.4322,1774037052517
gate,bybit,VANRYUSDT,0.005678,0.0061,7.4322,1774037052817
gate,bybit,VANRYUSDT,0.005678,0.0061,7.4322,1774037053117
gate,bybit,VANRYUSDT,0.005678,0.0061,7.4322,1774037053418
gate,bybit,VANRYUSDT,0.005678,0.0061,7.4322,1774037053718
gate,bybit,VANRYUSDT,0.005678,0.0061,7.4322,1774037054018
gate,bybit,VANRYUSDT,0.005678,0.0061,7.4322,1774037054319
gate,bybit,VANRYUSDT,0.005678,0.0061,7.4322,1774037054619
gate,bybit,VANRYUSDT,0.005678,0.0061,7.4322,1774037054920
gate,bybit,VANRYUSDT,0.005678,0.0061,7.4322,1774037055220
gate,bybit,VANRYUSDT,0.005678,0.0061,7.4322,1774037055521
gate,bybit,VANRYUSDT,0.005678,0.0061,7.4322,1774037055821
gate,bybit,VANRYUSDT,0.005678,0.0061,7.4322,1774037056122
gate,bybit,VANRYUSDT,0.005678,0.0061,7.4322,1774037056422
gate,bybit,VANRYUSDT,0.005682,0.0061,7.3566,1774037056722
gate,bybit,VANRYUSDT,0.005681,0.0061,7.3755,1774037057022
gate,bybit,VANRYUSDT,0.005681,0.0061,7.3755,1774037057323
gate,bybit,VANRYUSDT,0.005681,0.0061,7.3755,1774037057623
gate,bybit,VANRYUSDT,0.005681,0.0061,7.3755,1774037057923
gate,bybit,VANRYUSDT,0.005681,0.0061,7.3755,1774037058223
gate,bybit,VANRYUSDT,0.00568,0.0061,7.3944,1774037058523
gate,bybit,VANRYUSDT,0.00568,0.0061,7.3944,1774037058823
gate,bybit,VANRYUSDT,0.00568,0.0061,7.3944,1774037059124
gate,bybit,VANRYUSDT,0.00568,0.0061,7.3944,1774037059425
gate,bybit,VANRYUSDT,0.00568,0.0061,7.3944,1774037059725
gate,bybit,VANRYUSDT,0.005681,0.0061,7.3755,1774037060025
gate,bybit,VANRYUSDT,0.005681,0.0061,7.3755,1774037060325
gate,bybit,VANRYUSDT,0.005682,0.006101,7.3742,1774037060625
gate,bybit,VANRYUSDT,0.005682,0.006101,7.3742,1774037060926
gate,bybit,VANRYUSDT,0.005682,0.006101,7.3742,1774037061226
gate,bybit,VANRYUSDT,0.005682,0.006101,7.3742,1774037061526
gate,bybit,VANRYUSDT,0.005682,0.006101,7.3742,1774037061826
gate,bybit,VANRYUSDT,0.005682,0.006101,7.3742,1774037062127
gate,bybit,VANRYUSDT,0.005682,0.006101,7.3742,1774037062427
gate,bybit,VANRYUSDT,0.005682,0.006101,7.3742,1774037062727
gate,bybit,VANRYUSDT,0.005682,0.006101,7.3742,1774037063028
gate,bybit,VANRYUSDT,0.005682,0.006101,7.3742,1774037063328
gate,bybit,VANRYUSDT,0.005682,0.006101,7.3742,1774037063628
gate,bybit,VANRYUSDT,0.005682,0.006101,7.3742,1774037063928
gate,bybit,VANRYUSDT,0.005682,0.006101,7.3742,1774037064228
gate,bybit,VANRYUSDT,0.005682,0.006101,7.3742,1774037064529
gate,bybit,VANRYUSDT,0.005682,0.006101,7.3742,1774037064829
gate,bybit,VANRYUSDT,0.005682,0.006101,7.3742,1774037065130
gate,bybit,VANRYUSDT,0.005682,0.006101,7.3742,1774037065430
gate,bybit,VANRYUSDT,0.005682,0.006101,7.3742,1774037065731
gate,bybit,VANRYUSDT,0.005682,0.006101,7.3742,1774037066032
gate,bybit,VANRYUSDT,0.005682,0.006101,7.3742,1774037066332
gate,bybit,VANRYUSDT,0.005682,0.006101,7.3742,1774037066632
gate,bybit,VANRYUSDT,0.005682,0.006101,7.3742,1774037066932
gate,bybit,VANRYUSDT,0.005682,0.006101,7.3742,1774037067232
gate,bybit,VANRYUSDT,0.005682,0.006101,7.3742,1774037067533
gate,bybit,VANRYUSDT,0.005682,0.006101,7.3742,1774037067833
gate,bybit,VANRYUSDT,0.005682,0.006101,7.3742,1774037068133
gate,bybit,VANRYUSDT,0.005682,0.006101,7.3742,1774037068433
gate,bybit,VANRYUSDT,0.005682,0.006101,7.3742,1774037068734
gate,bybit,VANRYUSDT,0.005682,0.006101,7.3742,1774037069034
gate,bybit,VANRYUSDT,0.005682,0.006101,7.3742,1774037069334
gate,bybit,VANRYUSDT,0.005682,0.006101,7.3742,1774037069635
gate,bybit,VANRYUSDT,0.005682,0.006101,7.3742,1774037069935
gate,bybit,VANRYUSDT,0.005682,0.006101,7.3742,1774037070235
gate,bybit,VANRYUSDT,0.005682,0.006101,7.3742,1774037070536
gate,bybit,VANRYUSDT,0.005682,0.006101,7.3742,1774037070836
gate,bybit,VANRYUSDT,0.005682,0.006101,7.3742,1774037071136
gate,bybit,VANRYUSDT,0.005682,0.006101,7.3742,1774037071436
gate,bybit,VANRYUSDT,0.005682,0.006101,7.3742,1774037071736
gate,bybit,VANRYUSDT,0.005682,0.006101,7.3742,1774037072037
gate,bybit,VANRYUSDT,0.005682,0.006101,7.3742,1774037072337
gate,bybit,VANRYUSDT,0.005682,0.006101,7.3742,1774037072638
gate,bybit,VANRYUSDT,0.005682,0.006101,7.3742,1774037072938
gate,bybit,VANRYUSDT,0.005682,0.006101,7.3742,1774037073238
gate,bybit,VANRYUSDT,0.005682,0.006101,7.3742,1774037073538
gate,bybit,VANRYUSDT,0.005682,0.006101,7.3742,1774037073838
gate,bybit,VANRYUSDT,0.005682,0.006101,7.3742,1774037074139
gate,bybit,VANRYUSDT,0.005682,0.006101,7.3742,1774037074439
gate,bybit,VANRYUSDT,0.005682,0.006101,7.3742,1774037074739
gate,bybit,VANRYUSDT,0.005681,0.006101,7.3931,1774037075043
gate,bybit,VANRYUSDT,0.005679,0.0061,7.4133,1774037075344
gate,bybit,VANRYUSDT,0.005679,0.006099,7.3957,1774037075646
gate,bybit,VANRYUSDT,0.005679,0.006099,7.3957,1774037075946
gate,bybit,VANRYUSDT,0.005679,0.006099,7.3957,1774037076246
gate,bybit,VANRYUSDT,0.005679,0.006099,7.3957,1774037076546
gate,bybit,VANRYUSDT,0.005679,0.006099,7.3957,1774037076847
gate,bybit,VANRYUSDT,0.005679,0.006099,7.3957,1774037077147
gate,bybit,VANRYUSDT,0.005679,0.006099,7.3957,1774037077447
gate,bybit,VANRYUSDT,0.005679,0.006099,7.3957,1774037077747
gate,bybit,VANRYUSDT,0.005679,0.006099,7.3957,1774037078048
gate,bybit,VANRYUSDT,0.005679,0.006099,7.3957,1774037078349
gate,bybit,VANRYUSDT,0.005679,0.006099,7.3957,1774037078649
gate,bybit,VANRYUSDT,0.005679,0.006099,7.3957,1774037078949
gate,bybit,VANRYUSDT,0.005679,0.006099,7.3957,1774037079249
gate,bybit,VANRYUSDT,0.005679,0.006099,7.3957,1774037079550
gate,bybit,VANRYUSDT,0.005679,0.006099,7.3957,1774037079850
gate,bybit,VANRYUSDT,0.005679,0.006099,7.3957,1774037080150
gate,bybit,VANRYUSDT,0.005679,0.006099,7.3957,1774037080450
gate,bybit,VANRYUSDT,0.005679,0.006099,7.3957,1774037080750
gate,bybit,VANRYUSDT,0.005679,0.006099,7.3957,1774037081051
gate,bybit,VANRYUSDT,0.005679,0.006099,7.3957,1774037081351
gate,bybit,VANRYUSDT,0.005679,0.006099,7.3957,1774037081651
gate,bybit,VANRYUSDT,0.005679,0.006099,7.3957,1774037081952
gate,bybit,VANRYUSDT,0.005679,0.006099,7.3957,1774037082252
gate,bybit,VANRYUSDT,0.005679,0.006099,7.3957,1774037082552
gate,bybit,VANRYUSDT,0.005679,0.006099,7.3957,1774037082852
gate,bybit,VANRYUSDT,0.005679,0.006099,7.3957,1774037083153
gate,bybit,VANRYUSDT,0.005679,0.006099,7.3957,1774037083453
gate,bybit,VANRYUSDT,0.005679,0.006099,7.3957,1774037083753
gate,bybit,VANRYUSDT,0.005679,0.006099,7.3957,1774037084053
gate,bybit,VANRYUSDT,0.005679,0.006099,7.3957,1774037084354
gate,bybit,VANRYUSDT,0.005679,0.006099,7.3957,1774037084654
gate,bybit,VANRYUSDT,0.005679,0.006099,7.3957,1774037084955
gate,bybit,VANRYUSDT,0.005679,0.006099,7.3957,1774037085255
gate,bybit,VANRYUSDT,0.005679,0.006099,7.3957,1774037085555
gate,bybit,VANRYUSDT,0.005678,0.006099,7.4146,1774037085856
gate,bybit,VANRYUSDT,0.005678,0.006099,7.4146,1774037086156
gate,bybit,VANRYUSDT,0.005679,0.006099,7.3957,1774037086457
