spot_exch,fut_exch,symbol,ask_spot,bid_futures,spread_pct,ts
gate,bybit,BLUAIUSDT,0.006525,0.006617,1.41,1774034012748
gate,bybit,BLUAIUSDT,0.006617,0.006617,0.0,1774034013048
gate,bybit,BLUAIUSDT,0.006604,0.006603,-0.0151,1774034013348
gate,bybit,BLUAIUSDT,0.00661,0.0066,-0.1513,1774034013648
gate,bybit,BLUAIUSDT,0.00661,0.0066,-0.1513,1774034013949
gate,bybit,BLUAIUSDT,0.00661,0.006598,-0.1815,1774034014249
gate,bybit,BLUAIUSDT,0.00661,0.006605,-0.0756,1774034014550
gate,bybit,BLUAIUSDT,0.00661,0.006596,-0.2118,1774034014850
gate,bybit,BLUAIUSDT,0.00661,0.006595,-0.2269,1774034015150
gate,bybit,BLUAIUSDT,0.00661,0.006596,-0.2118,1774034015451
gate,bybit,BLUAIUSDT,0.00661,0.006596,-0.2118,1774034015751
gate,bybit,BLUAIUSDT,0.006608,0.006596,-0.1816,1774034016051
gate,bybit,BLUAIUSDT,0.006608,0.006596,-0.1816,1774034016351
gate,bybit,BLUAIUSDT,0.006608,0.006595,-0.1967,1774034016651
gate,bybit,BLUAIUSDT,0.006609,0.006597,-0.1816,1774034016951
gate,bybit,BLUAIUSDT,0.006608,0.006597,-0.1665,1774034017252
gate,bybit,BLUAIUSDT,0.006608,0.006595,-0.1967,1774034017552
gate,bybit,BLUAIUSDT,0.006608,0.006595,-0.1967,1774034017852
gate,bybit,BLUAIUSDT,0.006608,0.006595,-0.1967,1774034018152
gate,bybit,BLUAIUSDT,0.006608,0.006595,-0.1967,1774034018452
gate,bybit,BLUAIUSDT,0.006608,0.006592,-0.2421,1774034018753
gate,bybit,BLUAIUSDT,0.006608,0.006592,-0.2421,1774034019054
gate,bybit,BLUAIUSDT,0.006608,0.006594,-0.2119,1774034019354
gate,bybit,BLUAIUSDT,0.006606,0.006594,-0.1817,1774034019654
gate,bybit,BLUAIUSDT,0.006606,0.006591,-0.2271,1774034019955
gate,bybit,BLUAIUSDT,0.006606,0.00659,-0.2422,1774034020256
gate,bybit,BLUAIUSDT,0.006606,0.00659,-0.2422,1774034020556
gate,bybit,BLUAIUSDT,0.006606,0.006578,-0.4239,1774034020857
gate,bybit,BLUAIUSDT,0.006593,0.006579,-0.2123,1774034021157
gate,bybit,BLUAIUSDT,0.006593,0.006576,-0.2578,1774034021458
gate,bybit,BLUAIUSDT,0.006593,0.006576,-0.2578,1774034021758
gate,bybit,BLUAIUSDT,0.006593,0.006576,-0.2578,1774034022059
gate,bybit,BLUAIUSDT,0.006593,0.006576,-0.2578,1774034022359
gate,bybit,BLUAIUSDT,0.006593,0.006576,-0.2578,1774034022659
gate,bybit,BLUAIUSDT,0.006593,0.006576,-0.2578,1774034022959
gate,bybit,BLUAIUSDT,0.006598,0.006576,-0.3334,1774034023260
gate,bybit,BLUAIUSDT,0.006596,0.006578,-0.2729,1774034023560
gate,bybit,BLUAIUSDT,0.006596,0.006578,-0.2729,1774034023860
gate,bybit,BLUAIUSDT,0.006596,0.006578,-0.2729,1774034024161
gate,bybit,BLUAIUSDT,0.006596,0.006578,-0.2729,1774034024461
gate,bybit,BLUAIUSDT,0.006596,0.006578,-0.2729,1774034024762
gate,bybit,BLUAIUSDT,0.006594,0.006585,-0.1365,1774034025062
gate,bybit,BLUAIUSDT,0.006598,0.006586,-0.1819,1774034025363
gate,bybit,BLUAIUSDT,0.006599,0.006592,-0.1061,1774034025663
gate,bybit,BLUAIUSDT,0.006599,0.006588,-0.1667,1774034025963
gate,bybit,BLUAIUSDT,0.006599,0.006588,-0.1667,1774034026263
gate,bybit,BLUAIUSDT,0.006599,0.006588,-0.1667,1774034026564
gate,bybit,BLUAIUSDT,0.006599,0.006588,-0.1667,1774034026864
gate,bybit,BLUAIUSDT,0.006599,0.006588,-0.1667,1774034027164
gate,bybit,BLUAIUSDT,0.006599,0.006588,-0.1667,1774034027464
gate,bybit,BLUAIUSDT,0.006599,0.006588,-0.1667,1774034027765
gate,bybit,BLUAIUSDT,0.006599,0.006588,-0.1667,1774034028065
gate,bybit,BLUAIUSDT,0.006599,0.006588,-0.1667,1774034028366
gate,bybit,BLUAIUSDT,0.006598,0.006588,-0.1516,1774034028666
gate,bybit,BLUAIUSDT,0.006598,0.006594,-0.0606,1774034028966
gate,bybit,BLUAIUSDT,0.006598,0.006594,-0.0606,1774034029267
gate,bybit,BLUAIUSDT,0.006599,0.006594,-0.0758,1774034029567
gate,bybit,BLUAIUSDT,0.0066,0.006594,-0.0909,1774034029868
gate,bybit,BLUAIUSDT,0.0066,0.006605,0.0758,1774034030168
gate,bybit,BLUAIUSDT,0.0066,0.006604,0.0606,1774034030468
gate,bybit,BLUAIUSDT,0.0066,0.006604,0.0606,1774034030769
gate,bybit,BLUAIUSDT,0.0066,0.006604,0.0606,1774034031069
gate,bybit,BLUAIUSDT,0.0066,0.006604,0.0606,1774034031370
gate,bybit,BLUAIUSDT,0.0066,0.006604,0.0606,1774034031670
gate,bybit,BLUAIUSDT,0.0066,0.006604,0.0606,1774034031970
gate,bybit,BLUAIUSDT,0.0066,0.006604,0.0606,1774034032274
gate,bybit,BLUAIUSDT,0.0066,0.006604,0.0606,1774034032574
gate,bybit,BLUAIUSDT,0.0066,0.006604,0.0606,1774034032874
gate,bybit,BLUAIUSDT,0.0066,0.006604,0.0606,1774034033175
gate,bybit,BLUAIUSDT,0.0066,0.006604,0.0606,1774034033475
gate,bybit,BLUAIUSDT,0.0066,0.006604,0.0606,1774034033775
gate,bybit,BLUAIUSDT,0.0066,0.006604,0.0606,1774034034075
gate,bybit,BLUAIUSDT,0.0066,0.006607,0.1061,1774034034375
gate,bybit,BLUAIUSDT,0.0066,0.006607,0.1061,1774034034675
gate,bybit,BLUAIUSDT,0.0066,0.006607,0.1061,1774034034976
gate,bybit,BLUAIUSDT,0.0066,0.006607,0.1061,1774034035276
gate,bybit,BLUAIUSDT,0.0066,0.006607,0.1061,1774034035576
gate,bybit,BLUAIUSDT,0.0066,0.006606,0.0909,1774034035877
gate,bybit,BLUAIUSDT,0.0066,0.006606,0.0909,1774034036177
gate,bybit,BLUAIUSDT,0.0066,0.006606,0.0909,1774034036478
gate,bybit,BLUAIUSDT,0.0066,0.006606,0.0909,1774034036778
gate,bybit,BLUAIUSDT,0.0066,0.006606,0.0909,1774034037078
gate,bybit,BLUAIUSDT,0.0066,0.006606,0.0909,1774034037378
gate,bybit,BLUAIUSDT,0.0066,0.006606,0.0909,1774034037678
gate,bybit,BLUAIUSDT,0.0066,0.006606,0.0909,1774034037978
gate,bybit,BLUAIUSDT,0.0066,0.006606,0.0909,1774034038279
gate,bybit,BLUAIUSDT,0.0066,0.006606,0.0909,1774034038579
gate,bybit,BLUAIUSDT,0.0066,0.006606,0.0909,1774034038879
gate,bybit,BLUAIUSDT,0.0066,0.006606,0.0909,1774034039180
gate,bybit,BLUAIUSDT,0.0066,0.006606,0.0909,1774034039480
gate,bybit,BLUAIUSDT,0.0066,0.006606,0.0909,1774034039781
gate,bybit,BLUAIUSDT,0.0066,0.006606,0.0909,1774034040081
gate,bybit,BLUAIUSDT,0.006599,0.006606,0.1061,1774034040381
gate,bybit,BLUAIUSDT,0.006599,0.006598,-0.0152,1774034040681
gate,bybit,BLUAIUSDT,0.006599,0.0066,0.0152,1774034040981
gate,bybit,BLUAIUSDT,0.006599,0.0066,0.0152,1774034041282
gate,bybit,BLUAIUSDT,0.006599,0.0066,0.0152,1774034041582
gate,bybit,BLUAIUSDT,0.006599,0.006594,-0.0758,1774034041882
gate,bybit,BLUAIUSDT,0.006599,0.006595,-0.0606,1774034042182
gate,bybit,BLUAIUSDT,0.006599,0.006595,-0.0606,1774034042482
gate,bybit,BLUAIUSDT,0.006599,0.006595,-0.0606,1774034042783
gate,bybit,BLUAIUSDT,0.006599,0.006603,0.0606,1774034043083
gate,bybit,BLUAIUSDT,0.006599,0.006604,0.0758,1774034043383
gate,bybit,BLUAIUSDT,0.006599,0.006604,0.0758,1774034043683
gate,bybit,BLUAIUSDT,0.006599,0.006604,0.0758,1774034043984
gate,bybit,BLUAIUSDT,0.006592,0.006594,0.0303,1774034044284
gate,bybit,BLUAIUSDT,0.006599,0.006598,-0.0152,1774034044584
gate,bybit,BLUAIUSDT,0.006599,0.006598,-0.0152,1774034044884
gate,bybit,BLUAIUSDT,0.006599,0.006598,-0.0152,1774034045184
gate,bybit,BLUAIUSDT,0.006599,0.006598,-0.0152,1774034045485
gate,bybit,BLUAIUSDT,0.006599,0.006598,-0.0152,1774034045786
gate,bybit,BLUAIUSDT,0.006599,0.006598,-0.0152,1774034046086
gate,bybit,BLUAIUSDT,0.006599,0.006599,0.0,1774034046391
gate,bybit,BLUAIUSDT,0.006599,0.006599,0.0,1774034046691
gate,bybit,BLUAIUSDT,0.006599,0.006599,0.0,1774034046991
gate,bybit,BLUAIUSDT,0.006599,0.006599,0.0,1774034047291
gate,bybit,BLUAIUSDT,0.006599,0.006599,0.0,1774034047592
gate,bybit,BLUAIUSDT,0.006599,0.006599,0.0,1774034047892
gate,bybit,BLUAIUSDT,0.006599,0.006599,0.0,1774034048192
gate,bybit,BLUAIUSDT,0.006599,0.006599,0.0,1774034048492
gate,bybit,BLUAIUSDT,0.006599,0.006599,0.0,1774034048793
gate,bybit,BLUAIUSDT,0.006599,0.006599,0.0,1774034049093
gate,bybit,BLUAIUSDT,0.006599,0.006594,-0.0758,1774034049393
gate,bybit,BLUAIUSDT,0.006599,0.006594,-0.0758,1774034049694
gate,bybit,BLUAIUSDT,0.006599,0.006594,-0.0758,1774034049994
gate,bybit,BLUAIUSDT,0.006599,0.006601,0.0303,1774034050294
gate,bybit,BLUAIUSDT,0.006599,0.006598,-0.0152,1774034050594
gate,bybit,BLUAIUSDT,0.006599,0.006598,-0.0152,1774034050895
gate,bybit,BLUAIUSDT,0.006599,0.006598,-0.0152,1774034051195
gate,bybit,BLUAIUSDT,0.006599,0.006598,-0.0152,1774034051495
gate,bybit,BLUAIUSDT,0.006599,0.006598,-0.0152,1774034051795
gate,bybit,BLUAIUSDT,0.006599,0.006591,-0.1212,1774034052095
gate,bybit,BLUAIUSDT,0.006599,0.006591,-0.1212,1774034052395
gate,bybit,BLUAIUSDT,0.006599,0.006591,-0.1212,1774034052696
gate,bybit,BLUAIUSDT,0.006599,0.006591,-0.1212,1774034052996
gate,bybit,BLUAIUSDT,0.006599,0.006591,-0.1212,1774034053296
gate,bybit,BLUAIUSDT,0.006599,0.006591,-0.1212,1774034053596
gate,bybit,BLUAIUSDT,0.006599,0.006591,-0.1212,1774034053897
gate,bybit,BLUAIUSDT,0.006599,0.006591,-0.1212,1774034054197
gate,bybit,BLUAIUSDT,0.006599,0.006591,-0.1212,1774034054497
gate,bybit,BLUAIUSDT,0.006599,0.006591,-0.1212,1774034054797
gate,bybit,BLUAIUSDT,0.006599,0.006591,-0.1212,1774034055098
gate,bybit,BLUAIUSDT,0.006599,0.006591,-0.1212,1774034055398
gate,bybit,BLUAIUSDT,0.006599,0.006591,-0.1212,1774034055698
gate,bybit,BLUAIUSDT,0.006599,0.006591,-0.1212,1774034055999
gate,bybit,BLUAIUSDT,0.006599,0.006591,-0.1212,1774034056299
gate,bybit,BLUAIUSDT,0.006599,0.006591,-0.1212,1774034056600
gate,bybit,BLUAIUSDT,0.006599,0.006591,-0.1212,1774034056900
gate,bybit,BLUAIUSDT,0.006599,0.006591,-0.1212,1774034057200
gate,bybit,BLUAIUSDT,0.006599,0.006591,-0.1212,1774034057500
gate,bybit,BLUAIUSDT,0.006599,0.006591,-0.1212,1774034057801
gate,bybit,BLUAIUSDT,0.006599,0.006591,-0.1212,1774034058101
gate,bybit,BLUAIUSDT,0.006599,0.006591,-0.1212,1774034058401
gate,bybit,BLUAIUSDT,0.006599,0.006591,-0.1212,1774034058701
gate,bybit,BLUAIUSDT,0.006599,0.006591,-0.1212,1774034059002
gate,bybit,BLUAIUSDT,0.006599,0.006591,-0.1212,1774034059302
gate,bybit,BLUAIUSDT,0.006599,0.006591,-0.1212,1774034059602
gate,bybit,BLUAIUSDT,0.006599,0.006591,-0.1212,1774034059902
gate,bybit,BLUAIUSDT,0.006599,0.00659,-0.1364,1774034060203
gate,bybit,BLUAIUSDT,0.006599,0.00659,-0.1364,1774034060503
gate,bybit,BLUAIUSDT,0.006599,0.00659,-0.1364,1774034060804
gate,bybit,BLUAIUSDT,0.006599,0.00659,-0.1364,1774034061104
gate,bybit,BLUAIUSDT,0.006599,0.00659,-0.1364,1774034061404
gate,bybit,BLUAIUSDT,0.006599,0.00659,-0.1364,1774034061704
gate,bybit,BLUAIUSDT,0.006599,0.00659,-0.1364,1774034062005
gate,bybit,BLUAIUSDT,0.006599,0.00659,-0.1364,1774034062305
gate,bybit,BLUAIUSDT,0.006599,0.00659,-0.1364,1774034062605
gate,bybit,BLUAIUSDT,0.006599,0.00659,-0.1364,1774034062906
gate,bybit,BLUAIUSDT,0.006599,0.00659,-0.1364,1774034063206
gate,bybit,BLUAIUSDT,0.006599,0.00659,-0.1364,1774034063506
gate,bybit,BLUAIUSDT,0.006599,0.00659,-0.1364,1774034063807
gate,bybit,BLUAIUSDT,0.006599,0.00659,-0.1364,1774034064108
gate,bybit,BLUAIUSDT,0.006599,0.00659,-0.1364,1774034064408
gate,bybit,BLUAIUSDT,0.006599,0.00659,-0.1364,1774034064708
gate,bybit,BLUAIUSDT,0.006599,0.00659,-0.1364,1774034065009
gate,bybit,BLUAIUSDT,0.006599,0.00659,-0.1364,1774034065309
gate,bybit,BLUAIUSDT,0.006599,0.00659,-0.1364,1774034065609
gate,bybit,BLUAIUSDT,0.006599,0.006595,-0.0606,1774034065909
gate,bybit,BLUAIUSDT,0.006599,0.006595,-0.0606,1774034066209
gate,bybit,BLUAIUSDT,0.006599,0.006591,-0.1212,1774034066510
gate,bybit,BLUAIUSDT,0.006599,0.006591,-0.1212,1774034066810
gate,bybit,BLUAIUSDT,0.006599,0.006591,-0.1212,1774034067110
gate,bybit,BLUAIUSDT,0.006599,0.006591,-0.1212,1774034067410
gate,bybit,BLUAIUSDT,0.006599,0.006591,-0.1212,1774034067711
gate,bybit,BLUAIUSDT,0.006599,0.006591,-0.1212,1774034068011
gate,bybit,BLUAIUSDT,0.006599,0.006591,-0.1212,1774034068311
gate,bybit,BLUAIUSDT,0.006599,0.006591,-0.1212,1774034068611
gate,bybit,BLUAIUSDT,0.006599,0.006591,-0.1212,1774034068912
gate,bybit,BLUAIUSDT,0.006599,0.006591,-0.1212,1774034069212
gate,bybit,BLUAIUSDT,0.006599,0.006593,-0.0909,1774034069513
gate,bybit,BLUAIUSDT,0.006599,0.006593,-0.0909,1774034069813
gate,bybit,BLUAIUSDT,0.0066,0.006593,-0.1061,1774034070113
gate,bybit,BLUAIUSDT,0.0066,0.006593,-0.1061,1774034070414
gate,bybit,BLUAIUSDT,0.0066,0.006593,-0.1061,1774034070714
gate,bybit,BLUAIUSDT,0.0066,0.006593,-0.1061,1774034071014
gate,bybit,BLUAIUSDT,0.0066,0.006598,-0.0303,1774034071315
gate,bybit,BLUAIUSDT,0.0066,0.006598,-0.0303,1774034071615
gate,bybit,BLUAIUSDT,0.0066,0.006598,-0.0303,1774034071915
gate,bybit,BLUAIUSDT,0.0066,0.006598,-0.0303,1774034072215
gate,bybit,BLUAIUSDT,0.0066,0.006598,-0.0303,1774034072515
gate,bybit,BLUAIUSDT,0.0066,0.006598,-0.0303,1774034072816
gate,bybit,BLUAIUSDT,0.0066,0.006598,-0.0303,1774034073116
gate,bybit,BLUAIUSDT,0.0066,0.006598,-0.0303,1774034073416
gate,bybit,BLUAIUSDT,0.0066,0.006598,-0.0303,1774034073716
gate,bybit,BLUAIUSDT,0.0066,0.006598,-0.0303,1774034074017
gate,bybit,BLUAIUSDT,0.0066,0.006598,-0.0303,1774034074317
gate,bybit,BLUAIUSDT,0.0066,0.006598,-0.0303,1774034074620
gate,bybit,BLUAIUSDT,0.0066,0.006598,-0.0303,1774034074920
gate,bybit,BLUAIUSDT,0.0066,0.006598,-0.0303,1774034075220
gate,bybit,BLUAIUSDT,0.0066,0.006598,-0.0303,1774034075520
gate,bybit,BLUAIUSDT,0.0066,0.006598,-0.0303,1774034075821
gate,bybit,BLUAIUSDT,0.0066,0.006598,-0.0303,1774034076121
gate,bybit,BLUAIUSDT,0.0066,0.006598,-0.0303,1774034076421
gate,bybit,BLUAIUSDT,0.0066,0.006598,-0.0303,1774034076721
gate,bybit,BLUAIUSDT,0.0066,0.0066,0.0,1774034077021
gate,bybit,BLUAIUSDT,0.006617,0.006611,-0.0907,1774034077322
gate,bybit,BLUAIUSDT,0.006617,0.006608,-0.136,1774034077622
gate,bybit,BLUAIUSDT,0.006617,0.006608,-0.136,1774034077922
gate,bybit,BLUAIUSDT,0.006617,0.006608,-0.136,1774034078223
gate,bybit,BLUAIUSDT,0.006617,0.006608,-0.136,1774034078524
gate,bybit,BLUAIUSDT,0.006617,0.006608,-0.136,1774034078824
gate,bybit,BLUAIUSDT,0.006617,0.006608,-0.136,1774034079124
gate,bybit,BLUAIUSDT,0.006617,0.006596,-0.3174,1774034079424
gate,bybit,BLUAIUSDT,0.006611,0.006597,-0.2118,1774034079725
gate,bybit,BLUAIUSDT,0.006611,0.006597,-0.2118,1774034080025
gate,bybit,BLUAIUSDT,0.006611,0.006597,-0.2118,1774034080326
gate,bybit,BLUAIUSDT,0.006611,0.006597,-0.2118,1774034080626
gate,bybit,BLUAIUSDT,0.006611,0.006597,-0.2118,1774034080926
gate,bybit,BLUAIUSDT,0.006611,0.006597,-0.2118,1774034081226
gate,bybit,BLUAIUSDT,0.006611,0.006597,-0.2118,1774034081526
gate,bybit,BLUAIUSDT,0.006611,0.006597,-0.2118,1774034081827
gate,bybit,BLUAIUSDT,0.006611,0.006597,-0.2118,1774034082127
gate,bybit,BLUAIUSDT,0.006611,0.006597,-0.2118,1774034082427
gate,bybit,BLUAIUSDT,0.006611,0.006597,-0.2118,1774034082728
gate,bybit,BLUAIUSDT,0.00661,0.006598,-0.1815,1774034083028
gate,bybit,BLUAIUSDT,0.00661,0.006598,-0.1815,1774034083328
gate,bybit,BLUAIUSDT,0.00661,0.006598,-0.1815,1774034083629
gate,bybit,BLUAIUSDT,0.006619,0.006611,-0.1209,1774034083929
gate,bybit,BLUAIUSDT,0.006619,0.006607,-0.1813,1774034084230
gate,bybit,BLUAIUSDT,0.006619,0.006607,-0.1813,1774034084530
gate,bybit,BLUAIUSDT,0.006619,0.006607,-0.1813,1774034084830
gate,bybit,BLUAIUSDT,0.006619,0.006607,-0.1813,1774034085131
gate,bybit,BLUAIUSDT,0.006619,0.006607,-0.1813,1774034085432
gate,bybit,BLUAIUSDT,0.006619,0.006607,-0.1813,1774034085733
gate,bybit,BLUAIUSDT,0.006619,0.006607,-0.1813,1774034086033
gate,bybit,BLUAIUSDT,0.006619,0.006607,-0.1813,1774034086333
gate,bybit,BLUAIUSDT,0.006619,0.006607,-0.1813,1774034086633
gate,bybit,BLUAIUSDT,0.006619,0.006609,-0.1511,1774034086933
gate,bybit,BLUAIUSDT,0.006619,0.006609,-0.1511,1774034087234
gate,bybit,BLUAIUSDT,0.006619,0.006609,-0.1511,1774034087534
gate,bybit,BLUAIUSDT,0.006619,0.006609,-0.1511,1774034087834
gate,bybit,BLUAIUSDT,0.006619,0.006609,-0.1511,1774034088135
gate,bybit,BLUAIUSDT,0.006619,0.006609,-0.1511,1774034088435
gate,bybit,BLUAIUSDT,0.006619,0.006609,-0.1511,1774034088743
gate,bybit,BLUAIUSDT,0.006619,0.006609,-0.1511,1774034089043
gate,bybit,BLUAIUSDT,0.006619,0.006609,-0.1511,1774034089343
gate,bybit,BLUAIUSDT,0.006619,0.006609,-0.1511,1774034089643
gate,bybit,BLUAIUSDT,0.006619,0.006609,-0.1511,1774034089944
gate,bybit,BLUAIUSDT,0.006619,0.006609,-0.1511,1774034090244
gate,bybit,BLUAIUSDT,0.006619,0.006609,-0.1511,1774034090544
gate,bybit,BLUAIUSDT,0.006619,0.006609,-0.1511,1774034090844
gate,bybit,BLUAIUSDT,0.006619,0.006609,-0.1511,1774034091145
gate,bybit,BLUAIUSDT,0.006619,0.006609,-0.1511,1774034091446
gate,bybit,BLUAIUSDT,0.006619,0.006609,-0.1511,1774034091746
gate,bybit,BLUAIUSDT,0.006619,0.006609,-0.1511,1774034092046
gate,bybit,BLUAIUSDT,0.006619,0.006609,-0.1511,1774034092346
gate,bybit,BLUAIUSDT,0.006619,0.006609,-0.1511,1774034092647
gate,bybit,BLUAIUSDT,0.006619,0.006609,-0.1511,1774034092947
gate,bybit,BLUAIUSDT,0.006619,0.006609,-0.1511,1774034093247
gate,bybit,BLUAIUSDT,0.006619,0.006609,-0.1511,1774034093547
gate,bybit,BLUAIUSDT,0.006619,0.006609,-0.1511,1774034093847
gate,bybit,BLUAIUSDT,0.006619,0.006609,-0.1511,1774034094147
gate,bybit,BLUAIUSDT,0.006619,0.006609,-0.1511,1774034094448
gate,bybit,BLUAIUSDT,0.006619,0.006609,-0.1511,1774034094748
gate,bybit,BLUAIUSDT,0.006619,0.006609,-0.1511,1774034095048
gate,bybit,BLUAIUSDT,0.006619,0.006608,-0.1662,1774034095348
gate,bybit,BLUAIUSDT,0.006619,0.006608,-0.1662,1774034095649
gate,bybit,BLUAIUSDT,0.006619,0.006608,-0.1662,1774034095949
gate,bybit,BLUAIUSDT,0.006619,0.006608,-0.1662,1774034096249
gate,bybit,BLUAIUSDT,0.006619,0.006608,-0.1662,1774034096550
gate,bybit,BLUAIUSDT,0.006619,0.006608,-0.1662,1774034096850
gate,bybit,BLUAIUSDT,0.006619,0.006608,-0.1662,1774034097150
gate,bybit,BLUAIUSDT,0.006619,0.006608,-0.1662,1774034097451
gate,bybit,BLUAIUSDT,0.006619,0.006608,-0.1662,1774034097751
gate,bybit,BLUAIUSDT,0.006619,0.006608,-0.1662,1774034098051
gate,bybit,BLUAIUSDT,0.006619,0.006608,-0.1662,1774034098352
gate,bybit,BLUAIUSDT,0.006619,0.006608,-0.1662,1774034098652
gate,bybit,BLUAIUSDT,0.00662,0.006608,-0.1813,1774034098952
gate,bybit,BLUAIUSDT,0.00662,0.006608,-0.1813,1774034099252
gate,bybit,BLUAIUSDT,0.00662,0.006608,-0.1813,1774034099552
gate,bybit,BLUAIUSDT,0.00662,0.006608,-0.1813,1774034099853
gate,bybit,BLUAIUSDT,0.00662,0.006608,-0.1813,1774034100153
gate,bybit,BLUAIUSDT,0.00662,0.006608,-0.1813,1774034100453
gate,bybit,BLUAIUSDT,0.006619,0.006597,-0.3324,1774034100753
gate,bybit,BLUAIUSDT,0.006619,0.006597,-0.3324,1774034101053
gate,bybit,BLUAIUSDT,0.006619,0.006597,-0.3324,1774034101354
gate,bybit,BLUAIUSDT,0.006611,0.006597,-0.2118,1774034101654
gate,bybit,BLUAIUSDT,0.006613,0.006601,-0.1815,1774034101954
gate,bybit,BLUAIUSDT,0.006613,0.006601,-0.1815,1774034102254
gate,bybit,BLUAIUSDT,0.006611,0.006601,-0.1513,1774034102554
gate,bybit,BLUAIUSDT,0.006611,0.006601,-0.1513,1774034102857
gate,bybit,BLUAIUSDT,0.006611,0.006601,-0.1513,1774034103157
gate,bybit,BLUAIUSDT,0.006611,0.006602,-0.1361,1774034103457
gate,bybit,BLUAIUSDT,0.006611,0.006602,-0.1361,1774034103757
gate,bybit,BLUAIUSDT,0.006611,0.006602,-0.1361,1774034104057
gate,bybit,BLUAIUSDT,0.006611,0.006602,-0.1361,1774034104357
gate,bybit,BLUAIUSDT,0.006606,0.006589,-0.2573,1774034104658
gate,bybit,BLUAIUSDT,0.006606,0.006589,-0.2573,1774034104959
gate,bybit,BLUAIUSDT,0.006601,0.006589,-0.1818,1774034105259
gate,bybit,BLUAIUSDT,0.006601,0.006589,-0.1818,1774034105559
gate,bybit,BLUAIUSDT,0.006601,0.006589,-0.1818,1774034105859
gate,bybit,BLUAIUSDT,0.006601,0.006589,-0.1818,1774034106159
gate,bybit,BLUAIUSDT,0.006601,0.00659,-0.1666,1774034106459
gate,bybit,BLUAIUSDT,0.006601,0.00659,-0.1666,1774034106772
gate,bybit,BLUAIUSDT,0.006601,0.00659,-0.1666,1774034107072
gate,bybit,BLUAIUSDT,0.006601,0.00659,-0.1666,1774034107372
gate,bybit,BLUAIUSDT,0.006601,0.00659,-0.1666,1774034107672
gate,bybit,BLUAIUSDT,0.006601,0.00659,-0.1666,1774034107973
gate,bybit,BLUAIUSDT,0.006601,0.00659,-0.1666,1774034108273
gate,bybit,BLUAIUSDT,0.006601,0.00659,-0.1666,1774034108573
gate,bybit,BLUAIUSDT,0.006602,0.00659,-0.1818,1774034108874
gate,bybit,BLUAIUSDT,0.006607,0.00659,-0.2573,1774034109174
gate,bybit,BLUAIUSDT,0.006606,0.00659,-0.2422,1774034109474
gate,bybit,BLUAIUSDT,0.006597,0.006581,-0.2425,1774034109775
gate,bybit,BLUAIUSDT,0.006594,0.006578,-0.2426,1774034110075
gate,bybit,BLUAIUSDT,0.006593,0.006578,-0.2275,1774034110375
gate,bybit,BLUAIUSDT,0.006593,0.006578,-0.2275,1774034110676
gate,bybit,BLUAIUSDT,0.006594,0.006579,-0.2275,1774034110976
gate,bybit,BLUAIUSDT,0.006595,0.006579,-0.2426,1774034111276
gate,bybit,BLUAIUSDT,0.006595,0.006579,-0.2426,1774034111577
gate,bybit,BLUAIUSDT,0.006595,0.006579,-0.2426,1774034111877
gate,bybit,BLUAIUSDT,0.006595,0.006579,-0.2426,1774034112177
gate,bybit,BLUAIUSDT,0.006595,0.00658,-0.2274,1774034112478
gate,bybit,BLUAIUSDT,0.006595,0.00658,-0.2274,1774034112778
gate,bybit,BLUAIUSDT,0.006595,0.00658,-0.2274,1774034113078
gate,bybit,BLUAIUSDT,0.006599,0.00658,-0.2879,1774034113378
gate,bybit,BLUAIUSDT,0.006599,0.00658,-0.2879,1774034113678
gate,bybit,BLUAIUSDT,0.006599,0.00658,-0.2879,1774034113979
gate,bybit,BLUAIUSDT,0.006599,0.00658,-0.2879,1774034114279
gate,bybit,BLUAIUSDT,0.006599,0.00658,-0.2879,1774034114579
gate,bybit,BLUAIUSDT,0.006599,0.00658,-0.2879,1774034114886
gate,bybit,BLUAIUSDT,0.006599,0.00658,-0.2879,1774034115187
gate,bybit,BLUAIUSDT,0.006599,0.006578,-0.3182,1774034115487
gate,bybit,BLUAIUSDT,0.006599,0.006578,-0.3182,1774034115787
gate,bybit,BLUAIUSDT,0.006599,0.006578,-0.3182,1774034116088
gate,bybit,BLUAIUSDT,0.006599,0.006578,-0.3182,1774034116388
gate,bybit,BLUAIUSDT,0.006584,0.006576,-0.1215,1774034116688
gate,bybit,BLUAIUSDT,0.006584,0.006576,-0.1215,1774034116990
gate,bybit,BLUAIUSDT,0.006584,0.006576,-0.1215,1774034117290
gate,bybit,BLUAIUSDT,0.006584,0.006576,-0.1215,1774034117590
gate,bybit,BLUAIUSDT,0.006584,0.006576,-0.1215,1774034117891
gate,bybit,BLUAIUSDT,0.006584,0.006576,-0.1215,1774034118191
gate,bybit,BLUAIUSDT,0.006584,0.006576,-0.1215,1774034118491
gate,bybit,BLUAIUSDT,0.006584,0.006576,-0.1215,1774034118791
gate,bybit,BLUAIUSDT,0.006584,0.006576,-0.1215,1774034119092
gate,bybit,BLUAIUSDT,0.006584,0.006576,-0.1215,1774034119392
gate,bybit,BLUAIUSDT,0.006584,0.006576,-0.1215,1774034119692
gate,bybit,BLUAIUSDT,0.006584,0.006567,-0.2582,1774034119993
gate,bybit,BLUAIUSDT,0.006581,0.006567,-0.2127,1774034120293
gate,bybit,BLUAIUSDT,0.006581,0.006567,-0.2127,1774034120593
gate,bybit,BLUAIUSDT,0.006581,0.006567,-0.2127,1774034120893
gate,bybit,BLUAIUSDT,0.006581,0.006567,-0.2127,1774034121194
gate,bybit,BLUAIUSDT,0.006581,0.006568,-0.1975,1774034121494
gate,bybit,BLUAIUSDT,0.006588,0.00657,-0.2732,1774034121794
gate,bybit,BLUAIUSDT,0.006586,0.00657,-0.2429,1774034122094
gate,bybit,BLUAIUSDT,0.006586,0.00657,-0.2429,1774034122394
gate,bybit,BLUAIUSDT,0.006586,0.006568,-0.2733,1774034122695
gate,bybit,BLUAIUSDT,0.006585,0.006568,-0.2582,1774034122995
gate,bybit,BLUAIUSDT,0.006585,0.006568,-0.2582,1774034123296
gate,bybit,BLUAIUSDT,0.006585,0.006568,-0.2582,1774034123596
gate,bybit,BLUAIUSDT,0.006585,0.006568,-0.2582,1774034123897
gate,bybit,BLUAIUSDT,0.006585,0.006567,-0.2733,1774034124197
gate,bybit,BLUAIUSDT,0.006584,0.006557,-0.4101,1774034124497
gate,bybit,BLUAIUSDT,0.006582,0.006566,-0.2431,1774034124798
gate,bybit,BLUAIUSDT,0.006582,0.006566,-0.2431,1774034125098
gate,bybit,BLUAIUSDT,0.006582,0.006566,-0.2431,1774034125398
gate,bybit,BLUAIUSDT,0.006582,0.006566,-0.2431,1774034125698
gate,bybit,BLUAIUSDT,0.006582,0.006566,-0.2431,1774034125998
gate,bybit,BLUAIUSDT,0.006582,0.006566,-0.2431,1774034126298
gate,bybit,BLUAIUSDT,0.006582,0.006569,-0.1975,1774034126599
gate,bybit,BLUAIUSDT,0.006582,0.006566,-0.2431,1774034126899
gate,bybit,BLUAIUSDT,0.006582,0.006566,-0.2431,1774034127200
gate,bybit,BLUAIUSDT,0.006582,0.006566,-0.2431,1774034127500
gate,bybit,BLUAIUSDT,0.006582,0.006566,-0.2431,1774034127800
gate,bybit,BLUAIUSDT,0.006582,0.006566,-0.2431,1774034128100
gate,bybit,BLUAIUSDT,0.006582,0.006566,-0.2431,1774034128400
gate,bybit,BLUAIUSDT,0.006587,0.006568,-0.2884,1774034128701
gate,bybit,BLUAIUSDT,0.006587,0.006567,-0.3036,1774034129001
gate,bybit,BLUAIUSDT,0.006587,0.006567,-0.3036,1774034129301
gate,bybit,BLUAIUSDT,0.006587,0.006567,-0.3036,1774034129601
gate,bybit,BLUAIUSDT,0.006587,0.006567,-0.3036,1774034129902
gate,bybit,BLUAIUSDT,0.006586,0.006567,-0.2885,1774034130202
gate,bybit,BLUAIUSDT,0.006586,0.006567,-0.2885,1774034130502
gate,bybit,BLUAIUSDT,0.006586,0.006567,-0.2885,1774034130802
gate,bybit,BLUAIUSDT,0.006586,0.006568,-0.2733,1774034131103
gate,bybit,BLUAIUSDT,0.006586,0.006568,-0.2733,1774034131403
gate,bybit,BLUAIUSDT,0.006586,0.006568,-0.2733,1774034131703
gate,bybit,BLUAIUSDT,0.006586,0.006568,-0.2733,1774034132004
gate,bybit,BLUAIUSDT,0.006585,0.006565,-0.3037,1774034132304
gate,bybit,BLUAIUSDT,0.006585,0.006565,-0.3037,1774034132604
gate,bybit,BLUAIUSDT,0.006585,0.006566,-0.2885,1774034132904
gate,bybit,BLUAIUSDT,0.006585,0.006566,-0.2885,1774034133205
gate,bybit,BLUAIUSDT,0.0066,0.006584,-0.2424,1774034133505
gate,bybit,BLUAIUSDT,0.0066,0.006584,-0.2424,1774034133805
gate,bybit,BLUAIUSDT,0.0066,0.006584,-0.2424,1774034134105
gate,bybit,BLUAIUSDT,0.006585,0.006575,-0.1519,1774034134406
gate,bybit,BLUAIUSDT,0.006585,0.006575,-0.1519,1774034134706
gate,bybit,BLUAIUSDT,0.00659,0.006575,-0.2276,1774034135006
gate,bybit,BLUAIUSDT,0.00659,0.006575,-0.2276,1774034135307
gate,bybit,BLUAIUSDT,0.00659,0.006573,-0.258,1774034135607
gate,bybit,BLUAIUSDT,0.00659,0.006568,-0.3338,1774034135908
gate,bybit,BLUAIUSDT,0.006585,0.006568,-0.2582,1774034136208
gate,bybit,BLUAIUSDT,0.006585,0.006569,-0.243,1774034136508
gate,bybit,BLUAIUSDT,0.006585,0.006569,-0.243,1774034136808
gate,bybit,BLUAIUSDT,0.006585,0.006569,-0.243,1774034137109
gate,bybit,BLUAIUSDT,0.006585,0.006569,-0.243,1774034137409
gate,bybit,BLUAIUSDT,0.006585,0.006569,-0.243,1774034137709
gate,bybit,BLUAIUSDT,0.006585,0.006569,-0.243,1774034138009
gate,bybit,BLUAIUSDT,0.006585,0.006569,-0.243,1774034138309
gate,bybit,BLUAIUSDT,0.006585,0.006569,-0.243,1774034138609
gate,bybit,BLUAIUSDT,0.006585,0.006569,-0.243,1774034138910
gate,bybit,BLUAIUSDT,0.006585,0.006569,-0.243,1774034139210
gate,bybit,BLUAIUSDT,0.006585,0.006569,-0.243,1774034139510
gate,bybit,BLUAIUSDT,0.006585,0.006569,-0.243,1774034139810
gate,bybit,BLUAIUSDT,0.006585,0.006569,-0.243,1774034140111
gate,bybit,BLUAIUSDT,0.006585,0.006569,-0.243,1774034140411
gate,bybit,BLUAIUSDT,0.006585,0.006569,-0.243,1774034140711
gate,bybit,BLUAIUSDT,0.006585,0.006569,-0.243,1774034141012
gate,bybit,BLUAIUSDT,0.006585,0.006569,-0.243,1774034141312
gate,bybit,BLUAIUSDT,0.006585,0.006569,-0.243,1774034141613
gate,bybit,BLUAIUSDT,0.006585,0.006569,-0.243,1774034141913
gate,bybit,BLUAIUSDT,0.006585,0.006569,-0.243,1774034142213
gate,bybit,BLUAIUSDT,0.006585,0.00657,-0.2278,1774034142513
gate,bybit,BLUAIUSDT,0.006585,0.00657,-0.2278,1774034142813
gate,bybit,BLUAIUSDT,0.006585,0.00657,-0.2278,1774034143113
gate,bybit,BLUAIUSDT,0.006585,0.00657,-0.2278,1774034143414
gate,bybit,BLUAIUSDT,0.006585,0.00657,-0.2278,1774034143714
gate,bybit,BLUAIUSDT,0.006574,0.006564,-0.1521,1774034144014
gate,bybit,BLUAIUSDT,0.006579,0.006568,-0.1672,1774034144314
gate,bybit,BLUAIUSDT,0.006579,0.006568,-0.1672,1774034144615
gate,bybit,BLUAIUSDT,0.006574,0.006561,-0.1977,1774034144916
gate,bybit,BLUAIUSDT,0.006574,0.006561,-0.1977,1774034145221
gate,bybit,BLUAIUSDT,0.006569,0.006562,-0.1066,1774034145521
gate,bybit,BLUAIUSDT,0.00658,0.006575,-0.076,1774034145821
gate,bybit,BLUAIUSDT,0.006579,0.006575,-0.0608,1774034146121
gate,bybit,BLUAIUSDT,0.006579,0.006575,-0.0608,1774034146421
gate,bybit,BLUAIUSDT,0.006579,0.006575,-0.0608,1774034146721
gate,bybit,BLUAIUSDT,0.006579,0.006563,-0.2432,1774034147022
gate,bybit,BLUAIUSDT,0.006574,0.006563,-0.1673,1774034147323
gate,bybit,BLUAIUSDT,0.006574,0.006563,-0.1673,1774034147623
gate,bybit,BLUAIUSDT,0.006569,0.006562,-0.1066,1774034147924
gate,bybit,BLUAIUSDT,0.006569,0.006558,-0.1675,1774034148224
gate,bybit,BLUAIUSDT,0.006569,0.006558,-0.1675,1774034148524
gate,bybit,BLUAIUSDT,0.006569,0.006554,-0.2283,1774034148824
gate,bybit,BLUAIUSDT,0.006569,0.006554,-0.2283,1774034149124
gate,bybit,BLUAIUSDT,0.006569,0.006554,-0.2283,1774034149425
gate,bybit,BLUAIUSDT,0.006569,0.006554,-0.2283,1774034149725
gate,bybit,BLUAIUSDT,0.006566,0.006553,-0.198,1774034150025
gate,bybit,BLUAIUSDT,0.006578,0.006555,-0.3497,1774034150326
gate,bybit,BLUAIUSDT,0.006578,0.006555,-0.3497,1774034150626
gate,bybit,BLUAIUSDT,0.006578,0.006555,-0.3497,1774034150926
gate,bybit,BLUAIUSDT,0.006578,0.006555,-0.3497,1774034151226
gate,bybit,BLUAIUSDT,0.00657,0.006554,-0.2435,1774034151526
gate,bybit,BLUAIUSDT,0.00657,0.006554,-0.2435,1774034151826
gate,bybit,BLUAIUSDT,0.00657,0.006554,-0.2435,1774034152127
gate,bybit,BLUAIUSDT,0.00657,0.006554,-0.2435,1774034152427
gate,bybit,BLUAIUSDT,0.00657,0.006554,-0.2435,1774034152727
gate,bybit,BLUAIUSDT,0.00657,0.006554,-0.2435,1774034153028
gate,bybit,BLUAIUSDT,0.00657,0.006554,-0.2435,1774034153328
gate,bybit,BLUAIUSDT,0.00657,0.006554,-0.2435,1774034153628
gate,bybit,BLUAIUSDT,0.00657,0.006554,-0.2435,1774034153928
gate,bybit,BLUAIUSDT,0.00657,0.006554,-0.2435,1774034154228
gate,bybit,BLUAIUSDT,0.00657,0.006554,-0.2435,1774034154529
gate,bybit,BLUAIUSDT,0.00657,0.006554,-0.2435,1774034154829
gate,bybit,BLUAIUSDT,0.00657,0.006554,-0.2435,1774034155131
gate,bybit,BLUAIUSDT,0.00657,0.006554,-0.2435,1774034155432
gate,bybit,BLUAIUSDT,0.00657,0.006554,-0.2435,1774034155732
gate,bybit,BLUAIUSDT,0.00657,0.006554,-0.2435,1774034156033
gate,bybit,BLUAIUSDT,0.00657,0.006554,-0.2435,1774034156334
gate,bybit,BLUAIUSDT,0.006564,0.006542,-0.3352,1774034156635
gate,bybit,BLUAIUSDT,0.006569,0.006539,-0.4567,1774034156936
gate,bybit,BLUAIUSDT,0.006568,0.00654,-0.4263,1774034157236
gate,bybit,BLUAIUSDT,0.006568,0.006539,-0.4415,1774034157536
gate,bybit,BLUAIUSDT,0.006568,0.006544,-0.3654,1774034157836
gate,bybit,BLUAIUSDT,0.006568,0.006541,-0.4111,1774034158137
gate,bybit,BLUAIUSDT,0.006568,0.006541,-0.4111,1774034158437
gate,bybit,BLUAIUSDT,0.006563,0.006541,-0.3352,1774034158737
gate,bybit,BLUAIUSDT,0.006563,0.006541,-0.3352,1774034159037
gate,bybit,BLUAIUSDT,0.006564,0.006539,-0.3809,1774034159338
gate,bybit,BLUAIUSDT,0.006564,0.006539,-0.3809,1774034159638
gate,bybit,BLUAIUSDT,0.006564,0.006539,-0.3809,1774034159938
gate,bybit,BLUAIUSDT,0.006569,0.006545,-0.3654,1774034160239
gate,bybit,BLUAIUSDT,0.006569,0.006558,-0.1675,1774034160539
gate,bybit,BLUAIUSDT,0.006572,0.006553,-0.2891,1774034160839
gate,bybit,BLUAIUSDT,0.006572,0.006553,-0.2891,1774034161139
gate,bybit,BLUAIUSDT,0.006572,0.006558,-0.213,1774034161439
gate,bybit,BLUAIUSDT,0.006572,0.006553,-0.2891,1774034161739
gate,bybit,BLUAIUSDT,0.006572,0.006553,-0.2891,1774034162039
gate,bybit,BLUAIUSDT,0.006572,0.006553,-0.2891,1774034162339
gate,bybit,BLUAIUSDT,0.006572,0.006553,-0.2891,1774034162640
gate,bybit,BLUAIUSDT,0.006572,0.006553,-0.2891,1774034162940
gate,bybit,BLUAIUSDT,0.006572,0.006553,-0.2891,1774034163240
gate,bybit,BLUAIUSDT,0.006572,0.006553,-0.2891,1774034163540
gate,bybit,BLUAIUSDT,0.006572,0.006553,-0.2891,1774034163840
gate,bybit,BLUAIUSDT,0.006572,0.006553,-0.2891,1774034164140
gate,bybit,BLUAIUSDT,0.006572,0.006553,-0.2891,1774034164441
gate,bybit,BLUAIUSDT,0.006572,0.006553,-0.2891,1774034164741
gate,bybit,BLUAIUSDT,0.006572,0.006553,-0.2891,1774034165042
gate,bybit,BLUAIUSDT,0.006572,0.006553,-0.2891,1774034165342
gate,bybit,BLUAIUSDT,0.006572,0.006553,-0.2891,1774034165642
gate,bybit,BLUAIUSDT,0.006572,0.006553,-0.2891,1774034165942
gate,bybit,BLUAIUSDT,0.006572,0.006553,-0.2891,1774034166243
gate,bybit,BLUAIUSDT,0.006572,0.006553,-0.2891,1774034166543
gate,bybit,BLUAIUSDT,0.006572,0.006553,-0.2891,1774034166844
gate,bybit,BLUAIUSDT,0.006572,0.006553,-0.2891,1774034167144
gate,bybit,BLUAIUSDT,0.006572,0.006553,-0.2891,1774034167445
gate,bybit,BLUAIUSDT,0.006572,0.006545,-0.4108,1774034167746
gate,bybit,BLUAIUSDT,0.006572,0.006545,-0.4108,1774034168046
gate,bybit,BLUAIUSDT,0.006572,0.006545,-0.4108,1774034168346
gate,bybit,BLUAIUSDT,0.006572,0.006545,-0.4108,1774034168646
gate,bybit,BLUAIUSDT,0.006572,0.006545,-0.4108,1774034168946
gate,bybit,BLUAIUSDT,0.006565,0.006545,-0.3046,1774034169246
gate,bybit,BLUAIUSDT,0.006564,0.006545,-0.2895,1774034169547
gate,bybit,BLUAIUSDT,0.006564,0.006545,-0.2895,1774034169847
gate,bybit,BLUAIUSDT,0.006564,0.006546,-0.2742,1774034170147
gate,bybit,BLUAIUSDT,0.006571,0.006545,-0.3957,1774034170456
gate,bybit,BLUAIUSDT,0.006571,0.006545,-0.3957,1774034170756
gate,bybit,BLUAIUSDT,0.006571,0.006545,-0.3957,1774034171056
gate,bybit,BLUAIUSDT,0.006571,0.006545,-0.3957,1774034171357
gate,bybit,BLUAIUSDT,0.006571,0.006545,-0.3957,1774034171657
gate,bybit,BLUAIUSDT,0.006571,0.006545,-0.3957,1774034171957
gate,bybit,BLUAIUSDT,0.006571,0.006546,-0.3805,1774034172257
gate,bybit,BLUAIUSDT,0.006571,0.006546,-0.3805,1774034172557
gate,bybit,BLUAIUSDT,0.006571,0.006546,-0.3805,1774034172858
gate,bybit,BLUAIUSDT,0.006571,0.006546,-0.3805,1774034173158
gate,bybit,BLUAIUSDT,0.006571,0.006546,-0.3805,1774034173458
gate,bybit,BLUAIUSDT,0.006571,0.006546,-0.3805,1774034173758
gate,bybit,BLUAIUSDT,0.00658,0.006555,-0.3799,1774034174058
gate,bybit,BLUAIUSDT,0.006579,0.006549,-0.456,1774034174358
gate,bybit,BLUAIUSDT,0.006579,0.006555,-0.3648,1774034174659
gate,bybit,BLUAIUSDT,0.006579,0.006555,-0.3648,1774034174959
gate,bybit,BLUAIUSDT,0.006579,0.006555,-0.3648,1774034175259
gate,bybit,BLUAIUSDT,0.006579,0.006555,-0.3648,1774034175559
gate,bybit,BLUAIUSDT,0.006579,0.006555,-0.3648,1774034175860
gate,bybit,BLUAIUSDT,0.006579,0.006555,-0.3648,1774034176160
gate,bybit,BLUAIUSDT,0.006579,0.006555,-0.3648,1774034176460
gate,bybit,BLUAIUSDT,0.006579,0.006555,-0.3648,1774034176760
gate,bybit,BLUAIUSDT,0.006579,0.006555,-0.3648,1774034177061
gate,bybit,BLUAIUSDT,0.006579,0.006545,-0.5168,1774034177361
gate,bybit,BLUAIUSDT,0.00657,0.006545,-0.3805,1774034177661
gate,bybit,BLUAIUSDT,0.006568,0.006545,-0.3502,1774034177962
gate,bybit,BLUAIUSDT,0.006568,0.006545,-0.3502,1774034178262
gate,bybit,BLUAIUSDT,0.006568,0.006545,-0.3502,1774034178562
gate,bybit,BLUAIUSDT,0.006568,0.006545,-0.3502,1774034178863
gate,bybit,BLUAIUSDT,0.006561,0.006545,-0.2439,1774034179163
gate,bybit,BLUAIUSDT,0.006568,0.006545,-0.3502,1774034179464
gate,bybit,BLUAIUSDT,0.006568,0.006545,-0.3502,1774034179764
gate,bybit,BLUAIUSDT,0.006568,0.006545,-0.3502,1774034180065
gate,bybit,BLUAIUSDT,0.006568,0.006545,-0.3502,1774034180365
gate,bybit,BLUAIUSDT,0.006568,0.006545,-0.3502,1774034180665
gate,bybit,BLUAIUSDT,0.006568,0.006545,-0.3502,1774034180966
gate,bybit,BLUAIUSDT,0.006568,0.006546,-0.335,1774034181267
gate,bybit,BLUAIUSDT,0.006568,0.006546,-0.335,1774034181567
gate,bybit,BLUAIUSDT,0.006568,0.006546,-0.335,1774034181867
gate,bybit,BLUAIUSDT,0.006568,0.006546,-0.335,1774034182167
gate,bybit,BLUAIUSDT,0.006568,0.006546,-0.335,1774034182467
gate,bybit,BLUAIUSDT,0.006568,0.006546,-0.335,1774034182768
gate,bybit,BLUAIUSDT,0.006568,0.006546,-0.335,1774034183068
gate,bybit,BLUAIUSDT,0.006568,0.006546,-0.335,1774034183368
gate,bybit,BLUAIUSDT,0.006568,0.006546,-0.335,1774034183669
gate,bybit,BLUAIUSDT,0.006568,0.006546,-0.335,1774034183969
gate,bybit,BLUAIUSDT,0.006568,0.006552,-0.2436,1774034184269
gate,bybit,BLUAIUSDT,0.006568,0.006547,-0.3197,1774034184569
gate,bybit,BLUAIUSDT,0.006568,0.006547,-0.3197,1774034184870
gate,bybit,BLUAIUSDT,0.006568,0.006547,-0.3197,1774034185170
gate,bybit,BLUAIUSDT,0.006568,0.006547,-0.3197,1774034185470
gate,bybit,BLUAIUSDT,0.006568,0.006542,-0.3959,1774034185770
gate,bybit,BLUAIUSDT,0.006554,0.006539,-0.2289,1774034186070
gate,bybit,BLUAIUSDT,0.006554,0.006539,-0.2289,1774034186370
gate,bybit,BLUAIUSDT,0.006554,0.006539,-0.2289,1774034186671
gate,bybit,BLUAIUSDT,0.006554,0.006536,-0.2746,1774034186971
gate,bybit,BLUAIUSDT,0.006554,0.006535,-0.2899,1774034187271
gate,bybit,BLUAIUSDT,0.006549,0.006535,-0.2138,1774034187571
gate,bybit,BLUAIUSDT,0.006549,0.006536,-0.1985,1774034187872
gate,bybit,BLUAIUSDT,0.006549,0.006536,-0.1985,1774034188172
gate,bybit,BLUAIUSDT,0.006549,0.006536,-0.1985,1774034188472
gate,bybit,BLUAIUSDT,0.006549,0.006536,-0.1985,1774034188772
gate,bybit,BLUAIUSDT,0.006549,0.006536,-0.1985,1774034189073
gate,bybit,BLUAIUSDT,0.006549,0.006536,-0.1985,1774034189373
gate,bybit,BLUAIUSDT,0.006549,0.006536,-0.1985,1774034189673
gate,bybit,BLUAIUSDT,0.006549,0.006536,-0.1985,1774034189973
gate,bybit,BLUAIUSDT,0.006549,0.006536,-0.1985,1774034190273
gate,bybit,BLUAIUSDT,0.006549,0.006536,-0.1985,1774034190574
gate,bybit,BLUAIUSDT,0.006549,0.006536,-0.1985,1774034190874
gate,bybit,BLUAIUSDT,0.006549,0.006536,-0.1985,1774034191174
gate,bybit,BLUAIUSDT,0.006549,0.006536,-0.1985,1774034191475
gate,bybit,BLUAIUSDT,0.006549,0.006536,-0.1985,1774034191775
gate,bybit,BLUAIUSDT,0.006549,0.006536,-0.1985,1774034192076
gate,bybit,BLUAIUSDT,0.006549,0.006536,-0.1985,1774034192376
gate,bybit,BLUAIUSDT,0.006549,0.006536,-0.1985,1774034192677
gate,bybit,BLUAIUSDT,0.006549,0.006525,-0.3665,1774034192978
gate,bybit,BLUAIUSDT,0.006549,0.006525,-0.3665,1774034193279
gate,bybit,BLUAIUSDT,0.006549,0.006525,-0.3665,1774034193579
gate,bybit,BLUAIUSDT,0.006549,0.006525,-0.3665,1774034193879
gate,bybit,BLUAIUSDT,0.006549,0.006525,-0.3665,1774034194179
gate,bybit,BLUAIUSDT,0.006549,0.006528,-0.3207,1774034194480
gate,bybit,BLUAIUSDT,0.006549,0.006528,-0.3207,1774034194780
gate,bybit,BLUAIUSDT,0.006549,0.006528,-0.3207,1774034195081
gate,bybit,BLUAIUSDT,0.006549,0.006528,-0.3207,1774034195381
gate,bybit,BLUAIUSDT,0.006549,0.006528,-0.3207,1774034195688
gate,bybit,BLUAIUSDT,0.006549,0.006528,-0.3207,1774034195989
gate,bybit,BLUAIUSDT,0.006548,0.006528,-0.3054,1774034196289
gate,bybit,BLUAIUSDT,0.006546,0.006528,-0.275,1774034196590
gate,bybit,BLUAIUSDT,0.006546,0.006528,-0.275,1774034196890
gate,bybit,BLUAIUSDT,0.006546,0.006528,-0.275,1774034197190
gate,bybit,BLUAIUSDT,0.006546,0.006528,-0.275,1774034197491
gate,bybit,BLUAIUSDT,0.006546,0.006528,-0.275,1774034197792
gate,bybit,BLUAIUSDT,0.006545,0.006528,-0.2597,1774034198092
gate,bybit,BLUAIUSDT,0.006545,0.006528,-0.2597,1774034198393
gate,bybit,BLUAIUSDT,0.006545,0.006528,-0.2597,1774034198693
gate,bybit,BLUAIUSDT,0.006545,0.006528,-0.2597,1774034198993
gate,bybit,BLUAIUSDT,0.006545,0.006528,-0.2597,1774034199293
gate,bybit,BLUAIUSDT,0.006545,0.006528,-0.2597,1774034199593
gate,bybit,BLUAIUSDT,0.006545,0.006528,-0.2597,1774034199893
gate,bybit,BLUAIUSDT,0.006545,0.006528,-0.2597,1774034200194
gate,bybit,BLUAIUSDT,0.006543,0.006527,-0.2445,1774034200494
gate,bybit,BLUAIUSDT,0.006543,0.006527,-0.2445,1774034200795
gate,bybit,BLUAIUSDT,0.006543,0.006527,-0.2445,1774034201095
gate,bybit,BLUAIUSDT,0.006543,0.006527,-0.2445,1774034201395
gate,bybit,BLUAIUSDT,0.006543,0.006527,-0.2445,1774034201695
gate,bybit,BLUAIUSDT,0.006543,0.006527,-0.2445,1774034201995
gate,bybit,BLUAIUSDT,0.006543,0.006527,-0.2445,1774034202296
gate,bybit,BLUAIUSDT,0.006543,0.006522,-0.321,1774034202596
gate,bybit,BLUAIUSDT,0.006543,0.006522,-0.321,1774034202897
gate,bybit,BLUAIUSDT,0.006543,0.006522,-0.321,1774034203198
gate,bybit,BLUAIUSDT,0.006543,0.006522,-0.321,1774034203498
gate,bybit,BLUAIUSDT,0.006543,0.006527,-0.2445,1774034203799
gate,bybit,BLUAIUSDT,0.006542,0.006527,-0.2293,1774034204099
gate,bybit,BLUAIUSDT,0.006542,0.006527,-0.2293,1774034204400
gate,bybit,BLUAIUSDT,0.006542,0.006527,-0.2293,1774034204700
gate,bybit,BLUAIUSDT,0.006542,0.006522,-0.3057,1774034205000
gate,bybit,BLUAIUSDT,0.006555,0.00653,-0.3814,1774034205300
gate,bybit,BLUAIUSDT,0.006555,0.00653,-0.3814,1774034205600
gate,bybit,BLUAIUSDT,0.006555,0.00653,-0.3814,1774034205900
gate,bybit,BLUAIUSDT,0.006548,0.00653,-0.2749,1774034206201
gate,bybit,BLUAIUSDT,0.006548,0.00653,-0.2749,1774034206501
gate,bybit,BLUAIUSDT,0.006548,0.00653,-0.2749,1774034206801
gate,bybit,BLUAIUSDT,0.006548,0.00653,-0.2749,1774034207102
gate,bybit,BLUAIUSDT,0.006548,0.00653,-0.2749,1774034207402
gate,bybit,BLUAIUSDT,0.00655,0.006535,-0.229,1774034207703
gate,bybit,BLUAIUSDT,0.006558,0.006535,-0.3507,1774034208004
gate,bybit,BLUAIUSDT,0.006554,0.006538,-0.2441,1774034208304
gate,bybit,BLUAIUSDT,0.006559,0.006538,-0.3202,1774034208604
gate,bybit,BLUAIUSDT,0.006557,0.006532,-0.3813,1774034208904
gate,bybit,BLUAIUSDT,0.006552,0.006532,-0.3053,1774034209205
gate,bybit,BLUAIUSDT,0.006552,0.006532,-0.3053,1774034209506
gate,bybit,BLUAIUSDT,0.006552,0.006532,-0.3053,1774034209806
gate,bybit,BLUAIUSDT,0.006552,0.006532,-0.3053,1774034210106
gate,bybit,BLUAIUSDT,0.006552,0.006532,-0.3053,1774034210406
gate,bybit,BLUAIUSDT,0.006552,0.006532,-0.3053,1774034210707
gate,bybit,BLUAIUSDT,0.006552,0.006532,-0.3053,1774034211007
gate,bybit,BLUAIUSDT,0.006552,0.006532,-0.3053,1774034211307
gate,bybit,BLUAIUSDT,0.006552,0.006532,-0.3053,1774034211608
gate,bybit,BLUAIUSDT,0.006552,0.006532,-0.3053,1774034211908
gate,bybit,BLUAIUSDT,0.006552,0.006525,-0.4121,1774034212208
gate,bybit,BLUAIUSDT,0.006551,0.006532,-0.29,1774034212508
gate,bybit,BLUAIUSDT,0.00655,0.006532,-0.2748,1774034212809
gate,bybit,BLUAIUSDT,0.00655,0.006532,-0.2748,1774034213109
gate,bybit,BLUAIUSDT,0.00655,0.006532,-0.2748,1774034213410
gate,bybit,BLUAIUSDT,0.00655,0.006532,-0.2748,1774034213710
gate,bybit,BLUAIUSDT,0.00655,0.006532,-0.2748,1774034214010
gate,bybit,BLUAIUSDT,0.00655,0.006532,-0.2748,1774034214311
gate,bybit,BLUAIUSDT,0.00655,0.006532,-0.2748,1774034214611
gate,bybit,BLUAIUSDT,0.00655,0.006532,-0.2748,1774034214911
gate,bybit,BLUAIUSDT,0.00655,0.006532,-0.2748,1774034215212
gate,bybit,BLUAIUSDT,0.00655,0.006532,-0.2748,1774034215512
gate,bybit,BLUAIUSDT,0.00655,0.006532,-0.2748,1774034215812
gate,bybit,BLUAIUSDT,0.00655,0.006532,-0.2748,1774034216112
gate,bybit,BLUAIUSDT,0.00655,0.006532,-0.2748,1774034216412
gate,bybit,BLUAIUSDT,0.00655,0.006532,-0.2748,1774034216712
gate,bybit,BLUAIUSDT,0.00655,0.006532,-0.2748,1774034217012
gate,bybit,BLUAIUSDT,0.00655,0.006532,-0.2748,1774034217313
gate,bybit,BLUAIUSDT,0.00655,0.006532,-0.2748,1774034217613
gate,bybit,BLUAIUSDT,0.00655,0.006532,-0.2748,1774034217913
gate,bybit,BLUAIUSDT,0.00655,0.006532,-0.2748,1774034218213
gate,bybit,BLUAIUSDT,0.00655,0.006532,-0.2748,1774034218513
gate,bybit,BLUAIUSDT,0.00655,0.006532,-0.2748,1774034218813
gate,bybit,BLUAIUSDT,0.00655,0.006532,-0.2748,1774034219113
gate,bybit,BLUAIUSDT,0.00655,0.006532,-0.2748,1774034219415
gate,bybit,BLUAIUSDT,0.00655,0.006532,-0.2748,1774034219715
gate,bybit,BLUAIUSDT,0.00655,0.006532,-0.2748,1774034220015
gate,bybit,BLUAIUSDT,0.006555,0.006532,-0.3509,1774034220316
gate,bybit,BLUAIUSDT,0.006551,0.006532,-0.29,1774034220616
gate,bybit,BLUAIUSDT,0.006551,0.006537,-0.2137,1774034220916
gate,bybit,BLUAIUSDT,0.006551,0.006537,-0.2137,1774034221216
gate,bybit,BLUAIUSDT,0.006551,0.006539,-0.1832,1774034221516
gate,bybit,BLUAIUSDT,0.006551,0.006539,-0.1832,1774034221816
gate,bybit,BLUAIUSDT,0.006551,0.006539,-0.1832,1774034222117
gate,bybit,BLUAIUSDT,0.006551,0.006539,-0.1832,1774034222417
gate,bybit,BLUAIUSDT,0.006558,0.006551,-0.1067,1774034222717
gate,bybit,BLUAIUSDT,0.00656,0.006551,-0.1372,1774034223017
gate,bybit,BLUAIUSDT,0.00656,0.006551,-0.1372,1774034223318
gate,bybit,BLUAIUSDT,0.00656,0.006541,-0.2896,1774034223618
gate,bybit,BLUAIUSDT,0.006559,0.006541,-0.2744,1774034223919
gate,bybit,BLUAIUSDT,0.006559,0.006541,-0.2744,1774034224219
gate,bybit,BLUAIUSDT,0.006559,0.006541,-0.2744,1774034224520
gate,bybit,BLUAIUSDT,0.006559,0.006541,-0.2744,1774034224820
gate,bybit,BLUAIUSDT,0.006559,0.006539,-0.3049,1774034225120
gate,bybit,BLUAIUSDT,0.006559,0.006539,-0.3049,1774034225421
gate,bybit,BLUAIUSDT,0.006559,0.006539,-0.3049,1774034225721
gate,bybit,BLUAIUSDT,0.006559,0.006539,-0.3049,1774034226021
gate,bybit,BLUAIUSDT,0.006559,0.006539,-0.3049,1774034226322
gate,bybit,BLUAIUSDT,0.006559,0.006539,-0.3049,1774034226622
gate,bybit,BLUAIUSDT,0.006559,0.006539,-0.3049,1774034226922
gate,bybit,BLUAIUSDT,0.006559,0.006539,-0.3049,1774034227222
gate,bybit,BLUAIUSDT,0.006559,0.006539,-0.3049,1774034227522
gate,bybit,BLUAIUSDT,0.006559,0.006539,-0.3049,1774034227823
gate,bybit,BLUAIUSDT,0.006559,0.006539,-0.3049,1774034228123
gate,bybit,BLUAIUSDT,0.006559,0.006539,-0.3049,1774034228423
gate,bybit,BLUAIUSDT,0.006559,0.006539,-0.3049,1774034228723
gate,bybit,BLUAIUSDT,0.006559,0.006539,-0.3049,1774034229023
gate,bybit,BLUAIUSDT,0.006559,0.006539,-0.3049,1774034229323
gate,bybit,BLUAIUSDT,0.006559,0.006539,-0.3049,1774034229624
gate,bybit,BLUAIUSDT,0.006559,0.006539,-0.3049,1774034229924
gate,bybit,BLUAIUSDT,0.006559,0.006539,-0.3049,1774034230224
gate,bybit,BLUAIUSDT,0.006559,0.006539,-0.3049,1774034230525
gate,bybit,BLUAIUSDT,0.006559,0.006539,-0.3049,1774034230825
gate,bybit,BLUAIUSDT,0.006559,0.006539,-0.3049,1774034231125
gate,bybit,BLUAIUSDT,0.006559,0.006539,-0.3049,1774034231425
gate,bybit,BLUAIUSDT,0.006554,0.006539,-0.2289,1774034231725
gate,bybit,BLUAIUSDT,0.006554,0.006539,-0.2289,1774034232025
gate,bybit,BLUAIUSDT,0.006554,0.006545,-0.1373,1774034232326
gate,bybit,BLUAIUSDT,0.00656,0.006548,-0.1829,1774034232626
gate,bybit,BLUAIUSDT,0.00656,0.006545,-0.2287,1774034232926
gate,bybit,BLUAIUSDT,0.00656,0.006545,-0.2287,1774034233227
gate,bybit,BLUAIUSDT,0.00656,0.006545,-0.2287,1774034233527
gate,bybit,BLUAIUSDT,0.00656,0.006545,-0.2287,1774034233828
gate,bybit,BLUAIUSDT,0.00656,0.006545,-0.2287,1774034234128
gate,bybit,BLUAIUSDT,0.00656,0.006545,-0.2287,1774034234428
gate,bybit,BLUAIUSDT,0.00656,0.006545,-0.2287,1774034234729
gate,bybit,BLUAIUSDT,0.00656,0.006545,-0.2287,1774034235029
gate,bybit,BLUAIUSDT,0.00656,0.006545,-0.2287,1774034235329
gate,bybit,BLUAIUSDT,0.00656,0.006545,-0.2287,1774034235629
gate,bybit,BLUAIUSDT,0.00656,0.006545,-0.2287,1774034235929
gate,bybit,BLUAIUSDT,0.00656,0.006545,-0.2287,1774034236230
gate,bybit,BLUAIUSDT,0.00656,0.006545,-0.2287,1774034236530
gate,bybit,BLUAIUSDT,0.00656,0.006547,-0.1982,1774034236830
gate,bybit,BLUAIUSDT,0.00656,0.006547,-0.1982,1774034237130
gate,bybit,BLUAIUSDT,0.00656,0.006548,-0.1829,1774034237430
gate,bybit,BLUAIUSDT,0.00656,0.006549,-0.1677,1774034237731
gate,bybit,BLUAIUSDT,0.00656,0.006556,-0.061,1774034238032
gate,bybit,BLUAIUSDT,0.00656,0.006556,-0.061,1774034238332
gate,bybit,BLUAIUSDT,0.00656,0.006556,-0.061,1774034238632
gate,bybit,BLUAIUSDT,0.00656,0.006556,-0.061,1774034238932
gate,bybit,BLUAIUSDT,0.00656,0.006556,-0.061,1774034239232
gate,bybit,BLUAIUSDT,0.00656,0.006556,-0.061,1774034239532
gate,bybit,BLUAIUSDT,0.00656,0.006556,-0.061,1774034239833
gate,bybit,BLUAIUSDT,0.00656,0.006553,-0.1067,1774034240133
gate,bybit,BLUAIUSDT,0.00656,0.006553,-0.1067,1774034240434
gate,bybit,BLUAIUSDT,0.00656,0.006553,-0.1067,1774034240734
gate,bybit,BLUAIUSDT,0.00656,0.006557,-0.0457,1774034241035
gate,bybit,BLUAIUSDT,0.00656,0.006557,-0.0457,1774034241335
gate,bybit,BLUAIUSDT,0.00656,0.006557,-0.0457,1774034241641
gate,bybit,BLUAIUSDT,0.00656,0.00656,0.0,1774034241941
gate,bybit,BLUAIUSDT,0.00656,0.00656,0.0,1774034242242
gate,bybit,BLUAIUSDT,0.00656,0.006563,0.0457,1774034242542
gate,bybit,BLUAIUSDT,0.00656,0.006563,0.0457,1774034242842
gate,bybit,BLUAIUSDT,0.00656,0.006563,0.0457,1774034243143
gate,bybit,BLUAIUSDT,0.00656,0.006563,0.0457,1774034243443
gate,bybit,BLUAIUSDT,0.00656,0.006563,0.0457,1774034243743
gate,bybit,BLUAIUSDT,0.00656,0.006563,0.0457,1774034244043
gate,bybit,BLUAIUSDT,0.00656,0.006563,0.0457,1774034244343
gate,bybit,BLUAIUSDT,0.00656,0.006563,0.0457,1774034244644
gate,bybit,BLUAIUSDT,0.00656,0.006559,-0.0152,1774034244944
gate,bybit,BLUAIUSDT,0.00656,0.006559,-0.0152,1774034245244
gate,bybit,BLUAIUSDT,0.00656,0.006557,-0.0457,1774034245544
gate,bybit,BLUAIUSDT,0.00656,0.006557,-0.0457,1774034245845
gate,bybit,BLUAIUSDT,0.00656,0.006557,-0.0457,1774034246146
gate,bybit,BLUAIUSDT,0.00656,0.006554,-0.0915,1774034246446
gate,bybit,BLUAIUSDT,0.00656,0.006554,-0.0915,1774034246746
gate,bybit,BLUAIUSDT,0.00656,0.006554,-0.0915,1774034247046
gate,bybit,BLUAIUSDT,0.00656,0.006554,-0.0915,1774034247347
gate,bybit,BLUAIUSDT,0.00656,0.006554,-0.0915,1774034247647
gate,bybit,BLUAIUSDT,0.00656,0.006555,-0.0762,1774034247947
gate,bybit,BLUAIUSDT,0.00656,0.006555,-0.0762,1774034248248
gate,bybit,BLUAIUSDT,0.00656,0.006555,-0.0762,1774034248548
gate,bybit,BLUAIUSDT,0.00656,0.006555,-0.0762,1774034248848
gate,bybit,BLUAIUSDT,0.00656,0.006555,-0.0762,1774034249153
gate,bybit,BLUAIUSDT,0.00656,0.006555,-0.0762,1774034249453
gate,bybit,BLUAIUSDT,0.00656,0.006555,-0.0762,1774034249754
gate,bybit,BLUAIUSDT,0.00656,0.006555,-0.0762,1774034250054
gate,bybit,BLUAIUSDT,0.00656,0.006555,-0.0762,1774034250355
gate,bybit,BLUAIUSDT,0.00656,0.006555,-0.0762,1774034250655
gate,bybit,BLUAIUSDT,0.00656,0.006555,-0.0762,1774034250955
gate,bybit,BLUAIUSDT,0.00656,0.006555,-0.0762,1774034251256
gate,bybit,BLUAIUSDT,0.00656,0.006555,-0.0762,1774034251557
gate,bybit,BLUAIUSDT,0.00656,0.006555,-0.0762,1774034251859
gate,bybit,BLUAIUSDT,0.00656,0.006555,-0.0762,1774034252159
gate,bybit,BLUAIUSDT,0.00656,0.006555,-0.0762,1774034252459
gate,bybit,BLUAIUSDT,0.00656,0.006555,-0.0762,1774034252759
gate,bybit,BLUAIUSDT,0.00656,0.006555,-0.0762,1774034253060
gate,bybit,BLUAIUSDT,0.00656,0.006555,-0.0762,1774034253360
gate,bybit,BLUAIUSDT,0.00656,0.006555,-0.0762,1774034253660
gate,bybit,BLUAIUSDT,0.00656,0.006555,-0.0762,1774034253960
gate,bybit,BLUAIUSDT,0.00656,0.006555,-0.0762,1774034254261
gate,bybit,BLUAIUSDT,0.00656,0.006555,-0.0762,1774034254561
gate,bybit,BLUAIUSDT,0.00656,0.006555,-0.0762,1774034254861
gate,bybit,BLUAIUSDT,0.00656,0.006555,-0.0762,1774034255161
gate,bybit,BLUAIUSDT,0.00656,0.006555,-0.0762,1774034255462
gate,bybit,BLUAIUSDT,0.00656,0.006555,-0.0762,1774034255762
gate,bybit,BLUAIUSDT,0.00656,0.006555,-0.0762,1774034256062
gate,bybit,BLUAIUSDT,0.00656,0.006555,-0.0762,1774034256362
gate,bybit,BLUAIUSDT,0.00656,0.006555,-0.0762,1774034256662
gate,bybit,BLUAIUSDT,0.00656,0.006555,-0.0762,1774034256963
gate,bybit,BLUAIUSDT,0.00656,0.006555,-0.0762,1774034257263
gate,bybit,BLUAIUSDT,0.00656,0.006555,-0.0762,1774034257563
gate,bybit,BLUAIUSDT,0.00656,0.006555,-0.0762,1774034257863
gate,bybit,BLUAIUSDT,0.00656,0.006555,-0.0762,1774034258163
gate,bybit,BLUAIUSDT,0.00656,0.006547,-0.1982,1774034258463
gate,bybit,BLUAIUSDT,0.006559,0.006547,-0.183,1774034258764
gate,bybit,BLUAIUSDT,0.006559,0.006547,-0.183,1774034259065
gate,bybit,BLUAIUSDT,0.006559,0.006547,-0.183,1774034259365
gate,bybit,BLUAIUSDT,0.006559,0.006547,-0.183,1774034259665
gate,bybit,BLUAIUSDT,0.00656,0.006553,-0.1067,1774034259965
gate,bybit,BLUAIUSDT,0.00656,0.006549,-0.1677,1774034260266
gate,bybit,BLUAIUSDT,0.00656,0.006555,-0.0762,1774034260566
gate,bybit,BLUAIUSDT,0.00656,0.006555,-0.0762,1774034260866
gate,bybit,BLUAIUSDT,0.00656,0.006551,-0.1372,1774034261166
gate,bybit,BLUAIUSDT,0.00656,0.006551,-0.1372,1774034261466
gate,bybit,BLUAIUSDT,0.00656,0.006551,-0.1372,1774034261766
gate,bybit,BLUAIUSDT,0.00656,0.006551,-0.1372,1774034262066
gate,bybit,BLUAIUSDT,0.00656,0.006551,-0.1372,1774034262367
gate,bybit,BLUAIUSDT,0.00656,0.006551,-0.1372,1774034262667
gate,bybit,BLUAIUSDT,0.00656,0.006551,-0.1372,1774034262967
gate,bybit,BLUAIUSDT,0.00656,0.006554,-0.0915,1774034263267
gate,bybit,BLUAIUSDT,0.00656,0.006554,-0.0915,1774034263568
gate,bybit,BLUAIUSDT,0.00656,0.006554,-0.0915,1774034263869
gate,bybit,BLUAIUSDT,0.00656,0.006554,-0.0915,1774034264169
gate,bybit,BLUAIUSDT,0.00656,0.006554,-0.0915,1774034264469
gate,bybit,BLUAIUSDT,0.00656,0.006554,-0.0915,1774034264769
gate,bybit,BLUAIUSDT,0.00656,0.006554,-0.0915,1774034265070
gate,bybit,BLUAIUSDT,0.00656,0.006554,-0.0915,1774034265370
gate,bybit,BLUAIUSDT,0.00656,0.006554,-0.0915,1774034265673
gate,bybit,BLUAIUSDT,0.00656,0.006554,-0.0915,1774034265973
gate,bybit,BLUAIUSDT,0.00656,0.006554,-0.0915,1774034266274
gate,bybit,BLUAIUSDT,0.00656,0.006554,-0.0915,1774034266574
gate,bybit,BLUAIUSDT,0.00656,0.006554,-0.0915,1774034266874
gate,bybit,BLUAIUSDT,0.00656,0.006554,-0.0915,1774034267174
gate,bybit,BLUAIUSDT,0.00656,0.006554,-0.0915,1774034267474
gate,bybit,BLUAIUSDT,0.006559,0.006554,-0.0762,1774034267774
gate,bybit,BLUAIUSDT,0.006559,0.006554,-0.0762,1774034268075
gate,bybit,BLUAIUSDT,0.006559,0.006554,-0.0762,1774034268375
gate,bybit,BLUAIUSDT,0.006559,0.006554,-0.0762,1774034268675
gate,bybit,BLUAIUSDT,0.00656,0.006554,-0.0915,1774034268976
gate,bybit,BLUAIUSDT,0.00656,0.006554,-0.0915,1774034269276
gate,bybit,BLUAIUSDT,0.00656,0.006554,-0.0915,1774034269576
gate,bybit,BLUAIUSDT,0.00656,0.006554,-0.0915,1774034269876
gate,bybit,BLUAIUSDT,0.00656,0.006554,-0.0915,1774034270176
gate,bybit,BLUAIUSDT,0.00656,0.006554,-0.0915,1774034270476
gate,bybit,BLUAIUSDT,0.00656,0.006554,-0.0915,1774034270776
gate,bybit,BLUAIUSDT,0.00656,0.006554,-0.0915,1774034271077
gate,bybit,BLUAIUSDT,0.00656,0.006554,-0.0915,1774034271379
gate,bybit,BLUAIUSDT,0.00656,0.006554,-0.0915,1774034271679
gate,bybit,BLUAIUSDT,0.00656,0.006554,-0.0915,1774034271980
gate,bybit,BLUAIUSDT,0.00656,0.006554,-0.0915,1774034272280
gate,bybit,BLUAIUSDT,0.00656,0.006554,-0.0915,1774034272580
gate,bybit,BLUAIUSDT,0.00656,0.006554,-0.0915,1774034272880
gate,bybit,BLUAIUSDT,0.00656,0.006554,-0.0915,1774034273180
gate,bybit,BLUAIUSDT,0.00656,0.006554,-0.0915,1774034273481
gate,bybit,BLUAIUSDT,0.00656,0.006554,-0.0915,1774034273782
gate,bybit,BLUAIUSDT,0.00656,0.006554,-0.0915,1774034274082
gate,bybit,BLUAIUSDT,0.006559,0.006554,-0.0762,1774034274382
gate,bybit,BLUAIUSDT,0.006559,0.006554,-0.0762,1774034274682
gate,bybit,BLUAIUSDT,0.006559,0.006554,-0.0762,1774034274982
gate,bybit,BLUAIUSDT,0.006559,0.006554,-0.0762,1774034275282
gate,bybit,BLUAIUSDT,0.006559,0.006554,-0.0762,1774034275585
gate,bybit,BLUAIUSDT,0.006559,0.006554,-0.0762,1774034275885
gate,bybit,BLUAIUSDT,0.006559,0.006554,-0.0762,1774034276185
gate,bybit,BLUAIUSDT,0.006559,0.006554,-0.0762,1774034276485
gate,bybit,BLUAIUSDT,0.006559,0.006554,-0.0762,1774034276785
gate,bybit,BLUAIUSDT,0.006559,0.006554,-0.0762,1774034277086
gate,bybit,BLUAIUSDT,0.006559,0.006554,-0.0762,1774034277386
gate,bybit,BLUAIUSDT,0.006559,0.006554,-0.0762,1774034277687
gate,bybit,BLUAIUSDT,0.006559,0.006554,-0.0762,1774034277987
gate,bybit,BLUAIUSDT,0.006559,0.006554,-0.0762,1774034278287
gate,bybit,BLUAIUSDT,0.006559,0.006554,-0.0762,1774034278590
gate,bybit,BLUAIUSDT,0.006559,0.006554,-0.0762,1774034278890
gate,bybit,BLUAIUSDT,0.006559,0.006554,-0.0762,1774034279190
gate,bybit,BLUAIUSDT,0.006559,0.006554,-0.0762,1774034279491
gate,bybit,BLUAIUSDT,0.006559,0.006554,-0.0762,1774034279791
gate,bybit,BLUAIUSDT,0.006559,0.006554,-0.0762,1774034280091
gate,bybit,BLUAIUSDT,0.006559,0.006554,-0.0762,1774034280391
gate,bybit,BLUAIUSDT,0.006558,0.006553,-0.0762,1774034280691
gate,bybit,BLUAIUSDT,0.006553,0.006553,0.0,1774034280991
gate,bybit,BLUAIUSDT,0.006553,0.006553,0.0,1774034281291
gate,bybit,BLUAIUSDT,0.006553,0.006544,-0.1373,1774034281591
gate,bybit,BLUAIUSDT,0.006553,0.006544,-0.1373,1774034281892
gate,bybit,BLUAIUSDT,0.006553,0.006544,-0.1373,1774034282192
gate,bybit,BLUAIUSDT,0.006553,0.006544,-0.1373,1774034282492
gate,bybit,BLUAIUSDT,0.006553,0.006544,-0.1373,1774034282793
gate,bybit,BLUAIUSDT,0.006553,0.006544,-0.1373,1774034283093
gate,bybit,BLUAIUSDT,0.006553,0.006544,-0.1373,1774034283393
gate,bybit,BLUAIUSDT,0.006553,0.006544,-0.1373,1774034283693
gate,bybit,BLUAIUSDT,0.006553,0.006544,-0.1373,1774034283993
gate,bybit,BLUAIUSDT,0.006553,0.006544,-0.1373,1774034284293
gate,bybit,BLUAIUSDT,0.006553,0.006544,-0.1373,1774034284593
gate,bybit,BLUAIUSDT,0.006553,0.006544,-0.1373,1774034284893
gate,bybit,BLUAIUSDT,0.006553,0.006544,-0.1373,1774034285194
gate,bybit,BLUAIUSDT,0.006553,0.006544,-0.1373,1774034285494
gate,bybit,BLUAIUSDT,0.006553,0.006544,-0.1373,1774034285794
gate,bybit,BLUAIUSDT,0.006553,0.006544,-0.1373,1774034286094
gate,bybit,BLUAIUSDT,0.006553,0.006544,-0.1373,1774034286400
gate,bybit,BLUAIUSDT,0.006553,0.006544,-0.1373,1774034286700
gate,bybit,BLUAIUSDT,0.006553,0.006544,-0.1373,1774034287000
gate,bybit,BLUAIUSDT,0.006553,0.006544,-0.1373,1774034287301
gate,bybit,BLUAIUSDT,0.006553,0.006544,-0.1373,1774034287601
gate,bybit,BLUAIUSDT,0.006553,0.006544,-0.1373,1774034287902
gate,bybit,BLUAIUSDT,0.006553,0.006544,-0.1373,1774034288202
gate,bybit,BLUAIUSDT,0.006553,0.006544,-0.1373,1774034288508
gate,bybit,BLUAIUSDT,0.006553,0.006544,-0.1373,1774034288808
gate,bybit,BLUAIUSDT,0.006553,0.006544,-0.1373,1774034289109
gate,bybit,BLUAIUSDT,0.006553,0.006544,-0.1373,1774034289409
gate,bybit,BLUAIUSDT,0.006553,0.006544,-0.1373,1774034289709
gate,bybit,BLUAIUSDT,0.006553,0.006544,-0.1373,1774034290009
gate,bybit,BLUAIUSDT,0.006553,0.006544,-0.1373,1774034290309
gate,bybit,BLUAIUSDT,0.006553,0.006544,-0.1373,1774034290610
gate,bybit,BLUAIUSDT,0.006553,0.006544,-0.1373,1774034290910
gate,bybit,BLUAIUSDT,0.006553,0.006544,-0.1373,1774034291210
gate,bybit,BLUAIUSDT,0.006553,0.006544,-0.1373,1774034291511
gate,bybit,BLUAIUSDT,0.006552,0.006544,-0.1221,1774034291811
gate,bybit,BLUAIUSDT,0.006552,0.006544,-0.1221,1774034292111
gate,bybit,BLUAIUSDT,0.006552,0.006544,-0.1221,1774034292412
gate,bybit,BLUAIUSDT,0.006552,0.006544,-0.1221,1774034292712
gate,bybit,BLUAIUSDT,0.006552,0.006544,-0.1221,1774034293013
gate,bybit,BLUAIUSDT,0.006552,0.006544,-0.1221,1774034293313
gate,bybit,BLUAIUSDT,0.006552,0.006544,-0.1221,1774034293613
gate,bybit,BLUAIUSDT,0.006552,0.006544,-0.1221,1774034293913
gate,bybit,BLUAIUSDT,0.006552,0.006544,-0.1221,1774034294214
gate,bybit,BLUAIUSDT,0.006552,0.006544,-0.1221,1774034294514
gate,bybit,BLUAIUSDT,0.006552,0.006544,-0.1221,1774034294814
gate,bybit,BLUAIUSDT,0.006552,0.006544,-0.1221,1774034295115
gate,bybit,BLUAIUSDT,0.006552,0.006544,-0.1221,1774034295416
gate,bybit,BLUAIUSDT,0.006552,0.006544,-0.1221,1774034295717
gate,bybit,BLUAIUSDT,0.006552,0.006544,-0.1221,1774034296017
gate,bybit,BLUAIUSDT,0.006552,0.006544,-0.1221,1774034296317
gate,bybit,BLUAIUSDT,0.006552,0.006544,-0.1221,1774034296617
gate,bybit,BLUAIUSDT,0.006552,0.006544,-0.1221,1774034296917
gate,bybit,BLUAIUSDT,0.006552,0.006544,-0.1221,1774034297217
gate,bybit,BLUAIUSDT,0.006552,0.006544,-0.1221,1774034297517
gate,bybit,BLUAIUSDT,0.006552,0.006544,-0.1221,1774034297818
gate,bybit,BLUAIUSDT,0.006552,0.006544,-0.1221,1774034298118
gate,bybit,BLUAIUSDT,0.006552,0.006544,-0.1221,1774034298418
gate,bybit,BLUAIUSDT,0.006552,0.006544,-0.1221,1774034298718
gate,bybit,BLUAIUSDT,0.006552,0.006544,-0.1221,1774034299019
gate,bybit,BLUAIUSDT,0.006552,0.006544,-0.1221,1774034299319
gate,bybit,BLUAIUSDT,0.006552,0.006544,-0.1221,1774034299619
gate,bybit,BLUAIUSDT,0.006552,0.006544,-0.1221,1774034299920
gate,bybit,BLUAIUSDT,0.006552,0.006544,-0.1221,1774034300220
gate,bybit,BLUAIUSDT,0.006552,0.006544,-0.1221,1774034300520
gate,bybit,BLUAIUSDT,0.006552,0.006544,-0.1221,1774034300821
gate,bybit,BLUAIUSDT,0.006552,0.006544,-0.1221,1774034301121
gate,bybit,BLUAIUSDT,0.006552,0.006544,-0.1221,1774034301421
gate,bybit,BLUAIUSDT,0.006552,0.006544,-0.1221,1774034301721
gate,bybit,BLUAIUSDT,0.006552,0.006544,-0.1221,1774034302021
gate,bybit,BLUAIUSDT,0.006552,0.006544,-0.1221,1774034302322
gate,bybit,BLUAIUSDT,0.006551,0.006544,-0.1069,1774034302622
gate,bybit,BLUAIUSDT,0.006551,0.006544,-0.1069,1774034302922
gate,bybit,BLUAIUSDT,0.006551,0.006544,-0.1069,1774034303223
gate,bybit,BLUAIUSDT,0.006551,0.006544,-0.1069,1774034303523
gate,bybit,BLUAIUSDT,0.006551,0.006544,-0.1069,1774034303823
gate,bybit,BLUAIUSDT,0.006551,0.006544,-0.1069,1774034304123
gate,bybit,BLUAIUSDT,0.006551,0.006544,-0.1069,1774034304423
gate,bybit,BLUAIUSDT,0.006551,0.006544,-0.1069,1774034304724
gate,bybit,BLUAIUSDT,0.006551,0.006544,-0.1069,1774034305024
gate,bybit,BLUAIUSDT,0.006551,0.006544,-0.1069,1774034305325
gate,bybit,BLUAIUSDT,0.006551,0.006544,-0.1069,1774034305626
gate,bybit,BLUAIUSDT,0.006551,0.006549,-0.0305,1774034305926
gate,bybit,BLUAIUSDT,0.006551,0.006549,-0.0305,1774034306227
gate,bybit,BLUAIUSDT,0.006551,0.006549,-0.0305,1774034306527
gate,bybit,BLUAIUSDT,0.006551,0.006549,-0.0305,1774034306827
gate,bybit,BLUAIUSDT,0.006551,0.006549,-0.0305,1774034307127
gate,bybit,BLUAIUSDT,0.006551,0.006549,-0.0305,1774034307427
gate,bybit,BLUAIUSDT,0.006551,0.006549,-0.0305,1774034307728
gate,bybit,BLUAIUSDT,0.006551,0.006549,-0.0305,1774034308028
gate,bybit,BLUAIUSDT,0.006551,0.006549,-0.0305,1774034308329
gate,bybit,BLUAIUSDT,0.006551,0.006549,-0.0305,1774034308632
gate,bybit,BLUAIUSDT,0.006551,0.006549,-0.0305,1774034308932
gate,bybit,BLUAIUSDT,0.006551,0.006549,-0.0305,1774034309232
gate,bybit,BLUAIUSDT,0.006551,0.006549,-0.0305,1774034309533
gate,bybit,BLUAIUSDT,0.006551,0.006549,-0.0305,1774034309833
gate,bybit,BLUAIUSDT,0.006551,0.006549,-0.0305,1774034310133
gate,bybit,BLUAIUSDT,0.006551,0.006549,-0.0305,1774034310433
gate,bybit,BLUAIUSDT,0.006551,0.006549,-0.0305,1774034310734
gate,bybit,BLUAIUSDT,0.006551,0.006549,-0.0305,1774034311034
gate,bybit,BLUAIUSDT,0.006551,0.006549,-0.0305,1774034311334
gate,bybit,BLUAIUSDT,0.006551,0.006549,-0.0305,1774034311635
gate,bybit,BLUAIUSDT,0.006551,0.006549,-0.0305,1774034311935
gate,bybit,BLUAIUSDT,0.006551,0.006549,-0.0305,1774034312236
gate,bybit,BLUAIUSDT,0.006551,0.006549,-0.0305,1774034312536
gate,bybit,BLUAIUSDT,0.006551,0.006549,-0.0305,1774034312837
gate,bybit,BLUAIUSDT,0.006551,0.006549,-0.0305,1774034313138
gate,bybit,BLUAIUSDT,0.006551,0.006549,-0.0305,1774034313438
gate,bybit,BLUAIUSDT,0.006551,0.006549,-0.0305,1774034313739
gate,bybit,BLUAIUSDT,0.006551,0.006549,-0.0305,1774034314040
gate,bybit,BLUAIUSDT,0.006551,0.006549,-0.0305,1774034314340
gate,bybit,BLUAIUSDT,0.006551,0.006549,-0.0305,1774034314640
gate,bybit,BLUAIUSDT,0.006551,0.006549,-0.0305,1774034314940
gate,bybit,BLUAIUSDT,0.006551,0.006549,-0.0305,1774034315240
gate,bybit,BLUAIUSDT,0.006551,0.006549,-0.0305,1774034315541
gate,bybit,BLUAIUSDT,0.006551,0.006549,-0.0305,1774034315841
gate,bybit,BLUAIUSDT,0.006551,0.006549,-0.0305,1774034316141
gate,bybit,BLUAIUSDT,0.006551,0.006549,-0.0305,1774034316442
gate,bybit,BLUAIUSDT,0.006551,0.006549,-0.0305,1774034316751
gate,bybit,BLUAIUSDT,0.006551,0.006549,-0.0305,1774034317052
gate,bybit,BLUAIUSDT,0.006551,0.006549,-0.0305,1774034317352
gate,bybit,BLUAIUSDT,0.006551,0.006549,-0.0305,1774034317652
gate,bybit,BLUAIUSDT,0.006551,0.006549,-0.0305,1774034317952
gate,bybit,BLUAIUSDT,0.006551,0.006549,-0.0305,1774034318252
gate,bybit,BLUAIUSDT,0.006551,0.006549,-0.0305,1774034318553
gate,bybit,BLUAIUSDT,0.006551,0.006549,-0.0305,1774034318853
gate,bybit,BLUAIUSDT,0.006551,0.006549,-0.0305,1774034319153
gate,bybit,BLUAIUSDT,0.006551,0.006549,-0.0305,1774034319453
gate,bybit,BLUAIUSDT,0.006551,0.006549,-0.0305,1774034319754
gate,bybit,BLUAIUSDT,0.006551,0.006549,-0.0305,1774034320054
gate,bybit,BLUAIUSDT,0.006551,0.006549,-0.0305,1774034320354
gate,bybit,BLUAIUSDT,0.006551,0.006549,-0.0305,1774034320654
gate,bybit,BLUAIUSDT,0.006551,0.006549,-0.0305,1774034320954
gate,bybit,BLUAIUSDT,0.006551,0.006549,-0.0305,1774034321255
gate,bybit,BLUAIUSDT,0.006551,0.006549,-0.0305,1774034321555
gate,bybit,BLUAIUSDT,0.006551,0.006549,-0.0305,1774034321856
gate,bybit,BLUAIUSDT,0.006551,0.006549,-0.0305,1774034322156
gate,bybit,BLUAIUSDT,0.006551,0.006549,-0.0305,1774034322456
gate,bybit,BLUAIUSDT,0.006551,0.006549,-0.0305,1774034322756
gate,bybit,BLUAIUSDT,0.006551,0.006549,-0.0305,1774034323057
gate,bybit,BLUAIUSDT,0.006551,0.006549,-0.0305,1774034323357
gate,bybit,BLUAIUSDT,0.006551,0.006549,-0.0305,1774034323657
gate,bybit,BLUAIUSDT,0.006551,0.006549,-0.0305,1774034323958
gate,bybit,BLUAIUSDT,0.006551,0.006549,-0.0305,1774034324258
gate,bybit,BLUAIUSDT,0.006551,0.006549,-0.0305,1774034324558
gate,bybit,BLUAIUSDT,0.006551,0.006549,-0.0305,1774034324859
gate,bybit,BLUAIUSDT,0.006551,0.006549,-0.0305,1774034325159
gate,bybit,BLUAIUSDT,0.006551,0.006549,-0.0305,1774034325459
gate,bybit,BLUAIUSDT,0.006551,0.006549,-0.0305,1774034325760
gate,bybit,BLUAIUSDT,0.006551,0.006549,-0.0305,1774034326060
gate,bybit,BLUAIUSDT,0.006551,0.006549,-0.0305,1774034326360
gate,bybit,BLUAIUSDT,0.006551,0.006549,-0.0305,1774034326661
gate,bybit,BLUAIUSDT,0.006551,0.006549,-0.0305,1774034326961
gate,bybit,BLUAIUSDT,0.006551,0.006549,-0.0305,1774034327262
gate,bybit,BLUAIUSDT,0.006551,0.006549,-0.0305,1774034327562
gate,bybit,BLUAIUSDT,0.006551,0.006549,-0.0305,1774034327862
gate,bybit,BLUAIUSDT,0.006551,0.006549,-0.0305,1774034328163
gate,bybit,BLUAIUSDT,0.006551,0.006549,-0.0305,1774034328463
gate,bybit,BLUAIUSDT,0.006551,0.006549,-0.0305,1774034328763
gate,bybit,BLUAIUSDT,0.006551,0.006549,-0.0305,1774034329064
gate,bybit,BLUAIUSDT,0.006551,0.006549,-0.0305,1774034329364
gate,bybit,BLUAIUSDT,0.006551,0.006549,-0.0305,1774034329665
gate,bybit,BLUAIUSDT,0.006551,0.006549,-0.0305,1774034329965
gate,bybit,BLUAIUSDT,0.006551,0.006549,-0.0305,1774034330265
gate,bybit,BLUAIUSDT,0.006551,0.006549,-0.0305,1774034330565
gate,bybit,BLUAIUSDT,0.006551,0.006549,-0.0305,1774034330865
gate,bybit,BLUAIUSDT,0.006551,0.006549,-0.0305,1774034331166
gate,bybit,BLUAIUSDT,0.006551,0.006549,-0.0305,1774034331466
gate,bybit,BLUAIUSDT,0.006551,0.006549,-0.0305,1774034331766
gate,bybit,BLUAIUSDT,0.006551,0.006549,-0.0305,1774034332066
gate,bybit,BLUAIUSDT,0.006551,0.006549,-0.0305,1774034332366
gate,bybit,BLUAIUSDT,0.006551,0.006549,-0.0305,1774034332666
gate,bybit,BLUAIUSDT,0.006551,0.006549,-0.0305,1774034332967
gate,bybit,BLUAIUSDT,0.006551,0.006549,-0.0305,1774034333267
gate,bybit,BLUAIUSDT,0.006551,0.006549,-0.0305,1774034333567
gate,bybit,BLUAIUSDT,0.006551,0.006549,-0.0305,1774034333868
gate,bybit,BLUAIUSDT,0.006551,0.006549,-0.0305,1774034334168
gate,bybit,BLUAIUSDT,0.006551,0.006549,-0.0305,1774034334468
gate,bybit,BLUAIUSDT,0.006551,0.006549,-0.0305,1774034334768
gate,bybit,BLUAIUSDT,0.006551,0.006549,-0.0305,1774034335069
gate,bybit,BLUAIUSDT,0.006551,0.006549,-0.0305,1774034335369
gate,bybit,BLUAIUSDT,0.006551,0.006549,-0.0305,1774034335669
gate,bybit,BLUAIUSDT,0.006551,0.006549,-0.0305,1774034335969
gate,bybit,BLUAIUSDT,0.006551,0.006549,-0.0305,1774034336269
gate,bybit,BLUAIUSDT,0.006557,0.006549,-0.122,1774034336570
gate,bybit,BLUAIUSDT,0.006557,0.006549,-0.122,1774034336870
gate,bybit,BLUAIUSDT,0.006557,0.006549,-0.122,1774034337170
gate,bybit,BLUAIUSDT,0.006567,0.006549,-0.2741,1774034337471
gate,bybit,BLUAIUSDT,0.006567,0.006549,-0.2741,1774034337772
gate,bybit,BLUAIUSDT,0.006567,0.006549,-0.2741,1774034338072
gate,bybit,BLUAIUSDT,0.006567,0.006549,-0.2741,1774034338372
gate,bybit,BLUAIUSDT,0.006567,0.006549,-0.2741,1774034338673
gate,bybit,BLUAIUSDT,0.006562,0.006549,-0.1981,1774034338973
gate,bybit,BLUAIUSDT,0.006562,0.006549,-0.1981,1774034339274
gate,bybit,BLUAIUSDT,0.006562,0.006549,-0.1981,1774034339574
gate,bybit,BLUAIUSDT,0.006562,0.006549,-0.1981,1774034339874
gate,bybit,BLUAIUSDT,0.006562,0.006549,-0.1981,1774034340174
gate,bybit,BLUAIUSDT,0.006562,0.006549,-0.1981,1774034340474
gate,bybit,BLUAIUSDT,0.006556,0.006548,-0.122,1774034340775
gate,bybit,BLUAIUSDT,0.00653,0.006494,-0.5513,1774034341075
gate,bybit,BLUAIUSDT,0.006514,0.006487,-0.4145,1774034341375
gate,bybit,BLUAIUSDT,0.0065,0.006484,-0.2462,1774034341675
gate,bybit,BLUAIUSDT,0.006491,0.006479,-0.1849,1774034341981
gate,bybit,BLUAIUSDT,0.006499,0.006476,-0.3539,1774034342283
gate,bybit,BLUAIUSDT,0.006491,0.006476,-0.2311,1774034342584
gate,bybit,BLUAIUSDT,0.006498,0.006478,-0.3078,1774034342884
gate,bybit,BLUAIUSDT,0.006493,0.006478,-0.231,1774034343184
gate,bybit,BLUAIUSDT,0.006493,0.006479,-0.2156,1774034343487
gate,bybit,BLUAIUSDT,0.006493,0.006479,-0.2156,1774034343787
gate,bybit,BLUAIUSDT,0.006493,0.006479,-0.2156,1774034344088
gate,bybit,BLUAIUSDT,0.006488,0.006479,-0.1387,1774034344389
gate,bybit,BLUAIUSDT,0.006488,0.006479,-0.1387,1774034344689
gate,bybit,BLUAIUSDT,0.006488,0.006479,-0.1387,1774034344989
gate,bybit,BLUAIUSDT,0.006488,0.006479,-0.1387,1774034345289
gate,bybit,BLUAIUSDT,0.006499,0.006479,-0.3077,1774034345589
gate,bybit,BLUAIUSDT,0.006492,0.006479,-0.2002,1774034345890
gate,bybit,BLUAIUSDT,0.006485,0.006469,-0.2467,1774034346191
gate,bybit,BLUAIUSDT,0.006484,0.006473,-0.1696,1774034346492
gate,bybit,BLUAIUSDT,0.006499,0.006478,-0.3231,1774034346792
gate,bybit,BLUAIUSDT,0.006499,0.006478,-0.3231,1774034347092
gate,bybit,BLUAIUSDT,0.006497,0.006478,-0.2924,1774034347392
gate,bybit,BLUAIUSDT,0.006492,0.006478,-0.2157,1774034347692
gate,bybit,BLUAIUSDT,0.006492,0.006478,-0.2157,1774034347993
gate,bybit,BLUAIUSDT,0.006492,0.006481,-0.1694,1774034348293
gate,bybit,BLUAIUSDT,0.006492,0.006481,-0.1694,1774034348593
gate,bybit,BLUAIUSDT,0.006492,0.006491,-0.0154,1774034348894
gate,bybit,BLUAIUSDT,0.006499,0.006491,-0.1231,1774034349194
gate,bybit,BLUAIUSDT,0.006499,0.006491,-0.1231,1774034349494
gate,bybit,BLUAIUSDT,0.006499,0.006491,-0.1231,1774034349794
gate,bybit,BLUAIUSDT,0.0065,0.006491,-0.1385,1774034350095
gate,bybit,BLUAIUSDT,0.0065,0.006491,-0.1385,1774034350395
gate,bybit,BLUAIUSDT,0.0065,0.006491,-0.1385,1774034350696
gate,bybit,BLUAIUSDT,0.0065,0.006496,-0.0615,1774034350996
gate,bybit,BLUAIUSDT,0.006499,0.006496,-0.0462,1774034351296
gate,bybit,BLUAIUSDT,0.006499,0.006496,-0.0462,1774034351596
gate,bybit,BLUAIUSDT,0.006499,0.006496,-0.0462,1774034351897
gate,bybit,BLUAIUSDT,0.006499,0.006496,-0.0462,1774034352197
gate,bybit,BLUAIUSDT,0.0065,0.006497,-0.0462,1774034352497
gate,bybit,BLUAIUSDT,0.006499,0.006497,-0.0308,1774034352797
gate,bybit,BLUAIUSDT,0.006499,0.006497,-0.0308,1774034353097
gate,bybit,BLUAIUSDT,0.006499,0.006497,-0.0308,1774034353397
gate,bybit,BLUAIUSDT,0.0065,0.006497,-0.0462,1774034353698
gate,bybit,BLUAIUSDT,0.0065,0.006497,-0.0462,1774034353998
gate,bybit,BLUAIUSDT,0.0065,0.006497,-0.0462,1774034354298
gate,bybit,BLUAIUSDT,0.0065,0.006497,-0.0462,1774034354598
gate,bybit,BLUAIUSDT,0.0065,0.006497,-0.0462,1774034354898
gate,bybit,BLUAIUSDT,0.0065,0.006494,-0.0923,1774034355199
gate,bybit,BLUAIUSDT,0.006499,0.006495,-0.0615,1774034355499
gate,bybit,BLUAIUSDT,0.0065,0.006495,-0.0769,1774034355800
gate,bybit,BLUAIUSDT,0.0065,0.006495,-0.0769,1774034356100
gate,bybit,BLUAIUSDT,0.0065,0.006495,-0.0769,1774034356400
gate,bybit,BLUAIUSDT,0.0065,0.006495,-0.0769,1774034356700
gate,bybit,BLUAIUSDT,0.0065,0.006495,-0.0769,1774034357001
gate,bybit,BLUAIUSDT,0.006497,0.006488,-0.1385,1774034357302
gate,bybit,BLUAIUSDT,0.006495,0.006488,-0.1078,1774034357602
gate,bybit,BLUAIUSDT,0.006495,0.006488,-0.1078,1774034357902
gate,bybit,BLUAIUSDT,0.006495,0.006488,-0.1078,1774034358202
gate,bybit,BLUAIUSDT,0.006495,0.006489,-0.0924,1774034358502
gate,bybit,BLUAIUSDT,0.006495,0.006489,-0.0924,1774034358803
gate,bybit,BLUAIUSDT,0.006495,0.006489,-0.0924,1774034359103
gate,bybit,BLUAIUSDT,0.006495,0.006489,-0.0924,1774034359404
gate,bybit,BLUAIUSDT,0.006495,0.006489,-0.0924,1774034359705
gate,bybit,BLUAIUSDT,0.006495,0.006489,-0.0924,1774034360005
gate,bybit,BLUAIUSDT,0.006495,0.006489,-0.0924,1774034360306
gate,bybit,BLUAIUSDT,0.006495,0.006489,-0.0924,1774034360606
gate,bybit,BLUAIUSDT,0.006495,0.006489,-0.0924,1774034360907
gate,bybit,BLUAIUSDT,0.006487,0.006488,0.0154,1774034361207
gate,bybit,BLUAIUSDT,0.006487,0.006489,0.0308,1774034361508
gate,bybit,BLUAIUSDT,0.006487,0.006489,0.0308,1774034361808
gate,bybit,BLUAIUSDT,0.006487,0.006489,0.0308,1774034362109
gate,bybit,BLUAIUSDT,0.006487,0.006489,0.0308,1774034362409
gate,bybit,BLUAIUSDT,0.006487,0.006489,0.0308,1774034362709
gate,bybit,BLUAIUSDT,0.006487,0.006484,-0.0462,1774034363009
gate,bybit,BLUAIUSDT,0.006487,0.006488,0.0154,1774034363310
gate,bybit,BLUAIUSDT,0.006487,0.006488,0.0154,1774034363610
gate,bybit,BLUAIUSDT,0.006487,0.006488,0.0154,1774034363910
gate,bybit,BLUAIUSDT,0.006487,0.006488,0.0154,1774034364211
gate,bybit,BLUAIUSDT,0.006487,0.006476,-0.1696,1774034364511
gate,bybit,BLUAIUSDT,0.006486,0.006476,-0.1542,1774034364811
gate,bybit,BLUAIUSDT,0.006486,0.006476,-0.1542,1774034365112
gate,bybit,BLUAIUSDT,0.006486,0.006476,-0.1542,1774034365412
gate,bybit,BLUAIUSDT,0.006486,0.006476,-0.1542,1774034365712
gate,bybit,BLUAIUSDT,0.006477,0.006475,-0.0309,1774034366012
gate,bybit,BLUAIUSDT,0.006481,0.006468,-0.2006,1774034366312
gate,bybit,BLUAIUSDT,0.006481,0.006468,-0.2006,1774034366612
gate,bybit,BLUAIUSDT,0.006481,0.006471,-0.1543,1774034366913
gate,bybit,BLUAIUSDT,0.006481,0.006471,-0.1543,1774034367213
gate,bybit,BLUAIUSDT,0.006481,0.006472,-0.1389,1774034367513
gate,bybit,BLUAIUSDT,0.006481,0.006472,-0.1389,1774034367813
gate,bybit,BLUAIUSDT,0.006481,0.006472,-0.1389,1774034368114
gate,bybit,BLUAIUSDT,0.006484,0.006472,-0.1851,1774034368414
gate,bybit,BLUAIUSDT,0.006484,0.006472,-0.1851,1774034368714
gate,bybit,BLUAIUSDT,0.006482,0.006472,-0.1543,1774034369014
gate,bybit,BLUAIUSDT,0.006482,0.006472,-0.1543,1774034369314
gate,bybit,BLUAIUSDT,0.006482,0.006472,-0.1543,1774034369615
gate,bybit,BLUAIUSDT,0.006482,0.006472,-0.1543,1774034369915
gate,bybit,BLUAIUSDT,0.006481,0.006471,-0.1543,1774034370215
gate,bybit,BLUAIUSDT,0.006484,0.006472,-0.1851,1774034370516
gate,bybit,BLUAIUSDT,0.006484,0.006472,-0.1851,1774034370816
gate,bybit,BLUAIUSDT,0.006484,0.006472,-0.1851,1774034371117
gate,bybit,BLUAIUSDT,0.006478,0.006472,-0.0926,1774034371417
gate,bybit,BLUAIUSDT,0.006477,0.006472,-0.0772,1774034371717
gate,bybit,BLUAIUSDT,0.006477,0.006472,-0.0772,1774034372018
gate,bybit,BLUAIUSDT,0.006477,0.006472,-0.0772,1774034372318
gate,bybit,BLUAIUSDT,0.006477,0.006472,-0.0772,1774034372619
gate,bybit,BLUAIUSDT,0.006477,0.006472,-0.0772,1774034372919
gate,bybit,BLUAIUSDT,0.006477,0.006471,-0.0926,1774034373220
gate,bybit,BLUAIUSDT,0.006481,0.006467,-0.216,1774034373521
gate,bybit,BLUAIUSDT,0.006478,0.006467,-0.1698,1774034373821
gate,bybit,BLUAIUSDT,0.006478,0.006467,-0.1698,1774034374122
gate,bybit,BLUAIUSDT,0.006478,0.006467,-0.1698,1774034374422
gate,bybit,BLUAIUSDT,0.006478,0.006467,-0.1698,1774034374723
gate,bybit,BLUAIUSDT,0.006478,0.006467,-0.1698,1774034375026
gate,bybit,BLUAIUSDT,0.006478,0.006467,-0.1698,1774034375326
gate,bybit,BLUAIUSDT,0.006478,0.006467,-0.1698,1774034375627
gate,bybit,BLUAIUSDT,0.006478,0.006467,-0.1698,1774034375927
gate,bybit,BLUAIUSDT,0.006478,0.006467,-0.1698,1774034376227
gate,bybit,BLUAIUSDT,0.006477,0.006468,-0.139,1774034376527
gate,bybit,BLUAIUSDT,0.006481,0.006468,-0.2006,1774034376828
gate,bybit,BLUAIUSDT,0.00648,0.006468,-0.1852,1774034377128
gate,bybit,BLUAIUSDT,0.00648,0.006468,-0.1852,1774034377428
gate,bybit,BLUAIUSDT,0.00648,0.006468,-0.1852,1774034377728
gate,bybit,BLUAIUSDT,0.00648,0.006468,-0.1852,1774034378028
gate,bybit,BLUAIUSDT,0.00648,0.006468,-0.1852,1774034378329
gate,bybit,BLUAIUSDT,0.00648,0.006468,-0.1852,1774034378629
gate,bybit,BLUAIUSDT,0.00648,0.006469,-0.1698,1774034378930
gate,bybit,BLUAIUSDT,0.00648,0.006469,-0.1698,1774034379230
gate,bybit,BLUAIUSDT,0.00648,0.00647,-0.1543,1774034379530
gate,bybit,BLUAIUSDT,0.00648,0.00647,-0.1543,1774034379830
gate,bybit,BLUAIUSDT,0.00648,0.00647,-0.1543,1774034380131
gate,bybit,BLUAIUSDT,0.00648,0.00647,-0.1543,1774034380431
gate,bybit,BLUAIUSDT,0.00648,0.00647,-0.1543,1774034380731
gate,bybit,BLUAIUSDT,0.00648,0.00647,-0.1543,1774034381031
gate,bybit,BLUAIUSDT,0.00648,0.00647,-0.1543,1774034381331
gate,bybit,BLUAIUSDT,0.00648,0.00647,-0.1543,1774034381632
gate,bybit,BLUAIUSDT,0.00648,0.00647,-0.1543,1774034381933
gate,bybit,BLUAIUSDT,0.00648,0.00647,-0.1543,1774034382233
gate,bybit,BLUAIUSDT,0.00648,0.00647,-0.1543,1774034382533
gate,bybit,BLUAIUSDT,0.00648,0.00647,-0.1543,1774034382834
gate,bybit,BLUAIUSDT,0.00648,0.00647,-0.1543,1774034383134
gate,bybit,BLUAIUSDT,0.00648,0.00647,-0.1543,1774034383434
gate,bybit,BLUAIUSDT,0.00648,0.00647,-0.1543,1774034383734
gate,bybit,BLUAIUSDT,0.00648,0.00647,-0.1543,1774034384034
gate,bybit,BLUAIUSDT,0.00648,0.00647,-0.1543,1774034384334
gate,bybit,BLUAIUSDT,0.00648,0.00647,-0.1543,1774034384635
gate,bybit,BLUAIUSDT,0.00648,0.00647,-0.1543,1774034384935
gate,bybit,BLUAIUSDT,0.00648,0.00647,-0.1543,1774034385236
gate,bybit,BLUAIUSDT,0.00648,0.00647,-0.1543,1774034385536
gate,bybit,BLUAIUSDT,0.00648,0.00647,-0.1543,1774034385836
gate,bybit,BLUAIUSDT,0.00648,0.00647,-0.1543,1774034386137
gate,bybit,BLUAIUSDT,0.00648,0.00647,-0.1543,1774034386437
gate,bybit,BLUAIUSDT,0.00648,0.00647,-0.1543,1774034386737
gate,bybit,BLUAIUSDT,0.00648,0.00647,-0.1543,1774034387038
gate,bybit,BLUAIUSDT,0.00648,0.00647,-0.1543,1774034387338
gate,bybit,BLUAIUSDT,0.00648,0.00647,-0.1543,1774034387638
gate,bybit,BLUAIUSDT,0.00648,0.00647,-0.1543,1774034387938
gate,bybit,BLUAIUSDT,0.00648,0.00647,-0.1543,1774034388239
gate,bybit,BLUAIUSDT,0.00648,0.00647,-0.1543,1774034388539
gate,bybit,BLUAIUSDT,0.00648,0.00647,-0.1543,1774034388839
gate,bybit,BLUAIUSDT,0.00648,0.00647,-0.1543,1774034389139
gate,bybit,BLUAIUSDT,0.00648,0.00647,-0.1543,1774034389440
gate,bybit,BLUAIUSDT,0.00648,0.00647,-0.1543,1774034389741
gate,bybit,BLUAIUSDT,0.00648,0.00647,-0.1543,1774034390041
gate,bybit,BLUAIUSDT,0.00648,0.006471,-0.1389,1774034390341
gate,bybit,BLUAIUSDT,0.00648,0.006471,-0.1389,1774034390642
gate,bybit,BLUAIUSDT,0.00648,0.006471,-0.1389,1774034390943
gate,bybit,BLUAIUSDT,0.00648,0.006471,-0.1389,1774034391243
gate,bybit,BLUAIUSDT,0.00648,0.00647,-0.1543,1774034391543
gate,bybit,BLUAIUSDT,0.00648,0.006469,-0.1698,1774034391843
gate,bybit,BLUAIUSDT,0.00648,0.006469,-0.1698,1774034392144
gate,bybit,BLUAIUSDT,0.00648,0.006469,-0.1698,1774034392453
gate,bybit,BLUAIUSDT,0.00648,0.006469,-0.1698,1774034392753
gate,bybit,BLUAIUSDT,0.00648,0.006469,-0.1698,1774034393053
gate,bybit,BLUAIUSDT,0.00648,0.006469,-0.1698,1774034393353
gate,bybit,BLUAIUSDT,0.00648,0.006469,-0.1698,1774034393654
gate,bybit,BLUAIUSDT,0.00648,0.006469,-0.1698,1774034393954
gate,bybit,BLUAIUSDT,0.006478,0.006469,-0.1389,1774034394254
gate,bybit,BLUAIUSDT,0.006478,0.006469,-0.1389,1774034394555
gate,bybit,BLUAIUSDT,0.006478,0.006469,-0.1389,1774034394856
gate,bybit,BLUAIUSDT,0.006478,0.006469,-0.1389,1774034395156
gate,bybit,BLUAIUSDT,0.006478,0.006469,-0.1389,1774034395457
gate,bybit,BLUAIUSDT,0.006478,0.006469,-0.1389,1774034395757
gate,bybit,BLUAIUSDT,0.006478,0.006469,-0.1389,1774034396057
gate,bybit,BLUAIUSDT,0.006478,0.006469,-0.1389,1774034396357
gate,bybit,BLUAIUSDT,0.006486,0.006469,-0.2621,1774034396658
gate,bybit,BLUAIUSDT,0.006486,0.006469,-0.2621,1774034396958
gate,bybit,BLUAIUSDT,0.006486,0.006469,-0.2621,1774034397258
gate,bybit,BLUAIUSDT,0.006486,0.006469,-0.2621,1774034397558
gate,bybit,BLUAIUSDT,0.006486,0.006469,-0.2621,1774034397858
gate,bybit,BLUAIUSDT,0.006486,0.006469,-0.2621,1774034398160
gate,bybit,BLUAIUSDT,0.006486,0.006469,-0.2621,1774034398460
gate,bybit,BLUAIUSDT,0.006486,0.006469,-0.2621,1774034398760
gate,bybit,BLUAIUSDT,0.006486,0.006469,-0.2621,1774034399065
gate,bybit,BLUAIUSDT,0.006486,0.006469,-0.2621,1774034399366
gate,bybit,BLUAIUSDT,0.006486,0.006469,-0.2621,1774034399666
gate,bybit,BLUAIUSDT,0.006486,0.006469,-0.2621,1774034399966
gate,bybit,BLUAIUSDT,0.006486,0.006473,-0.2004,1774034400266
gate,bybit,BLUAIUSDT,0.006486,0.006469,-0.2621,1774034400566
gate,bybit,BLUAIUSDT,0.006486,0.006474,-0.185,1774034400867
gate,bybit,BLUAIUSDT,0.006486,0.006474,-0.185,1774034401167
gate,bybit,BLUAIUSDT,0.006485,0.006471,-0.2159,1774034401467
gate,bybit,BLUAIUSDT,0.006485,0.006476,-0.1388,1774034401767
gate,bybit,BLUAIUSDT,0.006485,0.006476,-0.1388,1774034402067
gate,bybit,BLUAIUSDT,0.006485,0.006476,-0.1388,1774034402367
gate,bybit,BLUAIUSDT,0.006485,0.006476,-0.1388,1774034402668
gate,bybit,BLUAIUSDT,0.006485,0.006476,-0.1388,1774034402968
gate,bybit,BLUAIUSDT,0.006485,0.006476,-0.1388,1774034403268
gate,bybit,BLUAIUSDT,0.006485,0.006476,-0.1388,1774034403569
gate,bybit,BLUAIUSDT,0.006485,0.006476,-0.1388,1774034403869
gate,bybit,BLUAIUSDT,0.006485,0.006476,-0.1388,1774034404169
gate,bybit,BLUAIUSDT,0.006485,0.006477,-0.1234,1774034404469
gate,bybit,BLUAIUSDT,0.006489,0.006477,-0.1849,1774034404769
gate,bybit,BLUAIUSDT,0.006488,0.006476,-0.185,1774034405070
gate,bybit,BLUAIUSDT,0.006488,0.006476,-0.185,1774034405370
gate,bybit,BLUAIUSDT,0.006488,0.006476,-0.185,1774034405672
gate,bybit,BLUAIUSDT,0.006488,0.006476,-0.185,1774034405973
gate,bybit,BLUAIUSDT,0.006488,0.006476,-0.185,1774034406273
gate,bybit,BLUAIUSDT,0.006488,0.006476,-0.185,1774034406573
gate,bybit,BLUAIUSDT,0.006488,0.006476,-0.185,1774034406874
gate,bybit,BLUAIUSDT,0.006488,0.006476,-0.185,1774034407174
gate,bybit,BLUAIUSDT,0.006488,0.006476,-0.185,1774034407474
gate,bybit,BLUAIUSDT,0.006488,0.006477,-0.1695,1774034407774
gate,bybit,BLUAIUSDT,0.006488,0.006477,-0.1695,1774034408074
gate,bybit,BLUAIUSDT,0.006488,0.006476,-0.185,1774034408375
gate,bybit,BLUAIUSDT,0.006488,0.006476,-0.185,1774034408675
gate,bybit,BLUAIUSDT,0.006488,0.006476,-0.185,1774034408975
gate,bybit,BLUAIUSDT,0.006488,0.006476,-0.185,1774034409275
gate,bybit,BLUAIUSDT,0.006488,0.006476,-0.185,1774034409579
gate,bybit,BLUAIUSDT,0.006488,0.006476,-0.185,1774034409880
gate,bybit,BLUAIUSDT,0.006488,0.006476,-0.185,1774034410180
gate,bybit,BLUAIUSDT,0.006488,0.006476,-0.185,1774034410480
gate,bybit,BLUAIUSDT,0.006488,0.006476,-0.185,1774034410780
gate,bybit,BLUAIUSDT,0.006488,0.006476,-0.185,1774034411080
gate,bybit,BLUAIUSDT,0.006488,0.006476,-0.185,1774034411381
gate,bybit,BLUAIUSDT,0.006488,0.006476,-0.185,1774034411681
gate,bybit,BLUAIUSDT,0.006488,0.006476,-0.185,1774034411982
gate,bybit,BLUAIUSDT,0.006488,0.006476,-0.185,1774034412282
gate,bybit,BLUAIUSDT,0.006488,0.006476,-0.185,1774034412582
gate,bybit,BLUAIUSDT,0.006488,0.006476,-0.185,1774034412882
gate,bybit,BLUAIUSDT,0.006488,0.006476,-0.185,1774034413182
gate,bybit,BLUAIUSDT,0.006488,0.006476,-0.185,1774034413483
gate,bybit,BLUAIUSDT,0.006488,0.006476,-0.185,1774034413783
gate,bybit,BLUAIUSDT,0.006488,0.006476,-0.185,1774034414084
gate,bybit,BLUAIUSDT,0.006488,0.006476,-0.185,1774034414385
gate,bybit,BLUAIUSDT,0.006488,0.006476,-0.185,1774034414685
gate,bybit,BLUAIUSDT,0.006488,0.006476,-0.185,1774034414985
gate,bybit,BLUAIUSDT,0.006488,0.006476,-0.185,1774034415285
gate,bybit,BLUAIUSDT,0.006488,0.006476,-0.185,1774034415586
gate,bybit,BLUAIUSDT,0.006488,0.006476,-0.185,1774034415886
gate,bybit,BLUAIUSDT,0.006488,0.006476,-0.185,1774034416187
gate,bybit,BLUAIUSDT,0.006488,0.006476,-0.185,1774034416487
gate,bybit,BLUAIUSDT,0.006488,0.006476,-0.185,1774034416787
gate,bybit,BLUAIUSDT,0.006488,0.006476,-0.185,1774034417088
gate,bybit,BLUAIUSDT,0.006488,0.006476,-0.185,1774034417388
gate,bybit,BLUAIUSDT,0.006488,0.006476,-0.185,1774034417688
gate,bybit,BLUAIUSDT,0.006488,0.006476,-0.185,1774034417989
gate,bybit,BLUAIUSDT,0.006488,0.006476,-0.185,1774034418289
gate,bybit,BLUAIUSDT,0.006488,0.006476,-0.185,1774034418589
gate,bybit,BLUAIUSDT,0.006488,0.00647,-0.2774,1774034418889
gate,bybit,BLUAIUSDT,0.006488,0.00647,-0.2774,1774034419189
gate,bybit,BLUAIUSDT,0.006488,0.00647,-0.2774,1774034419490
gate,bybit,BLUAIUSDT,0.006488,0.00647,-0.2774,1774034419790
gate,bybit,BLUAIUSDT,0.006488,0.00647,-0.2774,1774034420090
gate,bybit,BLUAIUSDT,0.006488,0.00647,-0.2774,1774034420390
gate,bybit,BLUAIUSDT,0.006488,0.00647,-0.2774,1774034420691
gate,bybit,BLUAIUSDT,0.006488,0.00647,-0.2774,1774034420992
gate,bybit,BLUAIUSDT,0.006488,0.00647,-0.2774,1774034421292
gate,bybit,BLUAIUSDT,0.006488,0.00647,-0.2774,1774034421592
gate,bybit,BLUAIUSDT,0.006488,0.00647,-0.2774,1774034421892
gate,bybit,BLUAIUSDT,0.006488,0.00647,-0.2774,1774034422192
gate,bybit,BLUAIUSDT,0.006488,0.00647,-0.2774,1774034422493
gate,bybit,BLUAIUSDT,0.006488,0.00647,-0.2774,1774034422793
gate,bybit,BLUAIUSDT,0.006488,0.00647,-0.2774,1774034423093
gate,bybit,BLUAIUSDT,0.006488,0.00647,-0.2774,1774034423393
gate,bybit,BLUAIUSDT,0.006488,0.00647,-0.2774,1774034423694
gate,bybit,BLUAIUSDT,0.006488,0.00647,-0.2774,1774034423995
gate,bybit,BLUAIUSDT,0.006488,0.00647,-0.2774,1774034424295
gate,bybit,BLUAIUSDT,0.006488,0.00647,-0.2774,1774034424596
gate,bybit,BLUAIUSDT,0.006488,0.00647,-0.2774,1774034424896
gate,bybit,BLUAIUSDT,0.006488,0.00647,-0.2774,1774034425196
gate,bybit,BLUAIUSDT,0.006488,0.006477,-0.1695,1774034425496
gate,bybit,BLUAIUSDT,0.006488,0.006477,-0.1695,1774034425796
gate,bybit,BLUAIUSDT,0.006488,0.006477,-0.1695,1774034426097
gate,bybit,BLUAIUSDT,0.006488,0.006477,-0.1695,1774034426397
gate,bybit,BLUAIUSDT,0.006488,0.006477,-0.1695,1774034426697
gate,bybit,BLUAIUSDT,0.006488,0.006477,-0.1695,1774034426997
gate,bybit,BLUAIUSDT,0.006488,0.006477,-0.1695,1774034427298
gate,bybit,BLUAIUSDT,0.006488,0.006477,-0.1695,1774034427598
gate,bybit,BLUAIUSDT,0.006488,0.006477,-0.1695,1774034427898
gate,bybit,BLUAIUSDT,0.006488,0.006477,-0.1695,1774034428199
gate,bybit,BLUAIUSDT,0.006488,0.006477,-0.1695,1774034428499
gate,bybit,BLUAIUSDT,0.006488,0.006477,-0.1695,1774034428799
gate,bybit,BLUAIUSDT,0.006488,0.006477,-0.1695,1774034429099
gate,bybit,BLUAIUSDT,0.006488,0.006477,-0.1695,1774034429400
gate,bybit,BLUAIUSDT,0.006488,0.006477,-0.1695,1774034429700
gate,bybit,BLUAIUSDT,0.006488,0.006468,-0.3083,1774034430000
gate,bybit,BLUAIUSDT,0.006481,0.006469,-0.1852,1774034430300
gate,bybit,BLUAIUSDT,0.006481,0.006468,-0.2006,1774034430601
gate,bybit,BLUAIUSDT,0.006481,0.006468,-0.2006,1774034430901
gate,bybit,BLUAIUSDT,0.006481,0.006468,-0.2006,1774034431202
gate,bybit,BLUAIUSDT,0.006481,0.006468,-0.2006,1774034431502
gate,bybit,BLUAIUSDT,0.006481,0.006468,-0.2006,1774034431802
gate,bybit,BLUAIUSDT,0.006481,0.006468,-0.2006,1774034432102
gate,bybit,BLUAIUSDT,0.006481,0.006468,-0.2006,1774034432403
gate,bybit,BLUAIUSDT,0.006481,0.006468,-0.2006,1774034432703
gate,bybit,BLUAIUSDT,0.006481,0.006468,-0.2006,1774034433003
gate,bybit,BLUAIUSDT,0.006479,0.006468,-0.1698,1774034433303
gate,bybit,BLUAIUSDT,0.006479,0.006468,-0.1698,1774034433604
gate,bybit,BLUAIUSDT,0.006479,0.006468,-0.1698,1774034433904
gate,bybit,BLUAIUSDT,0.006479,0.006468,-0.1698,1774034434204
gate,bybit,BLUAIUSDT,0.006479,0.006468,-0.1698,1774034434504
gate,bybit,BLUAIUSDT,0.006479,0.006468,-0.1698,1774034434805
gate,bybit,BLUAIUSDT,0.006479,0.006468,-0.1698,1774034435105
gate,bybit,BLUAIUSDT,0.006479,0.006468,-0.1698,1774034435405
gate,bybit,BLUAIUSDT,0.006479,0.006468,-0.1698,1774034435705
gate,bybit,BLUAIUSDT,0.006479,0.006468,-0.1698,1774034436006
gate,bybit,BLUAIUSDT,0.006479,0.006468,-0.1698,1774034436306
gate,bybit,BLUAIUSDT,0.006479,0.006468,-0.1698,1774034436609
gate,bybit,BLUAIUSDT,0.006479,0.006468,-0.1698,1774034436909
gate,bybit,BLUAIUSDT,0.006479,0.006468,-0.1698,1774034437210
gate,bybit,BLUAIUSDT,0.006479,0.006468,-0.1698,1774034437510
gate,bybit,BLUAIUSDT,0.006479,0.006468,-0.1698,1774034437810
gate,bybit,BLUAIUSDT,0.006479,0.006468,-0.1698,1774034438110
gate,bybit,BLUAIUSDT,0.006479,0.006468,-0.1698,1774034438410
gate,bybit,BLUAIUSDT,0.006479,0.006468,-0.1698,1774034438710
gate,bybit,BLUAIUSDT,0.006479,0.006465,-0.2161,1774034439011
gate,bybit,BLUAIUSDT,0.006479,0.006465,-0.2161,1774034439311
gate,bybit,BLUAIUSDT,0.006478,0.006465,-0.2007,1774034439611
gate,bybit,BLUAIUSDT,0.006478,0.006465,-0.2007,1774034439911
gate,bybit,BLUAIUSDT,0.006478,0.006465,-0.2007,1774034440211
gate,bybit,BLUAIUSDT,0.006478,0.006465,-0.2007,1774034440512
gate,bybit,BLUAIUSDT,0.006478,0.006465,-0.2007,1774034440812
gate,bybit,BLUAIUSDT,0.006478,0.006465,-0.2007,1774034441112
gate,bybit,BLUAIUSDT,0.006478,0.006465,-0.2007,1774034441412
gate,bybit,BLUAIUSDT,0.006478,0.006465,-0.2007,1774034441713
gate,bybit,BLUAIUSDT,0.006478,0.006465,-0.2007,1774034442013
gate,bybit,BLUAIUSDT,0.006478,0.006465,-0.2007,1774034442313
gate,bybit,BLUAIUSDT,0.006478,0.006462,-0.247,1774034442613
gate,bybit,BLUAIUSDT,0.006478,0.006462,-0.247,1774034442913
gate,bybit,BLUAIUSDT,0.006478,0.006462,-0.247,1774034443214
gate,bybit,BLUAIUSDT,0.006478,0.006462,-0.247,1774034443514
gate,bybit,BLUAIUSDT,0.006473,0.006462,-0.1699,1774034443814
gate,bybit,BLUAIUSDT,0.006473,0.006462,-0.1699,1774034444115
gate,bybit,BLUAIUSDT,0.006473,0.006462,-0.1699,1774034444416
gate,bybit,BLUAIUSDT,0.006472,0.006462,-0.1545,1774034444716
gate,bybit,BLUAIUSDT,0.006469,0.006462,-0.1082,1774034445017
gate,bybit,BLUAIUSDT,0.006469,0.006452,-0.2628,1774034445318
gate,bybit,BLUAIUSDT,0.006464,0.006452,-0.1856,1774034445618
gate,bybit,BLUAIUSDT,0.00644,0.006428,-0.1863,1774034445918
gate,bybit,BLUAIUSDT,0.006438,0.006428,-0.1553,1774034446218
gate,bybit,BLUAIUSDT,0.006438,0.006426,-0.1864,1774034446519
gate,bybit,BLUAIUSDT,0.006439,0.006435,-0.0621,1774034446819
gate,bybit,BLUAIUSDT,0.00644,0.006435,-0.0776,1774034447119
gate,bybit,BLUAIUSDT,0.006439,0.006435,-0.0621,1774034447420
gate,bybit,BLUAIUSDT,0.00644,0.006446,0.0932,1774034447720
gate,bybit,BLUAIUSDT,0.00644,0.006446,0.0932,1774034448020
gate,bybit,BLUAIUSDT,0.00644,0.006446,0.0932,1774034448321
gate,bybit,BLUAIUSDT,0.00644,0.006446,0.0932,1774034448621
gate,bybit,BLUAIUSDT,0.00644,0.006443,0.0466,1774034448921
gate,bybit,BLUAIUSDT,0.00644,0.006437,-0.0466,1774034449221
gate,bybit,BLUAIUSDT,0.00644,0.00644,0.0,1774034449521
gate,bybit,BLUAIUSDT,0.00644,0.00644,0.0,1774034449822
gate,bybit,BLUAIUSDT,0.00644,0.00644,0.0,1774034450122
gate,bybit,BLUAIUSDT,0.00644,0.00644,0.0,1774034450423
gate,bybit,BLUAIUSDT,0.00644,0.00644,0.0,1774034450724
gate,bybit,BLUAIUSDT,0.00644,0.00644,0.0,1774034451024
gate,bybit,BLUAIUSDT,0.00644,0.00644,0.0,1774034451324
gate,bybit,BLUAIUSDT,0.00644,0.00644,0.0,1774034451625
gate,bybit,BLUAIUSDT,0.00644,0.00644,0.0,1774034451925
gate,bybit,BLUAIUSDT,0.00644,0.00644,0.0,1774034452225
gate,bybit,BLUAIUSDT,0.00644,0.00644,0.0,1774034452525
gate,bybit,BLUAIUSDT,0.00644,0.00644,0.0,1774034452826
gate,bybit,BLUAIUSDT,0.00644,0.00644,0.0,1774034453126
gate,bybit,BLUAIUSDT,0.00643,0.006427,-0.0467,1774034453427
gate,bybit,BLUAIUSDT,0.00643,0.006427,-0.0467,1774034453728
gate,bybit,BLUAIUSDT,0.00643,0.006427,-0.0467,1774034454029
gate,bybit,BLUAIUSDT,0.006434,0.006428,-0.0933,1774034454330
gate,bybit,BLUAIUSDT,0.006434,0.006428,-0.0933,1774034454631
gate,bybit,BLUAIUSDT,0.00644,0.006428,-0.1863,1774034454931
gate,bybit,BLUAIUSDT,0.00644,0.006428,-0.1863,1774034455231
gate,bybit,BLUAIUSDT,0.00644,0.006428,-0.1863,1774034455531
gate,bybit,BLUAIUSDT,0.00644,0.006423,-0.264,1774034455832
gate,bybit,BLUAIUSDT,0.00644,0.006429,-0.1708,1774034456132
gate,bybit,BLUAIUSDT,0.00644,0.006429,-0.1708,1774034456432
gate,bybit,BLUAIUSDT,0.00644,0.006429,-0.1708,1774034456732
gate,bybit,BLUAIUSDT,0.00644,0.006429,-0.1708,1774034457033
gate,bybit,BLUAIUSDT,0.00644,0.006429,-0.1708,1774034457333
gate,bybit,BLUAIUSDT,0.00644,0.006429,-0.1708,1774034457633
gate,bybit,BLUAIUSDT,0.00644,0.006429,-0.1708,1774034457934
gate,bybit,BLUAIUSDT,0.00644,0.006429,-0.1708,1774034458234
gate,bybit,BLUAIUSDT,0.00644,0.006429,-0.1708,1774034458535
gate,bybit,BLUAIUSDT,0.00644,0.006429,-0.1708,1774034458835
gate,bybit,BLUAIUSDT,0.00644,0.006429,-0.1708,1774034459135
gate,bybit,BLUAIUSDT,0.00644,0.006429,-0.1708,1774034459436
gate,bybit,BLUAIUSDT,0.00644,0.006429,-0.1708,1774034459736
gate,bybit,BLUAIUSDT,0.00644,0.006421,-0.295,1774034460037
gate,bybit,BLUAIUSDT,0.00644,0.006422,-0.2795,1774034460337
gate,bybit,BLUAIUSDT,0.00644,0.006425,-0.2329,1774034460638
gate,bybit,BLUAIUSDT,0.00644,0.006433,-0.1087,1774034460938
gate,bybit,BLUAIUSDT,0.006439,0.006433,-0.0932,1774034461238
gate,bybit,BLUAIUSDT,0.006439,0.006433,-0.0932,1774034461538
gate,bybit,BLUAIUSDT,0.006439,0.006438,-0.0155,1774034461839
gate,bybit,BLUAIUSDT,0.006439,0.006438,-0.0155,1774034462140
gate,bybit,BLUAIUSDT,0.006439,0.006438,-0.0155,1774034462440
gate,bybit,BLUAIUSDT,0.006438,0.006427,-0.1709,1774034462740
gate,bybit,BLUAIUSDT,0.006436,0.006427,-0.1398,1774034463040
gate,bybit,BLUAIUSDT,0.006436,0.006428,-0.1243,1774034463340
gate,bybit,BLUAIUSDT,0.006436,0.006428,-0.1243,1774034463640
gate,bybit,BLUAIUSDT,0.00644,0.006421,-0.295,1774034463940
gate,bybit,BLUAIUSDT,0.006435,0.006421,-0.2176,1774034464241
gate,bybit,BLUAIUSDT,0.006435,0.006421,-0.2176,1774034464541
gate,bybit,BLUAIUSDT,0.006435,0.006421,-0.2176,1774034464841
gate,bybit,BLUAIUSDT,0.006435,0.006421,-0.2176,1774034465141
gate,bybit,BLUAIUSDT,0.006435,0.006421,-0.2176,1774034465441
gate,bybit,BLUAIUSDT,0.006435,0.006421,-0.2176,1774034465742
gate,bybit,BLUAIUSDT,0.006435,0.006421,-0.2176,1774034466043
gate,bybit,BLUAIUSDT,0.006436,0.006421,-0.2331,1774034466343
gate,bybit,BLUAIUSDT,0.006436,0.006421,-0.2331,1774034466644
gate,bybit,BLUAIUSDT,0.006436,0.006421,-0.2331,1774034466944
gate,bybit,BLUAIUSDT,0.006436,0.006421,-0.2331,1774034467245
gate,bybit,BLUAIUSDT,0.006436,0.006421,-0.2331,1774034467545
gate,bybit,BLUAIUSDT,0.006436,0.006421,-0.2331,1774034467845
gate,bybit,BLUAIUSDT,0.006436,0.006421,-0.2331,1774034468145
gate,bybit,BLUAIUSDT,0.006436,0.006421,-0.2331,1774034468446
gate,bybit,BLUAIUSDT,0.006436,0.006421,-0.2331,1774034468746
gate,bybit,BLUAIUSDT,0.006436,0.006421,-0.2331,1774034469046
gate,bybit,BLUAIUSDT,0.006436,0.006421,-0.2331,1774034469346
gate,bybit,BLUAIUSDT,0.006436,0.006421,-0.2331,1774034469646
gate,bybit,BLUAIUSDT,0.006436,0.006421,-0.2331,1774034469947
gate,bybit,BLUAIUSDT,0.006436,0.006421,-0.2331,1774034470247
gate,bybit,BLUAIUSDT,0.006436,0.006421,-0.2331,1774034470548
gate,bybit,BLUAIUSDT,0.006436,0.006421,-0.2331,1774034470848
gate,bybit,BLUAIUSDT,0.006436,0.006421,-0.2331,1774034471149
gate,bybit,BLUAIUSDT,0.006436,0.006421,-0.2331,1774034471450
gate,bybit,BLUAIUSDT,0.006436,0.006421,-0.2331,1774034471750
gate,bybit,BLUAIUSDT,0.006436,0.006421,-0.2331,1774034472050
gate,bybit,BLUAIUSDT,0.00643,0.006421,-0.14,1774034472351
gate,bybit,BLUAIUSDT,0.00643,0.006421,-0.14,1774034472651
gate,bybit,BLUAIUSDT,0.00643,0.006421,-0.14,1774034472951
gate,bybit,BLUAIUSDT,0.00643,0.006421,-0.14,1774034473251
gate,bybit,BLUAIUSDT,0.00643,0.006421,-0.14,1774034473552
gate,bybit,BLUAIUSDT,0.00643,0.006421,-0.14,1774034473852
gate,bybit,BLUAIUSDT,0.00643,0.006421,-0.14,1774034474152
gate,bybit,BLUAIUSDT,0.00643,0.006421,-0.14,1774034474452
gate,bybit,BLUAIUSDT,0.00643,0.006421,-0.14,1774034474753
gate,bybit,BLUAIUSDT,0.00643,0.006421,-0.14,1774034475053
gate,bybit,BLUAIUSDT,0.00643,0.006421,-0.14,1774034475353
gate,bybit,BLUAIUSDT,0.00643,0.006421,-0.14,1774034475654
gate,bybit,BLUAIUSDT,0.006435,0.006421,-0.2176,1774034475954
gate,bybit,BLUAIUSDT,0.006435,0.006421,-0.2176,1774034476255
gate,bybit,BLUAIUSDT,0.006435,0.006421,-0.2176,1774034476556
gate,bybit,BLUAIUSDT,0.006435,0.006421,-0.2176,1774034476856
gate,bybit,BLUAIUSDT,0.006435,0.006421,-0.2176,1774034477157
gate,bybit,BLUAIUSDT,0.006435,0.006421,-0.2176,1774034477457
gate,bybit,BLUAIUSDT,0.006435,0.006421,-0.2176,1774034477757
gate,bybit,BLUAIUSDT,0.006435,0.006421,-0.2176,1774034478058
gate,bybit,BLUAIUSDT,0.006435,0.006421,-0.2176,1774034478358
gate,bybit,BLUAIUSDT,0.006435,0.006421,-0.2176,1774034478659
gate,bybit,BLUAIUSDT,0.006435,0.006421,-0.2176,1774034478959
gate,bybit,BLUAIUSDT,0.006435,0.006421,-0.2176,1774034479260
gate,bybit,BLUAIUSDT,0.006435,0.006421,-0.2176,1774034479564
gate,bybit,BLUAIUSDT,0.006435,0.006421,-0.2176,1774034479864
gate,bybit,BLUAIUSDT,0.006435,0.006421,-0.2176,1774034480165
gate,bybit,BLUAIUSDT,0.006435,0.006421,-0.2176,1774034480465
gate,bybit,BLUAIUSDT,0.006435,0.006421,-0.2176,1774034480765
gate,bybit,BLUAIUSDT,0.006435,0.006421,-0.2176,1774034481065
gate,bybit,BLUAIUSDT,0.006435,0.006421,-0.2176,1774034481365
gate,bybit,BLUAIUSDT,0.006435,0.006421,-0.2176,1774034481666
gate,bybit,BLUAIUSDT,0.006435,0.006421,-0.2176,1774034481966
gate,bybit,BLUAIUSDT,0.006435,0.006421,-0.2176,1774034482267
gate,bybit,BLUAIUSDT,0.006435,0.006421,-0.2176,1774034482567
gate,bybit,BLUAIUSDT,0.006435,0.006421,-0.2176,1774034482868
gate,bybit,BLUAIUSDT,0.006435,0.006421,-0.2176,1774034483168
gate,bybit,BLUAIUSDT,0.006435,0.006421,-0.2176,1774034483468
gate,bybit,BLUAIUSDT,0.006435,0.006421,-0.2176,1774034483769
gate,bybit,BLUAIUSDT,0.006435,0.006421,-0.2176,1774034484069
gate,bybit,BLUAIUSDT,0.006435,0.006421,-0.2176,1774034484370
gate,bybit,BLUAIUSDT,0.006435,0.006421,-0.2176,1774034484670
gate,bybit,BLUAIUSDT,0.006435,0.006421,-0.2176,1774034484971
gate,bybit,BLUAIUSDT,0.006435,0.006421,-0.2176,1774034485273
gate,bybit,BLUAIUSDT,0.006435,0.006421,-0.2176,1774034485573
gate,bybit,BLUAIUSDT,0.006435,0.006421,-0.2176,1774034485873
gate,bybit,BLUAIUSDT,0.006435,0.006421,-0.2176,1774034486174
gate,bybit,BLUAIUSDT,0.006435,0.006421,-0.2176,1774034486474
gate,bybit,BLUAIUSDT,0.006435,0.006421,-0.2176,1774034486774
gate,bybit,BLUAIUSDT,0.006435,0.006421,-0.2176,1774034487074
gate,bybit,BLUAIUSDT,0.006435,0.006421,-0.2176,1774034487375
gate,bybit,BLUAIUSDT,0.006435,0.006421,-0.2176,1774034487675
gate,bybit,BLUAIUSDT,0.006435,0.006421,-0.2176,1774034487975
gate,bybit,BLUAIUSDT,0.006435,0.006421,-0.2176,1774034488276
gate,bybit,BLUAIUSDT,0.006435,0.006421,-0.2176,1774034488576
gate,bybit,BLUAIUSDT,0.006435,0.006421,-0.2176,1774034488876
gate,bybit,BLUAIUSDT,0.006435,0.006421,-0.2176,1774034489176
gate,bybit,BLUAIUSDT,0.006435,0.006421,-0.2176,1774034489476
gate,bybit,BLUAIUSDT,0.006435,0.006421,-0.2176,1774034489777
gate,bybit,BLUAIUSDT,0.006435,0.006421,-0.2176,1774034490077
gate,bybit,BLUAIUSDT,0.006435,0.006421,-0.2176,1774034490377
gate,bybit,BLUAIUSDT,0.006435,0.006421,-0.2176,1774034490678
gate,bybit,BLUAIUSDT,0.006435,0.006421,-0.2176,1774034490979
gate,bybit,BLUAIUSDT,0.006435,0.006421,-0.2176,1774034491279
gate,bybit,BLUAIUSDT,0.006435,0.006421,-0.2176,1774034491579
gate,bybit,BLUAIUSDT,0.006434,0.006421,-0.2021,1774034491880
gate,bybit,BLUAIUSDT,0.006434,0.006421,-0.2021,1774034492180
gate,bybit,BLUAIUSDT,0.006434,0.006421,-0.2021,1774034492480
gate,bybit,BLUAIUSDT,0.006434,0.006421,-0.2021,1774034492780
gate,bybit,BLUAIUSDT,0.006434,0.006421,-0.2021,1774034493080
gate,bybit,BLUAIUSDT,0.006434,0.006421,-0.2021,1774034493381
gate,bybit,BLUAIUSDT,0.006434,0.006421,-0.2021,1774034493682
gate,bybit,BLUAIUSDT,0.006434,0.006421,-0.2021,1774034493983
gate,bybit,BLUAIUSDT,0.006434,0.006421,-0.2021,1774034494283
gate,bybit,BLUAIUSDT,0.006434,0.006421,-0.2021,1774034494583
gate,bybit,BLUAIUSDT,0.006434,0.006421,-0.2021,1774034494884
gate,bybit,BLUAIUSDT,0.006434,0.006421,-0.2021,1774034495184
gate,bybit,BLUAIUSDT,0.006434,0.006421,-0.2021,1774034495484
gate,bybit,BLUAIUSDT,0.006434,0.006421,-0.2021,1774034495785
gate,bybit,BLUAIUSDT,0.006434,0.006421,-0.2021,1774034496085
gate,bybit,BLUAIUSDT,0.006434,0.006421,-0.2021,1774034496386
gate,bybit,BLUAIUSDT,0.006434,0.006421,-0.2021,1774034496686
gate,bybit,BLUAIUSDT,0.006434,0.006421,-0.2021,1774034496986
gate,bybit,BLUAIUSDT,0.006434,0.006421,-0.2021,1774034497287
gate,bybit,BLUAIUSDT,0.006434,0.006422,-0.1865,1774034497587
gate,bybit,BLUAIUSDT,0.006434,0.006421,-0.2021,1774034497887
gate,bybit,BLUAIUSDT,0.006434,0.006421,-0.2021,1774034498188
gate,bybit,BLUAIUSDT,0.006434,0.006421,-0.2021,1774034498488
gate,bybit,BLUAIUSDT,0.006434,0.006421,-0.2021,1774034498788
gate,bybit,BLUAIUSDT,0.006434,0.006421,-0.2021,1774034499088
gate,bybit,BLUAIUSDT,0.006434,0.006421,-0.2021,1774034499389
gate,bybit,BLUAIUSDT,0.006434,0.006421,-0.2021,1774034499689
gate,bybit,BLUAIUSDT,0.006434,0.006421,-0.2021,1774034499990
gate,bybit,BLUAIUSDT,0.006434,0.006422,-0.1865,1774034500290
gate,bybit,BLUAIUSDT,0.006434,0.006422,-0.1865,1774034500590
gate,bybit,BLUAIUSDT,0.006434,0.006422,-0.1865,1774034500890
gate,bybit,BLUAIUSDT,0.006434,0.006422,-0.1865,1774034501190
gate,bybit,BLUAIUSDT,0.006434,0.006422,-0.1865,1774034501491
gate,bybit,BLUAIUSDT,0.006434,0.006422,-0.1865,1774034501791
gate,bybit,BLUAIUSDT,0.006434,0.006422,-0.1865,1774034502091
gate,bybit,BLUAIUSDT,0.006434,0.006422,-0.1865,1774034502391
gate,bybit,BLUAIUSDT,0.006434,0.006422,-0.1865,1774034502692
gate,bybit,BLUAIUSDT,0.006434,0.006422,-0.1865,1774034502992
gate,bybit,BLUAIUSDT,0.006434,0.006422,-0.1865,1774034503293
gate,bybit,BLUAIUSDT,0.006434,0.006427,-0.1088,1774034503593
gate,bybit,BLUAIUSDT,0.006434,0.006427,-0.1088,1774034503893
gate,bybit,BLUAIUSDT,0.006434,0.006427,-0.1088,1774034504193
gate,bybit,BLUAIUSDT,0.006434,0.006427,-0.1088,1774034504493
gate,bybit,BLUAIUSDT,0.006434,0.006427,-0.1088,1774034504793
gate,bybit,BLUAIUSDT,0.006434,0.006427,-0.1088,1774034505094
gate,bybit,BLUAIUSDT,0.006434,0.006427,-0.1088,1774034505394
gate,bybit,BLUAIUSDT,0.006434,0.006427,-0.1088,1774034505694
gate,bybit,BLUAIUSDT,0.006434,0.006427,-0.1088,1774034505994
gate,bybit,BLUAIUSDT,0.006434,0.006427,-0.1088,1774034506295
gate,bybit,BLUAIUSDT,0.006434,0.006427,-0.1088,1774034506596
gate,bybit,BLUAIUSDT,0.006434,0.006427,-0.1088,1774034506896
gate,bybit,BLUAIUSDT,0.006434,0.006427,-0.1088,1774034507196
gate,bybit,BLUAIUSDT,0.006434,0.006427,-0.1088,1774034507496
gate,bybit,BLUAIUSDT,0.006434,0.006427,-0.1088,1774034507796
gate,bybit,BLUAIUSDT,0.006434,0.006427,-0.1088,1774034508097
gate,bybit,BLUAIUSDT,0.006434,0.006427,-0.1088,1774034508397
gate,bybit,BLUAIUSDT,0.006434,0.006427,-0.1088,1774034508697
gate,bybit,BLUAIUSDT,0.006434,0.006427,-0.1088,1774034508997
gate,bybit,BLUAIUSDT,0.006434,0.006427,-0.1088,1774034509297
