spot_exch,fut_exch,symbol,ask_spot,bid_futures,spread_pct,ts
gate,bybit,VANRYUSDT,0.005666,0.006087,7.4303,1774036159866
gate,bybit,VANRYUSDT,0.005666,0.006087,7.4303,1774036160166
gate,bybit,VANRYUSDT,0.005666,0.006087,7.4303,1774036160467
gate,bybit,VANRYUSDT,0.005666,0.006085,7.395,1774036160768
gate,bybit,VANRYUSDT,0.005664,0.006085,7.4329,1774036161068
gate,bybit,VANRYUSDT,0.005664,0.006085,7.4329,1774036161369
gate,bybit,VANRYUSDT,0.005661,0.006083,7.4545,1774036161670
gate,bybit,VANRYUSDT,0.005663,0.006084,7.4342,1774036161970
gate,bybit,VANRYUSDT,0.005663,0.006084,7.4342,1774036162271
gate,bybit,VANRYUSDT,0.005663,0.006084,7.4342,1774036162571
gate,bybit,VANRYUSDT,0.005663,0.006084,7.4342,1774036162871
gate,bybit,VANRYUSDT,0.005663,0.006084,7.4342,1774036163173
gate,bybit,VANRYUSDT,0.005663,0.006084,7.4342,1774036163473
gate,bybit,VANRYUSDT,0.005663,0.006083,7.4166,1774036163773
gate,bybit,VANRYUSDT,0.005663,0.006083,7.4166,1774036164074
gate,bybit,VANRYUSDT,0.005663,0.006083,7.4166,1774036164374
gate,bybit,VANRYUSDT,0.005663,0.006083,7.4166,1774036164674
gate,bybit,VANRYUSDT,0.005663,0.006083,7.4166,1774036164974
gate,bybit,VANRYUSDT,0.005663,0.006083,7.4166,1774036165274
gate,bybit,VANRYUSDT,0.005663,0.006083,7.4166,1774036165575
gate,bybit,VANRYUSDT,0.005663,0.006083,7.4166,1774036165875
gate,bybit,VANRYUSDT,0.005663,0.006083,7.4166,1774036166176
gate,bybit,VANRYUSDT,0.005663,0.006083,7.4166,1774036166476
gate,bybit,VANRYUSDT,0.005663,0.006083,7.4166,1774036166777
gate,bybit,VANRYUSDT,0.005663,0.006083,7.4166,1774036167077
gate,bybit,VANRYUSDT,0.005663,0.006083,7.4166,1774036167377
gate,bybit,VANRYUSDT,0.005663,0.006083,7.4166,1774036167678
gate,bybit,VANRYUSDT,0.005663,0.006084,7.4342,1774036167978
gate,bybit,VANRYUSDT,0.005664,0.006084,7.4153,1774036168278
gate,bybit,VANRYUSDT,0.005664,0.006084,7.4153,1774036168578
gate,bybit,VANRYUSDT,0.005664,0.006084,7.4153,1774036168878
gate,bybit,VANRYUSDT,0.005664,0.006084,7.4153,1774036169179
gate,bybit,VANRYUSDT,0.005664,0.006084,7.4153,1774036169479
gate,bybit,VANRYUSDT,0.005662,0.006083,7.4355,1774036169779
gate,bybit,VANRYUSDT,0.005662,0.006083,7.4355,1774036170080
gate,bybit,VANRYUSDT,0.005662,0.006083,7.4355,1774036170380
gate,bybit,VANRYUSDT,0.005662,0.006083,7.4355,1774036170681
gate,bybit,VANRYUSDT,0.005661,0.006083,7.4545,1774036170981
gate,bybit,VANRYUSDT,0.005661,0.006083,7.4545,1774036171281
gate,bybit,VANRYUSDT,0.005662,0.006083,7.4355,1774036171582
gate,bybit,VANRYUSDT,0.005661,0.006083,7.4545,1774036171882
gate,bybit,VANRYUSDT,0.00566,0.006082,7.4558,1774036172182
gate,bybit,VANRYUSDT,0.005661,0.006082,7.4368,1774036172483
gate,bybit,VANRYUSDT,0.00566,0.006082,7.4558,1774036172783
gate,bybit,VANRYUSDT,0.00566,0.006082,7.4558,1774036173083
gate,bybit,VANRYUSDT,0.00566,0.006082,7.4558,1774036173383
gate,bybit,VANRYUSDT,0.00566,0.006082,7.4558,1774036173684
gate,bybit,VANRYUSDT,0.00566,0.006082,7.4558,1774036173985
gate,bybit,VANRYUSDT,0.00566,0.006082,7.4558,1774036174285
gate,bybit,VANRYUSDT,0.00566,0.006082,7.4558,1774036174586
gate,bybit,VANRYUSDT,0.00566,0.006082,7.4558,1774036174886
gate,bybit,VANRYUSDT,0.00566,0.006082,7.4558,1774036175187
gate,bybit,VANRYUSDT,0.00566,0.006082,7.4558,1774036175487
gate,bybit,VANRYUSDT,0.00566,0.006082,7.4558,1774036175788
gate,bybit,VANRYUSDT,0.00566,0.006082,7.4558,1774036176089
gate,bybit,VANRYUSDT,0.00566,0.006082,7.4558,1774036176389
gate,bybit,VANRYUSDT,0.00566,0.006082,7.4558,1774036176689
gate,bybit,VANRYUSDT,0.00566,0.006082,7.4558,1774036176991
gate,bybit,VANRYUSDT,0.00566,0.006082,7.4558,1774036177291
gate,bybit,VANRYUSDT,0.00566,0.006082,7.4558,1774036177591
gate,bybit,VANRYUSDT,0.00566,0.006082,7.4558,1774036177891
gate,bybit,VANRYUSDT,0.00566,0.006082,7.4558,1774036178192
gate,bybit,VANRYUSDT,0.00566,0.006082,7.4558,1774036178492
gate,bybit,VANRYUSDT,0.00566,0.006082,7.4558,1774036178792
gate,bybit,VANRYUSDT,0.00566,0.006082,7.4558,1774036179092
gate,bybit,VANRYUSDT,0.00566,0.006082,7.4558,1774036179393
gate,bybit,VANRYUSDT,0.00566,0.006082,7.4558,1774036179693
gate,bybit,VANRYUSDT,0.00566,0.006082,7.4558,1774036179993
gate,bybit,VANRYUSDT,0.00566,0.006082,7.4558,1774036180293
gate,bybit,VANRYUSDT,0.00566,0.006082,7.4558,1774036180593
gate,bybit,VANRYUSDT,0.00566,0.006082,7.4558,1774036180894
gate,bybit,VANRYUSDT,0.00566,0.006082,7.4558,1774036181194
gate,bybit,VANRYUSDT,0.00566,0.006082,7.4558,1774036181494
gate,bybit,VANRYUSDT,0.00566,0.006082,7.4558,1774036181794
gate,bybit,VANRYUSDT,0.00566,0.006082,7.4558,1774036182095
gate,bybit,VANRYUSDT,0.00566,0.006082,7.4558,1774036182410
gate,bybit,VANRYUSDT,0.00566,0.006082,7.4558,1774036182710
gate,bybit,VANRYUSDT,0.00566,0.006082,7.4558,1774036183010
gate,bybit,VANRYUSDT,0.00566,0.006082,7.4558,1774036183310
gate,bybit,VANRYUSDT,0.00566,0.006082,7.4558,1774036183611
gate,bybit,VANRYUSDT,0.00566,0.006082,7.4558,1774036183911
gate,bybit,VANRYUSDT,0.00566,0.006082,7.4558,1774036184211
gate,bybit,VANRYUSDT,0.00566,0.006082,7.4558,1774036184511
gate,bybit,VANRYUSDT,0.00566,0.006082,7.4558,1774036184811
gate,bybit,VANRYUSDT,0.00566,0.006082,7.4558,1774036185111
gate,bybit,VANRYUSDT,0.00566,0.006082,7.4558,1774036185412
gate,bybit,VANRYUSDT,0.00566,0.006082,7.4558,1774036185712
gate,bybit,VANRYUSDT,0.00566,0.006082,7.4558,1774036186012
gate,bybit,VANRYUSDT,0.005659,0.006082,7.4748,1774036186312
gate,bybit,VANRYUSDT,0.005659,0.006082,7.4748,1774036186612
gate,bybit,VANRYUSDT,0.005659,0.006082,7.4748,1774036186912
gate,bybit,VANRYUSDT,0.005659,0.006082,7.4748,1774036187213
gate,bybit,VANRYUSDT,0.005659,0.006082,7.4748,1774036187513
gate,bybit,VANRYUSDT,0.005659,0.006082,7.4748,1774036187813
gate,bybit,VANRYUSDT,0.005659,0.006082,7.4748,1774036188113
gate,bybit,VANRYUSDT,0.005659,0.006082,7.4748,1774036188414
gate,bybit,VANRYUSDT,0.005659,0.006082,7.4748,1774036188715
gate,bybit,VANRYUSDT,0.005659,0.006082,7.4748,1774036189015
gate,bybit,VANRYUSDT,0.005659,0.006082,7.4748,1774036189315
gate,bybit,VANRYUSDT,0.005659,0.006082,7.4748,1774036189616
gate,bybit,VANRYUSDT,0.00566,0.006082,7.4558,1774036189916
gate,bybit,VANRYUSDT,0.00566,0.006082,7.4558,1774036190216
gate,bybit,VANRYUSDT,0.00566,0.006082,7.4558,1774036190517
gate,bybit,VANRYUSDT,0.00566,0.006082,7.4558,1774036190817
gate,bybit,VANRYUSDT,0.00566,0.006082,7.4558,1774036191118
gate,bybit,VANRYUSDT,0.00566,0.006082,7.4558,1774036191418
gate,bybit,VANRYUSDT,0.00566,0.006082,7.4558,1774036191718
gate,bybit,VANRYUSDT,0.00566,0.006082,7.4558,1774036192018
gate,bybit,VANRYUSDT,0.00566,0.006082,7.4558,1774036192319
gate,bybit,VANRYUSDT,0.00566,0.006082,7.4558,1774036192619
gate,bybit,VANRYUSDT,0.00566,0.006082,7.4558,1774036192919
gate,bybit,VANRYUSDT,0.00566,0.006082,7.4558,1774036193219
gate,bybit,VANRYUSDT,0.00566,0.006082,7.4558,1774036193519
gate,bybit,VANRYUSDT,0.00566,0.006082,7.4558,1774036193820
gate,bybit,VANRYUSDT,0.00566,0.006082,7.4558,1774036194120
gate,bybit,VANRYUSDT,0.00566,0.006082,7.4558,1774036194420
gate,bybit,VANRYUSDT,0.00566,0.006082,7.4558,1774036194720
gate,bybit,VANRYUSDT,0.00566,0.006082,7.4558,1774036195021
gate,bybit,VANRYUSDT,0.00566,0.006082,7.4558,1774036195321
gate,bybit,VANRYUSDT,0.00566,0.006082,7.4558,1774036195621
gate,bybit,VANRYUSDT,0.00566,0.006082,7.4558,1774036195922
gate,bybit,VANRYUSDT,0.00566,0.006082,7.4558,1774036196222
gate,bybit,VANRYUSDT,0.00566,0.006082,7.4558,1774036196523
gate,bybit,VANRYUSDT,0.00566,0.006082,7.4558,1774036196823
gate,bybit,VANRYUSDT,0.00566,0.006082,7.4558,1774036197124
gate,bybit,VANRYUSDT,0.00566,0.006082,7.4558,1774036197424
gate,bybit,VANRYUSDT,0.00566,0.006082,7.4558,1774036197725
gate,bybit,VANRYUSDT,0.00566,0.006082,7.4558,1774036198025
gate,bybit,VANRYUSDT,0.00566,0.006082,7.4558,1774036198325
gate,bybit,VANRYUSDT,0.00566,0.006082,7.4558,1774036198626
gate,bybit,VANRYUSDT,0.00566,0.006082,7.4558,1774036198926
gate,bybit,VANRYUSDT,0.00566,0.006082,7.4558,1774036199227
gate,bybit,VANRYUSDT,0.00566,0.006082,7.4558,1774036199527
gate,bybit,VANRYUSDT,0.00566,0.006082,7.4558,1774036199827
gate,bybit,VANRYUSDT,0.005659,0.006082,7.4748,1774036200127
gate,bybit,VANRYUSDT,0.005659,0.006082,7.4748,1774036200429
gate,bybit,VANRYUSDT,0.00566,0.006082,7.4558,1774036200730
gate,bybit,VANRYUSDT,0.00566,0.006082,7.4558,1774036201030
gate,bybit,VANRYUSDT,0.00566,0.006082,7.4558,1774036201332
gate,bybit,VANRYUSDT,0.00566,0.006082,7.4558,1774036201632
gate,bybit,VANRYUSDT,0.00566,0.006082,7.4558,1774036201933
gate,bybit,VANRYUSDT,0.005659,0.006082,7.4748,1774036202233
gate,bybit,VANRYUSDT,0.005659,0.006082,7.4748,1774036202533
gate,bybit,VANRYUSDT,0.005659,0.006082,7.4748,1774036202833
gate,bybit,VANRYUSDT,0.005659,0.006082,7.4748,1774036203133
gate,bybit,VANRYUSDT,0.005659,0.006082,7.4748,1774036203433
gate,bybit,VANRYUSDT,0.005659,0.006082,7.4748,1774036203733
gate,bybit,VANRYUSDT,0.005659,0.006082,7.4748,1774036204034
gate,bybit,VANRYUSDT,0.005659,0.006082,7.4748,1774036204334
gate,bybit,VANRYUSDT,0.005659,0.006082,7.4748,1774036204635
gate,bybit,VANRYUSDT,0.005659,0.006082,7.4748,1774036204936
gate,bybit,VANRYUSDT,0.005659,0.006082,7.4748,1774036205236
gate,bybit,VANRYUSDT,0.005659,0.006082,7.4748,1774036205536
gate,bybit,VANRYUSDT,0.005659,0.006082,7.4748,1774036205837
gate,bybit,VANRYUSDT,0.005659,0.006082,7.4748,1774036206137
gate,bybit,VANRYUSDT,0.005659,0.006082,7.4748,1774036206437
gate,bybit,VANRYUSDT,0.005659,0.006082,7.4748,1774036206737
gate,bybit,VANRYUSDT,0.00566,0.006082,7.4558,1774036207038
gate,bybit,VANRYUSDT,0.005659,0.006082,7.4748,1774036207340
gate,bybit,VANRYUSDT,0.005659,0.006082,7.4748,1774036207640
gate,bybit,VANRYUSDT,0.00566,0.006082,7.4558,1774036207940
gate,bybit,VANRYUSDT,0.00566,0.006081,7.4382,1774036208240
gate,bybit,VANRYUSDT,0.005659,0.006081,7.4571,1774036208540
gate,bybit,VANRYUSDT,0.005659,0.006081,7.4571,1774036208841
gate,bybit,VANRYUSDT,0.005659,0.006081,7.4571,1774036209141
gate,bybit,VANRYUSDT,0.005659,0.006081,7.4571,1774036209441
gate,bybit,VANRYUSDT,0.005659,0.006081,7.4571,1774036209741
gate,bybit,VANRYUSDT,0.00566,0.006081,7.4382,1774036210041
gate,bybit,VANRYUSDT,0.00566,0.006081,7.4382,1774036210344
gate,bybit,VANRYUSDT,0.00566,0.006081,7.4382,1774036210644
gate,bybit,VANRYUSDT,0.00566,0.006081,7.4382,1774036210945
gate,bybit,VANRYUSDT,0.00566,0.006081,7.4382,1774036211245
gate,bybit,VANRYUSDT,0.00566,0.006081,7.4382,1774036211545
gate,bybit,VANRYUSDT,0.00566,0.006081,7.4382,1774036211845
gate,bybit,VANRYUSDT,0.00566,0.006081,7.4382,1774036212145
gate,bybit,VANRYUSDT,0.00566,0.006081,7.4382,1774036212446
gate,bybit,VANRYUSDT,0.005661,0.006084,7.4722,1774036212746
gate,bybit,VANRYUSDT,0.005661,0.006084,7.4722,1774036213046
gate,bybit,VANRYUSDT,0.005661,0.006084,7.4722,1774036213346
gate,bybit,VANRYUSDT,0.005661,0.006084,7.4722,1774036213648
gate,bybit,VANRYUSDT,0.005661,0.006084,7.4722,1774036213948
gate,bybit,VANRYUSDT,0.005661,0.006084,7.4722,1774036214248
gate,bybit,VANRYUSDT,0.005661,0.006084,7.4722,1774036214549
gate,bybit,VANRYUSDT,0.005661,0.006084,7.4722,1774036214849
gate,bybit,VANRYUSDT,0.005661,0.006084,7.4722,1774036215149
gate,bybit,VANRYUSDT,0.005661,0.006083,7.4545,1774036215449
gate,bybit,VANRYUSDT,0.005661,0.006083,7.4545,1774036215749
gate,bybit,VANRYUSDT,0.00566,0.006082,7.4558,1774036216050
gate,bybit,VANRYUSDT,0.00566,0.006082,7.4558,1774036216350
gate,bybit,VANRYUSDT,0.005661,0.006083,7.4545,1774036216650
gate,bybit,VANRYUSDT,0.005661,0.006083,7.4545,1774036216950
gate,bybit,VANRYUSDT,0.005661,0.006083,7.4545,1774036217250
gate,bybit,VANRYUSDT,0.005661,0.006083,7.4545,1774036217551
gate,bybit,VANRYUSDT,0.005661,0.006083,7.4545,1774036217851
gate,bybit,VANRYUSDT,0.005661,0.006083,7.4545,1774036218151
gate,bybit,VANRYUSDT,0.005661,0.006083,7.4545,1774036218452
gate,bybit,VANRYUSDT,0.005661,0.006083,7.4545,1774036218752
gate,bybit,VANRYUSDT,0.005661,0.006083,7.4545,1774036219052
gate,bybit,VANRYUSDT,0.005661,0.006083,7.4545,1774036219352
gate,bybit,VANRYUSDT,0.005661,0.006083,7.4545,1774036219652
gate,bybit,VANRYUSDT,0.005661,0.006083,7.4545,1774036219952
gate,bybit,VANRYUSDT,0.005661,0.006083,7.4545,1774036220253
gate,bybit,VANRYUSDT,0.005661,0.006083,7.4545,1774036220553
gate,bybit,VANRYUSDT,0.005661,0.006083,7.4545,1774036220853
gate,bybit,VANRYUSDT,0.005663,0.006083,7.4166,1774036221156
gate,bybit,VANRYUSDT,0.005662,0.006083,7.4355,1774036221456
gate,bybit,VANRYUSDT,0.005662,0.006083,7.4355,1774036221756
gate,bybit,VANRYUSDT,0.005662,0.006083,7.4355,1774036222056
gate,bybit,VANRYUSDT,0.005661,0.006083,7.4545,1774036222356
gate,bybit,VANRYUSDT,0.005661,0.006083,7.4545,1774036222656
gate,bybit,VANRYUSDT,0.005661,0.006083,7.4545,1774036222957
gate,bybit,VANRYUSDT,0.005662,0.006083,7.4355,1774036223257
gate,bybit,VANRYUSDT,0.005662,0.006083,7.4355,1774036223557
gate,bybit,VANRYUSDT,0.005662,0.006083,7.4355,1774036223858
gate,bybit,VANRYUSDT,0.005662,0.006083,7.4355,1774036224158
gate,bybit,VANRYUSDT,0.005662,0.006083,7.4355,1774036224458
gate,bybit,VANRYUSDT,0.005662,0.006083,7.4355,1774036224759
gate,bybit,VANRYUSDT,0.005662,0.006083,7.4355,1774036225059
gate,bybit,VANRYUSDT,0.005663,0.006083,7.4166,1774036225359
gate,bybit,VANRYUSDT,0.005663,0.006083,7.4166,1774036225659
gate,bybit,VANRYUSDT,0.005663,0.006083,7.4166,1774036225960
gate,bybit,VANRYUSDT,0.005663,0.006083,7.4166,1774036226261
gate,bybit,VANRYUSDT,0.005663,0.006083,7.4166,1774036226561
gate,bybit,VANRYUSDT,0.005662,0.006083,7.4355,1774036226862
gate,bybit,VANRYUSDT,0.005662,0.006083,7.4355,1774036227162
gate,bybit,VANRYUSDT,0.005662,0.006083,7.4355,1774036227462
gate,bybit,VANRYUSDT,0.005662,0.006083,7.4355,1774036227763
gate,bybit,VANRYUSDT,0.005662,0.006083,7.4355,1774036228063
gate,bybit,VANRYUSDT,0.005662,0.006083,7.4355,1774036228363
gate,bybit,VANRYUSDT,0.005662,0.006083,7.4355,1774036228663
gate,bybit,VANRYUSDT,0.005662,0.006083,7.4355,1774036228963
gate,bybit,VANRYUSDT,0.005662,0.006083,7.4355,1774036229264
gate,bybit,VANRYUSDT,0.005663,0.006085,7.4519,1774036229564
gate,bybit,VANRYUSDT,0.005663,0.006085,7.4519,1774036229864
gate,bybit,VANRYUSDT,0.005663,0.006085,7.4519,1774036230165
gate,bybit,VANRYUSDT,0.005663,0.006085,7.4519,1774036230466
gate,bybit,VANRYUSDT,0.005663,0.006085,7.4519,1774036230766
gate,bybit,VANRYUSDT,0.005663,0.006085,7.4519,1774036231066
gate,bybit,VANRYUSDT,0.005664,0.006085,7.4329,1774036231369
gate,bybit,VANRYUSDT,0.005664,0.006085,7.4329,1774036231669
gate,bybit,VANRYUSDT,0.005664,0.006085,7.4329,1774036231969
gate,bybit,VANRYUSDT,0.005664,0.006085,7.4329,1774036232270
gate,bybit,VANRYUSDT,0.005664,0.006085,7.4329,1774036232570
gate,bybit,VANRYUSDT,0.005664,0.006085,7.4329,1774036232870
gate,bybit,VANRYUSDT,0.005664,0.006085,7.4329,1774036233170
gate,bybit,VANRYUSDT,0.005664,0.006085,7.4329,1774036233471
gate,bybit,VANRYUSDT,0.005664,0.006085,7.4329,1774036233771
gate,bybit,VANRYUSDT,0.005664,0.006085,7.4329,1774036234072
gate,bybit,VANRYUSDT,0.005663,0.006084,7.4342,1774036234374
gate,bybit,VANRYUSDT,0.005661,0.006082,7.4368,1774036234674
gate,bybit,VANRYUSDT,0.00566,0.006082,7.4558,1774036234975
gate,bybit,VANRYUSDT,0.00566,0.006082,7.4558,1774036235275
gate,bybit,VANRYUSDT,0.005661,0.006082,7.4368,1774036235575
gate,bybit,VANRYUSDT,0.00566,0.006082,7.4558,1774036235875
gate,bybit,VANRYUSDT,0.00566,0.006082,7.4558,1774036236175
gate,bybit,VANRYUSDT,0.005662,0.006082,7.4179,1774036236477
gate,bybit,VANRYUSDT,0.005662,0.006082,7.4179,1774036236778
gate,bybit,VANRYUSDT,0.00566,0.006082,7.4558,1774036237078
gate,bybit,VANRYUSDT,0.00566,0.006082,7.4558,1774036237378
gate,bybit,VANRYUSDT,0.005661,0.006082,7.4368,1774036237681
gate,bybit,VANRYUSDT,0.005661,0.006082,7.4368,1774036237981
gate,bybit,VANRYUSDT,0.005661,0.006082,7.4368,1774036238281
gate,bybit,VANRYUSDT,0.005661,0.006082,7.4368,1774036238581
gate,bybit,VANRYUSDT,0.00566,0.00608,7.4205,1774036238881
gate,bybit,VANRYUSDT,0.00566,0.00608,7.4205,1774036239181
gate,bybit,VANRYUSDT,0.00566,0.00608,7.4205,1774036239481
gate,bybit,VANRYUSDT,0.00566,0.00608,7.4205,1774036239782
gate,bybit,VANRYUSDT,0.00566,0.00608,7.4205,1774036240082
gate,bybit,VANRYUSDT,0.00566,0.00608,7.4205,1774036240383
gate,bybit,VANRYUSDT,0.005663,0.006084,7.4342,1774036240683
gate,bybit,VANRYUSDT,0.005663,0.006084,7.4342,1774036240983
gate,bybit,VANRYUSDT,0.005663,0.006084,7.4342,1774036241283
gate,bybit,VANRYUSDT,0.005663,0.006084,7.4342,1774036241583
gate,bybit,VANRYUSDT,0.005663,0.006084,7.4342,1774036241884
gate,bybit,VANRYUSDT,0.005663,0.006084,7.4342,1774036242184
gate,bybit,VANRYUSDT,0.005663,0.006084,7.4342,1774036242485
gate,bybit,VANRYUSDT,0.005663,0.006084,7.4342,1774036242785
gate,bybit,VANRYUSDT,0.005663,0.006084,7.4342,1774036243086
gate,bybit,VANRYUSDT,0.005663,0.006084,7.4342,1774036243386
gate,bybit,VANRYUSDT,0.005663,0.006084,7.4342,1774036243686
gate,bybit,VANRYUSDT,0.005663,0.006084,7.4342,1774036243987
gate,bybit,VANRYUSDT,0.005663,0.006084,7.4342,1774036244287
gate,bybit,VANRYUSDT,0.005663,0.006084,7.4342,1774036244588
gate,bybit,VANRYUSDT,0.005663,0.006084,7.4342,1774036244889
gate,bybit,VANRYUSDT,0.005663,0.006084,7.4342,1774036245189
gate,bybit,VANRYUSDT,0.005663,0.006084,7.4342,1774036245489
gate,bybit,VANRYUSDT,0.005663,0.006084,7.4342,1774036245789
gate,bybit,VANRYUSDT,0.005663,0.006084,7.4342,1774036246089
gate,bybit,VANRYUSDT,0.005663,0.006084,7.4342,1774036246389
gate,bybit,VANRYUSDT,0.005663,0.006084,7.4342,1774036246689
gate,bybit,VANRYUSDT,0.005663,0.006084,7.4342,1774036246990
gate,bybit,VANRYUSDT,0.005663,0.006084,7.4342,1774036247290
gate,bybit,VANRYUSDT,0.005663,0.006084,7.4342,1774036247590
gate,bybit,VANRYUSDT,0.005663,0.006084,7.4342,1774036247891
gate,bybit,VANRYUSDT,0.005663,0.006084,7.4342,1774036248192
gate,bybit,VANRYUSDT,0.005663,0.006084,7.4342,1774036248492
gate,bybit,VANRYUSDT,0.005663,0.006084,7.4342,1774036248792
gate,bybit,VANRYUSDT,0.005663,0.006084,7.4342,1774036249093
gate,bybit,VANRYUSDT,0.005663,0.006084,7.4342,1774036249393
gate,bybit,VANRYUSDT,0.005663,0.006084,7.4342,1774036249693
gate,bybit,VANRYUSDT,0.005663,0.006084,7.4342,1774036249994
gate,bybit,VANRYUSDT,0.005663,0.006084,7.4342,1774036250294
gate,bybit,VANRYUSDT,0.005663,0.006084,7.4342,1774036250595
gate,bybit,VANRYUSDT,0.005663,0.006084,7.4342,1774036250895
gate,bybit,VANRYUSDT,0.005663,0.006084,7.4342,1774036251196
gate,bybit,VANRYUSDT,0.005663,0.006084,7.4342,1774036251496
gate,bybit,VANRYUSDT,0.005663,0.006084,7.4342,1774036251796
gate,bybit,VANRYUSDT,0.005663,0.006084,7.4342,1774036252096
gate,bybit,VANRYUSDT,0.005663,0.006084,7.4342,1774036252397
gate,bybit,VANRYUSDT,0.005663,0.006084,7.4342,1774036252697
gate,bybit,VANRYUSDT,0.005663,0.006084,7.4342,1774036252998
gate,bybit,VANRYUSDT,0.005663,0.006084,7.4342,1774036253298
gate,bybit,VANRYUSDT,0.005663,0.006084,7.4342,1774036253598
gate,bybit,VANRYUSDT,0.005663,0.006084,7.4342,1774036253898
gate,bybit,VANRYUSDT,0.005663,0.006084,7.4342,1774036254199
gate,bybit,VANRYUSDT,0.005663,0.006084,7.4342,1774036254499
gate,bybit,VANRYUSDT,0.005663,0.006084,7.4342,1774036254800
gate,bybit,VANRYUSDT,0.005663,0.006084,7.4342,1774036255100
gate,bybit,VANRYUSDT,0.005663,0.006084,7.4342,1774036255402
gate,bybit,VANRYUSDT,0.005663,0.006084,7.4342,1774036255702
gate,bybit,VANRYUSDT,0.005663,0.006084,7.4342,1774036256002
gate,bybit,VANRYUSDT,0.005663,0.006084,7.4342,1774036256302
gate,bybit,VANRYUSDT,0.005663,0.006084,7.4342,1774036256602
gate,bybit,VANRYUSDT,0.005663,0.006085,7.4519,1774036256902
gate,bybit,VANRYUSDT,0.005663,0.006086,7.4695,1774036257202
gate,bybit,VANRYUSDT,0.005663,0.006086,7.4695,1774036257503
gate,bybit,VANRYUSDT,0.005663,0.006086,7.4695,1774036257803
gate,bybit,VANRYUSDT,0.005663,0.006086,7.4695,1774036258103
gate,bybit,VANRYUSDT,0.005663,0.006086,7.4695,1774036258404
gate,bybit,VANRYUSDT,0.005663,0.006086,7.4695,1774036258705
gate,bybit,VANRYUSDT,0.005663,0.006086,7.4695,1774036259006
gate,bybit,VANRYUSDT,0.005663,0.006086,7.4695,1774036259307
gate,bybit,VANRYUSDT,0.005663,0.006086,7.4695,1774036259607
gate,bybit,VANRYUSDT,0.005663,0.006086,7.4695,1774036259908
gate,bybit,VANRYUSDT,0.005663,0.006085,7.4519,1774036260208
gate,bybit,VANRYUSDT,0.005663,0.006085,7.4519,1774036260509
gate,bybit,VANRYUSDT,0.005663,0.006085,7.4519,1774036260809
gate,bybit,VANRYUSDT,0.005663,0.006084,7.4342,1774036261109
gate,bybit,VANRYUSDT,0.005663,0.006084,7.4342,1774036261410
gate,bybit,VANRYUSDT,0.005662,0.006084,7.4532,1774036261710
gate,bybit,VANRYUSDT,0.005662,0.006085,7.4709,1774036262010
gate,bybit,VANRYUSDT,0.005662,0.006083,7.4355,1774036262310
gate,bybit,VANRYUSDT,0.005662,0.006083,7.4355,1774036262610
gate,bybit,VANRYUSDT,0.005662,0.006083,7.4355,1774036262911
gate,bybit,VANRYUSDT,0.005662,0.006083,7.4355,1774036263211
gate,bybit,VANRYUSDT,0.005662,0.006083,7.4355,1774036263512
gate,bybit,VANRYUSDT,0.005662,0.006083,7.4355,1774036263812
gate,bybit,VANRYUSDT,0.005662,0.006083,7.4355,1774036264112
gate,bybit,VANRYUSDT,0.005662,0.006082,7.4179,1774036264412
gate,bybit,VANRYUSDT,0.005662,0.006082,7.4179,1774036264713
gate,bybit,VANRYUSDT,0.005662,0.006082,7.4179,1774036265013
gate,bybit,VANRYUSDT,0.005662,0.006083,7.4355,1774036265313
gate,bybit,VANRYUSDT,0.005662,0.006083,7.4355,1774036265614
gate,bybit,VANRYUSDT,0.005662,0.006083,7.4355,1774036265914
gate,bybit,VANRYUSDT,0.005662,0.006083,7.4355,1774036266215
gate,bybit,VANRYUSDT,0.005662,0.006083,7.4355,1774036266515
gate,bybit,VANRYUSDT,0.005662,0.006083,7.4355,1774036266815
gate,bybit,VANRYUSDT,0.005662,0.006083,7.4355,1774036267115
gate,bybit,VANRYUSDT,0.005662,0.006083,7.4355,1774036267416
gate,bybit,VANRYUSDT,0.005662,0.006082,7.4179,1774036267716
gate,bybit,VANRYUSDT,0.005662,0.006082,7.4179,1774036268016
gate,bybit,VANRYUSDT,0.005662,0.006082,7.4179,1774036268317
gate,bybit,VANRYUSDT,0.005662,0.006082,7.4179,1774036268617
gate,bybit,VANRYUSDT,0.005662,0.006082,7.4179,1774036268917
gate,bybit,VANRYUSDT,0.005662,0.006082,7.4179,1774036269217
gate,bybit,VANRYUSDT,0.005662,0.006082,7.4179,1774036269517
gate,bybit,VANRYUSDT,0.005662,0.006082,7.4179,1774036269818
gate,bybit,VANRYUSDT,0.005662,0.006082,7.4179,1774036270118
gate,bybit,VANRYUSDT,0.005662,0.006083,7.4355,1774036270419
gate,bybit,VANRYUSDT,0.005662,0.006083,7.4355,1774036270719
gate,bybit,VANRYUSDT,0.005662,0.006083,7.4355,1774036271020
gate,bybit,VANRYUSDT,0.005662,0.006083,7.4355,1774036271321
gate,bybit,VANRYUSDT,0.005662,0.006083,7.4355,1774036271621
gate,bybit,VANRYUSDT,0.005662,0.006083,7.4355,1774036271921
gate,bybit,VANRYUSDT,0.005662,0.006083,7.4355,1774036272221
gate,bybit,VANRYUSDT,0.005662,0.006083,7.4355,1774036272521
gate,bybit,VANRYUSDT,0.005662,0.006083,7.4355,1774036272831
gate,bybit,VANRYUSDT,0.005662,0.006083,7.4355,1774036273131
gate,bybit,VANRYUSDT,0.00566,0.006082,7.4558,1774036273432
gate,bybit,VANRYUSDT,0.00566,0.006082,7.4558,1774036273732
gate,bybit,VANRYUSDT,0.00566,0.006082,7.4558,1774036274033
gate,bybit,VANRYUSDT,0.00566,0.006082,7.4558,1774036274333
gate,bybit,VANRYUSDT,0.00566,0.006082,7.4558,1774036274633
gate,bybit,VANRYUSDT,0.00566,0.006082,7.4558,1774036274933
gate,bybit,VANRYUSDT,0.00566,0.006082,7.4558,1774036275234
gate,bybit,VANRYUSDT,0.005661,0.006082,7.4368,1774036275534
gate,bybit,VANRYUSDT,0.005661,0.006082,7.4368,1774036275835
gate,bybit,VANRYUSDT,0.005661,0.006082,7.4368,1774036276135
gate,bybit,VANRYUSDT,0.005661,0.006082,7.4368,1774036276436
gate,bybit,VANRYUSDT,0.005661,0.006082,7.4368,1774036276736
gate,bybit,VANRYUSDT,0.005661,0.006082,7.4368,1774036277036
gate,bybit,VANRYUSDT,0.005661,0.006082,7.4368,1774036277336
gate,bybit,VANRYUSDT,0.005661,0.006082,7.4368,1774036277636
gate,bybit,VANRYUSDT,0.005661,0.006082,7.4368,1774036277936
gate,bybit,VANRYUSDT,0.005661,0.006082,7.4368,1774036278237
gate,bybit,VANRYUSDT,0.005661,0.006082,7.4368,1774036278537
gate,bybit,VANRYUSDT,0.005661,0.006082,7.4368,1774036278837
gate,bybit,VANRYUSDT,0.005661,0.006082,7.4368,1774036279137
gate,bybit,VANRYUSDT,0.005661,0.006082,7.4368,1774036279437
gate,bybit,VANRYUSDT,0.005661,0.006082,7.4368,1774036279738
gate,bybit,VANRYUSDT,0.005663,0.006084,7.4342,1774036280038
gate,bybit,VANRYUSDT,0.005663,0.006084,7.4342,1774036280338
gate,bybit,VANRYUSDT,0.005663,0.006084,7.4342,1774036280638
gate,bybit,VANRYUSDT,0.005663,0.006084,7.4342,1774036280939
gate,bybit,VANRYUSDT,0.005663,0.006084,7.4342,1774036281240
gate,bybit,VANRYUSDT,0.005663,0.006084,7.4342,1774036281540
gate,bybit,VANRYUSDT,0.005663,0.006084,7.4342,1774036281840
gate,bybit,VANRYUSDT,0.005663,0.006084,7.4342,1774036282141
gate,bybit,VANRYUSDT,0.005663,0.006084,7.4342,1774036282441
gate,bybit,VANRYUSDT,0.005663,0.006084,7.4342,1774036282741
gate,bybit,VANRYUSDT,0.005663,0.006084,7.4342,1774036283041
gate,bybit,VANRYUSDT,0.005663,0.006084,7.4342,1774036283341
gate,bybit,VANRYUSDT,0.005663,0.006084,7.4342,1774036283642
gate,bybit,VANRYUSDT,0.005662,0.006083,7.4355,1774036283944
gate,bybit,VANRYUSDT,0.00566,0.006082,7.4558,1774036284245
gate,bybit,VANRYUSDT,0.00566,0.006082,7.4558,1774036284546
gate,bybit,VANRYUSDT,0.00566,0.006082,7.4558,1774036284846
gate,bybit,VANRYUSDT,0.00566,0.006082,7.4558,1774036285146
gate,bybit,VANRYUSDT,0.00566,0.006082,7.4558,1774036285446
gate,bybit,VANRYUSDT,0.00566,0.006082,7.4558,1774036285746
gate,bybit,VANRYUSDT,0.00566,0.006082,7.4558,1774036286047
gate,bybit,VANRYUSDT,0.00566,0.006082,7.4558,1774036286347
gate,bybit,VANRYUSDT,0.00566,0.006082,7.4558,1774036286647
gate,bybit,VANRYUSDT,0.00566,0.006082,7.4558,1774036286947
gate,bybit,VANRYUSDT,0.00566,0.006082,7.4558,1774036287248
gate,bybit,VANRYUSDT,0.00566,0.006082,7.4558,1774036287548
gate,bybit,VANRYUSDT,0.00566,0.006082,7.4558,1774036287849
gate,bybit,VANRYUSDT,0.00566,0.006082,7.4558,1774036288149
gate,bybit,VANRYUSDT,0.00566,0.006082,7.4558,1774036288450
gate,bybit,VANRYUSDT,0.00566,0.006082,7.4558,1774036288750
gate,bybit,VANRYUSDT,0.00566,0.006082,7.4558,1774036289050
gate,bybit,VANRYUSDT,0.00566,0.006082,7.4558,1774036289350
gate,bybit,VANRYUSDT,0.00566,0.006082,7.4558,1774036289651
gate,bybit,VANRYUSDT,0.00566,0.006082,7.4558,1774036289951
gate,bybit,VANRYUSDT,0.00566,0.006082,7.4558,1774036290251
gate,bybit,VANRYUSDT,0.00566,0.006082,7.4558,1774036290551
gate,bybit,VANRYUSDT,0.00566,0.006082,7.4558,1774036290851
gate,bybit,VANRYUSDT,0.00566,0.006082,7.4558,1774036291152
gate,bybit,VANRYUSDT,0.00566,0.006082,7.4558,1774036291453
gate,bybit,VANRYUSDT,0.00566,0.006082,7.4558,1774036291753
gate,bybit,VANRYUSDT,0.00566,0.006082,7.4558,1774036292053
gate,bybit,VANRYUSDT,0.00566,0.006082,7.4558,1774036292353
gate,bybit,VANRYUSDT,0.00566,0.006082,7.4558,1774036292653
gate,bybit,VANRYUSDT,0.00566,0.006082,7.4558,1774036292953
gate,bybit,VANRYUSDT,0.00566,0.006082,7.4558,1774036293253
gate,bybit,VANRYUSDT,0.005659,0.00608,7.4395,1774036293554
gate,bybit,VANRYUSDT,0.005659,0.00608,7.4395,1774036293854
gate,bybit,VANRYUSDT,0.005659,0.00608,7.4395,1774036294154
gate,bybit,VANRYUSDT,0.005659,0.00608,7.4395,1774036294455
gate,bybit,VANRYUSDT,0.005659,0.00608,7.4395,1774036294755
gate,bybit,VANRYUSDT,0.005659,0.00608,7.4395,1774036295055
gate,bybit,VANRYUSDT,0.005659,0.00608,7.4395,1774036295356
gate,bybit,VANRYUSDT,0.005659,0.00608,7.4395,1774036295656
gate,bybit,VANRYUSDT,0.005659,0.00608,7.4395,1774036295956
gate,bybit,VANRYUSDT,0.005659,0.00608,7.4395,1774036296256
gate,bybit,VANRYUSDT,0.005659,0.00608,7.4395,1774036296557
gate,bybit,VANRYUSDT,0.005659,0.00608,7.4395,1774036296857
gate,bybit,VANRYUSDT,0.005659,0.00608,7.4395,1774036297157
gate,bybit,VANRYUSDT,0.005659,0.00608,7.4395,1774036297457
gate,bybit,VANRYUSDT,0.005659,0.00608,7.4395,1774036297757
gate,bybit,VANRYUSDT,0.005659,0.00608,7.4395,1774036298057
gate,bybit,VANRYUSDT,0.005659,0.00608,7.4395,1774036298357
gate,bybit,VANRYUSDT,0.005659,0.00608,7.4395,1774036298657
gate,bybit,VANRYUSDT,0.005659,0.00608,7.4395,1774036298958
gate,bybit,VANRYUSDT,0.005659,0.00608,7.4395,1774036299258
gate,bybit,VANRYUSDT,0.005659,0.00608,7.4395,1774036299559
gate,bybit,VANRYUSDT,0.005659,0.00608,7.4395,1774036299859
gate,bybit,VANRYUSDT,0.005659,0.00608,7.4395,1774036300160
gate,bybit,VANRYUSDT,0.005659,0.00608,7.4395,1774036300460
gate,bybit,VANRYUSDT,0.005659,0.00608,7.4395,1774036300760
gate,bybit,VANRYUSDT,0.005659,0.00608,7.4395,1774036301061
gate,bybit,VANRYUSDT,0.005659,0.00608,7.4395,1774036301361
gate,bybit,VANRYUSDT,0.005659,0.00608,7.4395,1774036301661
gate,bybit,VANRYUSDT,0.005659,0.00608,7.4395,1774036301961
gate,bybit,VANRYUSDT,0.005659,0.00608,7.4395,1774036302262
gate,bybit,VANRYUSDT,0.005657,0.006078,7.4421,1774036302562
gate,bybit,VANRYUSDT,0.005658,0.006079,7.4408,1774036302863
gate,bybit,VANRYUSDT,0.005658,0.006079,7.4408,1774036303163
gate,bybit,VANRYUSDT,0.005659,0.00608,7.4395,1774036303464
gate,bybit,VANRYUSDT,0.005659,0.00608,7.4395,1774036303764
gate,bybit,VANRYUSDT,0.00566,0.006082,7.4558,1774036304064
gate,bybit,VANRYUSDT,0.00566,0.006082,7.4558,1774036304365
gate,bybit,VANRYUSDT,0.00566,0.006083,7.4735,1774036304665
gate,bybit,VANRYUSDT,0.00566,0.006083,7.4735,1774036304965
gate,bybit,VANRYUSDT,0.00566,0.006083,7.4735,1774036305265
gate,bybit,VANRYUSDT,0.00566,0.006083,7.4735,1774036305565
gate,bybit,VANRYUSDT,0.00566,0.006083,7.4735,1774036305865
gate,bybit,VANRYUSDT,0.00566,0.006083,7.4735,1774036306165
gate,bybit,VANRYUSDT,0.00566,0.006083,7.4735,1774036306465
gate,bybit,VANRYUSDT,0.00566,0.006083,7.4735,1774036306766
gate,bybit,VANRYUSDT,0.00566,0.006083,7.4735,1774036307066
gate,bybit,VANRYUSDT,0.00566,0.006083,7.4735,1774036307367
gate,bybit,VANRYUSDT,0.00566,0.006083,7.4735,1774036307667
gate,bybit,VANRYUSDT,0.00566,0.006083,7.4735,1774036307967
gate,bybit,VANRYUSDT,0.00566,0.006083,7.4735,1774036308267
gate,bybit,VANRYUSDT,0.00566,0.006083,7.4735,1774036308568
gate,bybit,VANRYUSDT,0.00566,0.006083,7.4735,1774036308868
gate,bybit,VANRYUSDT,0.00566,0.006083,7.4735,1774036309168
gate,bybit,VANRYUSDT,0.00566,0.006083,7.4735,1774036309469
gate,bybit,VANRYUSDT,0.00566,0.006083,7.4735,1774036309769
gate,bybit,VANRYUSDT,0.00566,0.006083,7.4735,1774036310069
gate,bybit,VANRYUSDT,0.00566,0.006083,7.4735,1774036310369
gate,bybit,VANRYUSDT,0.00566,0.006083,7.4735,1774036310669
gate,bybit,VANRYUSDT,0.00566,0.006083,7.4735,1774036310970
gate,bybit,VANRYUSDT,0.00566,0.006083,7.4735,1774036311270
gate,bybit,VANRYUSDT,0.00566,0.006083,7.4735,1774036311570
gate,bybit,VANRYUSDT,0.00566,0.006083,7.4735,1774036311870
gate,bybit,VANRYUSDT,0.00566,0.006083,7.4735,1774036312170
gate,bybit,VANRYUSDT,0.00566,0.006083,7.4735,1774036312470
gate,bybit,VANRYUSDT,0.00566,0.006083,7.4735,1774036312770
gate,bybit,VANRYUSDT,0.00566,0.006083,7.4735,1774036313070
gate,bybit,VANRYUSDT,0.00566,0.006083,7.4735,1774036313371
gate,bybit,VANRYUSDT,0.00566,0.006083,7.4735,1774036313671
gate,bybit,VANRYUSDT,0.00566,0.006083,7.4735,1774036313971
gate,bybit,VANRYUSDT,0.00566,0.006083,7.4735,1774036314271
gate,bybit,VANRYUSDT,0.00566,0.006083,7.4735,1774036314577
gate,bybit,VANRYUSDT,0.00566,0.006083,7.4735,1774036314877
gate,bybit,VANRYUSDT,0.00566,0.006083,7.4735,1774036315178
gate,bybit,VANRYUSDT,0.00566,0.006083,7.4735,1774036315478
gate,bybit,VANRYUSDT,0.00566,0.006083,7.4735,1774036315778
gate,bybit,VANRYUSDT,0.00566,0.006083,7.4735,1774036316079
gate,bybit,VANRYUSDT,0.00566,0.006083,7.4735,1774036316379
gate,bybit,VANRYUSDT,0.00566,0.006083,7.4735,1774036316679
gate,bybit,VANRYUSDT,0.00566,0.006083,7.4735,1774036316979
gate,bybit,VANRYUSDT,0.00566,0.006083,7.4735,1774036317281
gate,bybit,VANRYUSDT,0.00566,0.006083,7.4735,1774036317581
gate,bybit,VANRYUSDT,0.00566,0.006083,7.4735,1774036317882
gate,bybit,VANRYUSDT,0.00566,0.006083,7.4735,1774036318183
gate,bybit,VANRYUSDT,0.00566,0.006083,7.4735,1774036318483
gate,bybit,VANRYUSDT,0.00566,0.006083,7.4735,1774036318784
gate,bybit,VANRYUSDT,0.00566,0.006083,7.4735,1774036319084
gate,bybit,VANRYUSDT,0.00566,0.006083,7.4735,1774036319384
gate,bybit,VANRYUSDT,0.00566,0.006083,7.4735,1774036319684
gate,bybit,VANRYUSDT,0.00566,0.006083,7.4735,1774036319984
gate,bybit,VANRYUSDT,0.00566,0.006083,7.4735,1774036320285
gate,bybit,VANRYUSDT,0.00566,0.006083,7.4735,1774036320585
gate,bybit,VANRYUSDT,0.00566,0.006083,7.4735,1774036320885
gate,bybit,VANRYUSDT,0.005661,0.006085,7.4898,1774036321186
gate,bybit,VANRYUSDT,0.005661,0.006085,7.4898,1774036321486
gate,bybit,VANRYUSDT,0.005661,0.006085,7.4898,1774036321787
gate,bybit,VANRYUSDT,0.005661,0.006085,7.4898,1774036322087
gate,bybit,VANRYUSDT,0.005661,0.006085,7.4898,1774036322387
gate,bybit,VANRYUSDT,0.005661,0.006085,7.4898,1774036322688
gate,bybit,VANRYUSDT,0.005663,0.006085,7.4519,1774036322988
gate,bybit,VANRYUSDT,0.005663,0.006085,7.4519,1774036323288
gate,bybit,VANRYUSDT,0.005663,0.006085,7.4519,1774036323589
gate,bybit,VANRYUSDT,0.005662,0.006085,7.4709,1774036323890
gate,bybit,VANRYUSDT,0.005663,0.006085,7.4519,1774036324190
gate,bybit,VANRYUSDT,0.005661,0.006085,7.4898,1774036324490
gate,bybit,VANRYUSDT,0.005661,0.006085,7.4898,1774036324791
gate,bybit,VANRYUSDT,0.005662,0.006085,7.4709,1774036325091
gate,bybit,VANRYUSDT,0.005662,0.006085,7.4709,1774036325392
gate,bybit,VANRYUSDT,0.005662,0.006085,7.4709,1774036325693
gate,bybit,VANRYUSDT,0.005662,0.006085,7.4709,1774036325993
gate,bybit,VANRYUSDT,0.005662,0.006085,7.4709,1774036326293
gate,bybit,VANRYUSDT,0.005662,0.006085,7.4709,1774036326593
gate,bybit,VANRYUSDT,0.005661,0.006085,7.4898,1774036326895
gate,bybit,VANRYUSDT,0.005661,0.006085,7.4898,1774036327195
gate,bybit,VANRYUSDT,0.005661,0.006085,7.4898,1774036327496
gate,bybit,VANRYUSDT,0.005661,0.006085,7.4898,1774036327796
gate,bybit,VANRYUSDT,0.005661,0.006085,7.4898,1774036328097
gate,bybit,VANRYUSDT,0.005661,0.006085,7.4898,1774036328397
gate,bybit,VANRYUSDT,0.005661,0.006085,7.4898,1774036328697
gate,bybit,VANRYUSDT,0.005661,0.006085,7.4898,1774036328997
gate,bybit,VANRYUSDT,0.00566,0.006085,7.5088,1774036329297
gate,bybit,VANRYUSDT,0.00566,0.006085,7.5088,1774036329597
gate,bybit,VANRYUSDT,0.00566,0.006085,7.5088,1774036329898
gate,bybit,VANRYUSDT,0.00566,0.006085,7.5088,1774036330198
gate,bybit,VANRYUSDT,0.00566,0.006085,7.5088,1774036330498
gate,bybit,VANRYUSDT,0.00566,0.006085,7.5088,1774036330798
gate,bybit,VANRYUSDT,0.005661,0.006085,7.4898,1774036331098
gate,bybit,VANRYUSDT,0.00566,0.006085,7.5088,1774036331398
gate,bybit,VANRYUSDT,0.00566,0.006085,7.5088,1774036331699
gate,bybit,VANRYUSDT,0.00566,0.006085,7.5088,1774036331999
gate,bybit,VANRYUSDT,0.005661,0.006085,7.4898,1774036332299
gate,bybit,VANRYUSDT,0.005661,0.006085,7.4898,1774036332599
gate,bybit,VANRYUSDT,0.005661,0.006085,7.4898,1774036332899
gate,bybit,VANRYUSDT,0.00566,0.006085,7.5088,1774036333200
gate,bybit,VANRYUSDT,0.00566,0.006085,7.5088,1774036333500
gate,bybit,VANRYUSDT,0.00566,0.006085,7.5088,1774036333800
gate,bybit,VANRYUSDT,0.00566,0.006085,7.5088,1774036334101
gate,bybit,VANRYUSDT,0.00566,0.006085,7.5088,1774036334401
gate,bybit,VANRYUSDT,0.00566,0.006085,7.5088,1774036334701
gate,bybit,VANRYUSDT,0.00566,0.006085,7.5088,1774036335001
gate,bybit,VANRYUSDT,0.00566,0.006085,7.5088,1774036335302
gate,bybit,VANRYUSDT,0.00566,0.006085,7.5088,1774036335602
gate,bybit,VANRYUSDT,0.00566,0.006085,7.5088,1774036335903
gate,bybit,VANRYUSDT,0.00566,0.006085,7.5088,1774036336203
gate,bybit,VANRYUSDT,0.00566,0.006085,7.5088,1774036336503
gate,bybit,VANRYUSDT,0.00566,0.006085,7.5088,1774036336804
gate,bybit,VANRYUSDT,0.00566,0.006085,7.5088,1774036337104
gate,bybit,VANRYUSDT,0.00566,0.006085,7.5088,1774036337404
gate,bybit,VANRYUSDT,0.00566,0.006085,7.5088,1774036337704
gate,bybit,VANRYUSDT,0.00566,0.006085,7.5088,1774036338005
gate,bybit,VANRYUSDT,0.00566,0.006085,7.5088,1774036338305
gate,bybit,VANRYUSDT,0.00566,0.006085,7.5088,1774036338606
gate,bybit,VANRYUSDT,0.00566,0.006085,7.5088,1774036338906
gate,bybit,VANRYUSDT,0.00566,0.006085,7.5088,1774036339206
gate,bybit,VANRYUSDT,0.00566,0.006085,7.5088,1774036339507
gate,bybit,VANRYUSDT,0.00566,0.006085,7.5088,1774036339807
gate,bybit,VANRYUSDT,0.00566,0.006085,7.5088,1774036340107
gate,bybit,VANRYUSDT,0.00566,0.006085,7.5088,1774036340407
gate,bybit,VANRYUSDT,0.00566,0.006085,7.5088,1774036340707
gate,bybit,VANRYUSDT,0.00566,0.006085,7.5088,1774036341008
gate,bybit,VANRYUSDT,0.00566,0.006085,7.5088,1774036341308
gate,bybit,VANRYUSDT,0.00566,0.006085,7.5088,1774036341609
gate,bybit,VANRYUSDT,0.00566,0.006085,7.5088,1774036341909
gate,bybit,VANRYUSDT,0.00566,0.006085,7.5088,1774036342209
gate,bybit,VANRYUSDT,0.00566,0.006085,7.5088,1774036342510
gate,bybit,VANRYUSDT,0.00566,0.006085,7.5088,1774036342810
gate,bybit,VANRYUSDT,0.00566,0.006085,7.5088,1774036343111
gate,bybit,VANRYUSDT,0.00566,0.006085,7.5088,1774036343411
gate,bybit,VANRYUSDT,0.00566,0.006085,7.5088,1774036343711
gate,bybit,VANRYUSDT,0.00566,0.006085,7.5088,1774036344012
gate,bybit,VANRYUSDT,0.00566,0.006085,7.5088,1774036344313
gate,bybit,VANRYUSDT,0.00566,0.006085,7.5088,1774036344613
gate,bybit,VANRYUSDT,0.00566,0.006085,7.5088,1774036344914
gate,bybit,VANRYUSDT,0.00566,0.006085,7.5088,1774036345214
gate,bybit,VANRYUSDT,0.00566,0.006085,7.5088,1774036345514
gate,bybit,VANRYUSDT,0.00566,0.006085,7.5088,1774036345814
gate,bybit,VANRYUSDT,0.00566,0.006085,7.5088,1774036346114
gate,bybit,VANRYUSDT,0.00566,0.006085,7.5088,1774036346415
gate,bybit,VANRYUSDT,0.00566,0.006085,7.5088,1774036346715
gate,bybit,VANRYUSDT,0.00566,0.006085,7.5088,1774036347016
gate,bybit,VANRYUSDT,0.00566,0.006085,7.5088,1774036347317
gate,bybit,VANRYUSDT,0.00566,0.006085,7.5088,1774036347617
gate,bybit,VANRYUSDT,0.00566,0.006085,7.5088,1774036347917
gate,bybit,VANRYUSDT,0.00566,0.006085,7.5088,1774036348217
gate,bybit,VANRYUSDT,0.00566,0.006085,7.5088,1774036348517
gate,bybit,VANRYUSDT,0.00566,0.006085,7.5088,1774036348818
gate,bybit,VANRYUSDT,0.00566,0.006085,7.5088,1774036349118
gate,bybit,VANRYUSDT,0.00566,0.006085,7.5088,1774036349418
gate,bybit,VANRYUSDT,0.00566,0.006085,7.5088,1774036349719
gate,bybit,VANRYUSDT,0.00566,0.006085,7.5088,1774036350020
gate,bybit,VANRYUSDT,0.00566,0.006085,7.5088,1774036350321
gate,bybit,VANRYUSDT,0.00566,0.006085,7.5088,1774036350621
gate,bybit,VANRYUSDT,0.00566,0.006085,7.5088,1774036350921
gate,bybit,VANRYUSDT,0.00566,0.006085,7.5088,1774036351221
gate,bybit,VANRYUSDT,0.00566,0.006085,7.5088,1774036351521
gate,bybit,VANRYUSDT,0.00566,0.006085,7.5088,1774036351822
gate,bybit,VANRYUSDT,0.00566,0.006085,7.5088,1774036352122
gate,bybit,VANRYUSDT,0.00566,0.006085,7.5088,1774036352423
gate,bybit,VANRYUSDT,0.00566,0.006085,7.5088,1774036352723
gate,bybit,VANRYUSDT,0.00566,0.006085,7.5088,1774036353024
gate,bybit,VANRYUSDT,0.005658,0.006085,7.5468,1774036353330
gate,bybit,VANRYUSDT,0.005658,0.006085,7.5468,1774036353631
gate,bybit,VANRYUSDT,0.005658,0.006085,7.5468,1774036353931
gate,bybit,VANRYUSDT,0.005658,0.006085,7.5468,1774036354231
gate,bybit,VANRYUSDT,0.005658,0.006085,7.5468,1774036354531
gate,bybit,VANRYUSDT,0.005658,0.006085,7.5468,1774036354832
gate,bybit,VANRYUSDT,0.005658,0.006085,7.5468,1774036355132
gate,bybit,VANRYUSDT,0.005658,0.006085,7.5468,1774036355432
gate,bybit,VANRYUSDT,0.005658,0.006085,7.5468,1774036355732
gate,bybit,VANRYUSDT,0.005658,0.006085,7.5468,1774036356033
gate,bybit,VANRYUSDT,0.005658,0.006085,7.5468,1774036356333
gate,bybit,VANRYUSDT,0.005658,0.006085,7.5468,1774036356634
gate,bybit,VANRYUSDT,0.005658,0.006085,7.5468,1774036356934
gate,bybit,VANRYUSDT,0.005658,0.006085,7.5468,1774036357235
gate,bybit,VANRYUSDT,0.005658,0.006085,7.5468,1774036357535
gate,bybit,VANRYUSDT,0.005659,0.006085,7.5278,1774036357839
gate,bybit,VANRYUSDT,0.005659,0.006085,7.5278,1774036358140
gate,bybit,VANRYUSDT,0.005659,0.006085,7.5278,1774036358440
gate,bybit,VANRYUSDT,0.005659,0.006085,7.5278,1774036358740
gate,bybit,VANRYUSDT,0.005659,0.006085,7.5278,1774036359040
gate,bybit,VANRYUSDT,0.005659,0.006085,7.5278,1774036359340
gate,bybit,VANRYUSDT,0.005659,0.006085,7.5278,1774036359641
gate,bybit,VANRYUSDT,0.005659,0.006085,7.5278,1774036359941
gate,bybit,VANRYUSDT,0.005659,0.006085,7.5278,1774036360241
gate,bybit,VANRYUSDT,0.005659,0.006085,7.5278,1774036360542
gate,bybit,VANRYUSDT,0.005659,0.006085,7.5278,1774036360842
gate,bybit,VANRYUSDT,0.005659,0.006085,7.5278,1774036361142
gate,bybit,VANRYUSDT,0.005659,0.006085,7.5278,1774036361442
gate,bybit,VANRYUSDT,0.005659,0.006085,7.5278,1774036361743
gate,bybit,VANRYUSDT,0.005659,0.006085,7.5278,1774036362043
gate,bybit,VANRYUSDT,0.005659,0.006085,7.5278,1774036362344
gate,bybit,VANRYUSDT,0.005659,0.006085,7.5278,1774036362644
gate,bybit,VANRYUSDT,0.005659,0.006085,7.5278,1774036362944
gate,bybit,VANRYUSDT,0.005659,0.006085,7.5278,1774036363244
gate,bybit,VANRYUSDT,0.005659,0.006085,7.5278,1774036363544
gate,bybit,VANRYUSDT,0.005659,0.006085,7.5278,1774036363845
gate,bybit,VANRYUSDT,0.005659,0.006085,7.5278,1774036364145
gate,bybit,VANRYUSDT,0.005659,0.006085,7.5278,1774036364446
gate,bybit,VANRYUSDT,0.005659,0.006085,7.5278,1774036364746
gate,bybit,VANRYUSDT,0.005659,0.006085,7.5278,1774036365046
gate,bybit,VANRYUSDT,0.005659,0.006085,7.5278,1774036365348
gate,bybit,VANRYUSDT,0.005659,0.006085,7.5278,1774036365648
gate,bybit,VANRYUSDT,0.005659,0.006085,7.5278,1774036365948
gate,bybit,VANRYUSDT,0.005659,0.006085,7.5278,1774036366249
gate,bybit,VANRYUSDT,0.005659,0.006085,7.5278,1774036366549
gate,bybit,VANRYUSDT,0.005659,0.006085,7.5278,1774036366849
gate,bybit,VANRYUSDT,0.005659,0.006085,7.5278,1774036367149
gate,bybit,VANRYUSDT,0.005659,0.006085,7.5278,1774036367450
gate,bybit,VANRYUSDT,0.005659,0.006085,7.5278,1774036367750
gate,bybit,VANRYUSDT,0.005659,0.006085,7.5278,1774036368051
gate,bybit,VANRYUSDT,0.005659,0.006085,7.5278,1774036368351
gate,bybit,VANRYUSDT,0.005659,0.006085,7.5278,1774036368651
gate,bybit,VANRYUSDT,0.005659,0.006085,7.5278,1774036368951
gate,bybit,VANRYUSDT,0.005659,0.006085,7.5278,1774036369252
gate,bybit,VANRYUSDT,0.005659,0.006085,7.5278,1774036369552
gate,bybit,VANRYUSDT,0.005659,0.006085,7.5278,1774036369852
gate,bybit,VANRYUSDT,0.005659,0.006085,7.5278,1774036370152
gate,bybit,VANRYUSDT,0.005659,0.006085,7.5278,1774036370452
gate,bybit,VANRYUSDT,0.005659,0.006085,7.5278,1774036370752
gate,bybit,VANRYUSDT,0.005659,0.006085,7.5278,1774036371053
gate,bybit,VANRYUSDT,0.005659,0.006085,7.5278,1774036371353
