spot_exch,fut_exch,symbol,ask_spot,bid_futures,spread_pct,ts,bn_fr,bn_fr_next,bn_fr_time,bb_fr,bb_fr_next,bb_fr_time,ok_fr,ok_fr_next,ok_fr_time,gt_fr,gt_fr_next,gt_fr_time,s_b1,s_b2,s_b3,s_b4,s_b5,s_b6,s_b7,s_b8,s_b9,s_b10,s_bq1,s_bq2,s_bq3,s_bq4,s_bq5,s_bq6,s_bq7,s_bq8,s_bq9,s_bq10,s_a1,s_a2,s_a3,s_a4,s_a5,s_a6,s_a7,s_a8,s_a9,s_a10,s_aq1,s_aq2,s_aq3,s_aq4,s_aq5,s_aq6,s_aq7,s_aq8,s_aq9,s_aq10,f_b1,f_b2,f_b3,f_b4,f_b5,f_b6,f_b7,f_b8,f_b9,f_b10,f_bq1,f_bq2,f_bq3,f_bq4,f_bq5,f_bq6,f_bq7,f_bq8,f_bq9,f_bq10,f_a1,f_a2,f_a3,f_a4,f_a5,f_a6,f_a7,f_a8,f_a9,f_a10,f_aq1,f_aq2,f_aq3,f_aq4,f_aq5,f_aq6,f_aq7,f_aq8,f_aq9,f_aq10
binance,gate,FUNUSDT,0.00140300,0.03139,2137.3485,1774061220000,,,,,,,,,,0.00005,0.00005,,0.00140000,18933.00000000,0.00139900,53346.00000000,0.00139800,439342.00000000,0.00139700,591982.00000000,0.00139600,50110.00000000,0.00139500,47985.00000000,0.00139400,595953.00000000,0.00139300,251518.00000000,0.00139200,259970.00000000,0.00139100,783586.00000000,0.00140300,433343.00000000,0.00140400,496471.00000000,0.00140500,605272.00000000,0.00140600,14914414.00000000,0.00140700,1207739.00000000,0.00140900,390046.00000000,0.00141000,1766886.00000000,0.00141100,198647.00000000,0.00141200,225043.00000000,0.00141300,824456.00000000,0.03138,14,0.03137,254,0.03135,15,0.03134,167,0.03132,14,0.03131,167,0.03129,15,0.03128,167,0.03126,14,0.03125,167,0.03144,14,0.03145,14,0.03146,167,0.03148,15,0.03149,181,0.0315,67,0.03151,50,0.03152,182,0.03154,15,0.03156,167
binance,gate,FUNUSDT,0.00140300,0.03139,2137.3485,1774061230000,,,,,,,,,,,,,0.00140000,102399.00000000,0.00139900,53346.00000000,0.00139800,439342.00000000,0.00139700,591982.00000000,0.00139600,50110.00000000,0.00139500,47985.00000000,0.00139400,595953.00000000,0.00139300,251518.00000000,0.00139200,259970.00000000,0.00139100,783586.00000000,0.00140300,433343.00000000,0.00140400,496471.00000000,0.00140500,605272.00000000,0.00140600,14914414.00000000,0.00140700,1207739.00000000,0.00140900,390046.00000000,0.00141000,1766886.00000000,0.00141100,198647.00000000,0.00141200,225043.00000000,0.00141300,824456.00000000,0.0314,14,0.03139,14,0.03138,14,0.03137,254,0.03135,15,0.03134,167,0.03132,14,0.03131,167,0.03129,15,0.03128,167,0.03145,14,0.03146,167,0.03148,15,0.03149,181,0.0315,67,0.03151,50,0.03152,182,0.03154,15,0.03156,167,0.03158,15
binance,gate,FUNUSDT,0.00140300,0.0314,2138.0613,1774061239000,,,,,,,,,,,,,0.00140000,441032.00000000,0.00139900,53346.00000000,0.00139800,439342.00000000,0.00139700,591982.00000000,0.00139600,50110.00000000,0.00139500,47985.00000000,0.00139400,595953.00000000,0.00139300,251518.00000000,0.00139200,259970.00000000,0.00139100,734687.00000000,0.00140300,433343.00000000,0.00140400,496471.00000000,0.00140500,605272.00000000,0.00140600,14914414.00000000,0.00140700,1207739.00000000,0.00140900,390046.00000000,0.00141000,1766886.00000000,0.00141100,198647.00000000,0.00141200,225043.00000000,0.00141300,824456.00000000,0.0314,14,0.03139,44,0.03138,14,0.03137,254,0.03135,15,0.03134,167,0.03132,14,0.03131,167,0.03129,15,0.03128,167,0.03147,14,0.03148,16,0.03149,181,0.0315,14,0.03151,50,0.03152,235,0.03154,15,0.03156,167,0.03158,15,0.03159,182
binance,gate,FUNUSDT,0.00140300,0.0314,2138.0613,1774061254000,,,,,,,,,,,,,0.00140100,48634.00000000,0.00140000,346570.00000000,0.00139900,53346.00000000,0.00139800,439342.00000000,0.00139700,591982.00000000,0.00139600,50110.00000000,0.00139500,47985.00000000,0.00139400,595953.00000000,0.00139300,251518.00000000,0.00139200,211974.00000000,0.00140300,412329.00000000,0.00140400,496471.00000000,0.00140500,605272.00000000,0.00140600,14914414.00000000,0.00140700,1207739.00000000,0.00140900,390046.00000000,0.00141000,1766886.00000000,0.00141100,198647.00000000,0.00141200,225043.00000000,0.00141300,824456.00000000,0.0314,14,0.03139,44,0.03138,14,0.03137,181,0.03135,15,0.03134,167,0.03133,73,0.03132,14,0.03131,167,0.03129,15,0.03146,14,0.03147,14,0.03148,68,0.03149,181,0.0315,14,0.03151,50,0.03152,182,0.03154,15,0.03156,167,0.03158,15
binance,gate,FUNUSDT,0.00140300,0.0314,2138.0613,1774061263000,,,,,,,,,,,,,0.00140100,114901.00000000,0.00140000,346570.00000000,0.00139900,53346.00000000,0.00139800,439342.00000000,0.00139700,591982.00000000,0.00139600,50110.00000000,0.00139500,47985.00000000,0.00139400,595953.00000000,0.00139300,251518.00000000,0.00139200,211974.00000000,0.00140300,412329.00000000,0.00140400,496471.00000000,0.00140500,605272.00000000,0.00140600,14914414.00000000,0.00140700,1207739.00000000,0.00140900,390046.00000000,0.00141000,1766886.00000000,0.00141100,198647.00000000,0.00141200,225043.00000000,0.00141300,824456.00000000,0.0314,14,0.03139,44,0.03138,14,0.03137,254,0.03135,15,0.03134,167,0.03132,14,0.03131,167,0.03129,15,0.03128,167,0.03147,14,0.03148,16,0.03149,181,0.0315,14,0.03151,103,0.03152,182,0.03154,15,0.03156,167,0.03158,15,0.03159,182
binance,gate,FUNUSDT,0.00140300,0.03141,2138.7741,1774061275000,,,,,,,,,,,,,0.00140100,3864.00000000,0.00140000,543077.00000000,0.00139900,339264.00000000,0.00139800,229601.00000000,0.00139700,591982.00000000,0.00139600,50110.00000000,0.00139500,47985.00000000,0.00139400,595953.00000000,0.00139300,52446.00000000,0.00139200,254990.00000000,0.00140300,412329.00000000,0.00140400,496471.00000000,0.00140500,605272.00000000,0.00140600,14914414.00000000,0.00140700,1207739.00000000,0.00140900,390046.00000000,0.00141000,1766886.00000000,0.00141100,198647.00000000,0.00141200,225043.00000000,0.00141300,824456.00000000,0.03141,15,0.0314,87,0.03139,14,0.03138,14,0.03137,181,0.03135,15,0.03134,167,0.03132,14,0.03131,167,0.03129,15,0.03147,15,0.03148,15,0.03149,181,0.0315,14,0.03151,50,0.03152,235,0.03154,15,0.03156,167,0.03158,15,0.03159,182
binance,gate,FUNUSDT,0.00140300,0.03141,2138.7741,1774061291000,,,,,,,,,,,,,0.00140100,451482.00000000,0.00140000,598840.00000000,0.00139900,53346.00000000,0.00139800,269739.00000000,0.00139700,591982.00000000,0.00139600,50110.00000000,0.00139500,47985.00000000,0.00139400,595953.00000000,0.00139300,52446.00000000,0.00139200,254990.00000000,0.00140300,412329.00000000,0.00140400,496471.00000000,0.00140500,605272.00000000,0.00140600,14914414.00000000,0.00140700,1207739.00000000,0.00140900,390046.00000000,0.00141000,1766886.00000000,0.00141100,198647.00000000,0.00141200,225043.00000000,0.00141300,824456.00000000,0.03141,15,0.0314,167,0.03139,73,0.03138,14,0.03137,181,0.03135,15,0.03134,167,0.03132,14,0.03131,167,0.03129,15,0.03148,15,0.03149,181,0.0315,14,0.03151,50,0.03152,235,0.03154,15,0.03156,167,0.03158,15,0.03159,182,0.03162,167
binance,gate,FUNUSDT,0.00140300,0.03141,2138.7741,1774061344000,,,,,,,,,,,,,0.00140100,440221.00000000,0.00140000,598840.00000000,0.00139900,53346.00000000,0.00139800,269739.00000000,0.00139700,591982.00000000,0.00139600,50110.00000000,0.00139500,47985.00000000,0.00139400,595953.00000000,0.00139300,736564.00000000,0.00139200,254990.00000000,0.00140300,534480.00000000,0.00140400,496471.00000000,0.00140500,605272.00000000,0.00140600,14914414.00000000,0.00140700,1207739.00000000,0.00140900,390046.00000000,0.00141000,1766886.00000000,0.00141100,198647.00000000,0.00141200,225043.00000000,0.00141300,824456.00000000,0.03141,15,0.0314,240,0.03139,14,0.03138,14,0.03137,181,0.03135,15,0.03134,167,0.03132,14,0.03131,167,0.03129,15,0.03147,14,0.03148,16,0.03149,181,0.0315,14,0.03151,50,0.03152,235,0.03154,15,0.03156,167,0.03158,15,0.03159,182
binance,gate,FUNUSDT,0.00140300,0.03141,2138.7741,1774061372000,,,,,,,,,,,,,0.00140000,7937.00000000,0.00139900,53346.00000000,0.00139800,229601.00000000,0.00139700,591982.00000000,0.00139600,50110.00000000,0.00139500,47985.00000000,0.00139400,595953.00000000,0.00139300,52446.00000000,0.00139200,254990.00000000,0.00139100,783347.00000000,0.00140300,523666.00000000,0.00140400,496471.00000000,0.00140500,605272.00000000,0.00140600,14914414.00000000,0.00140700,1207739.00000000,0.00140900,390046.00000000,0.00141000,1766886.00000000,0.00141100,198647.00000000,0.00141200,225043.00000000,0.00141300,824456.00000000,0.03141,15,0.0314,167,0.03139,87,0.03138,14,0.03137,181,0.03135,15,0.03134,167,0.03132,14,0.03131,167,0.03129,15,0.03148,15,0.03149,181,0.0315,14,0.03151,50,0.03152,235,0.03154,15,0.03156,167,0.03158,15,0.03159,182,0.03162,167
binance,gate,FUNUSDT,0.00140400,0.03144,2139.3162,1774061426000,,,,,,,,,,,,,0.00140200,185150.00000000,0.00140100,587713.00000000,0.00140000,334374.00000000,0.00139900,53346.00000000,0.00139800,265060.00000000,0.00139700,591982.00000000,0.00139600,50110.00000000,0.00139500,722882.00000000,0.00139400,595953.00000000,0.00139300,251518.00000000,0.00140400,71225.00000000,0.00140500,1178444.00000000,0.00140600,15123495.00000000,0.00140700,996547.00000000,0.00140900,390046.00000000,0.00141000,1567316.00000000,0.00141100,198647.00000000,0.00141200,225043.00000000,0.00141300,824456.00000000,0.00141400,202759.00000000,0.03144,14,0.03143,167,0.03142,73,0.03141,15,0.0314,167,0.03138,14,0.03137,181,0.03135,15,0.03134,167,0.03132,14,0.03151,15,0.03152,182,0.03154,15,0.03155,102,0.03156,167,0.03158,15,0.03159,182,0.03162,167,0.03163,15,0.03166,167
binance,gate,FUNUSDT,0.00140500,0.03135,2131.3167,1774061614000,,,,,,,,,,,,,0.00140200,230235.00000000,0.00140100,587713.00000000,0.00140000,48660.00000000,0.00139900,271794.00000000,0.00139800,52894.00000000,0.00139700,591982.00000000,0.00139600,50110.00000000,0.00139500,47985.00000000,0.00139400,1500289.00000000,0.00139300,203522.00000000,0.00140500,822690.00000000,0.00140600,15558170.00000000,0.00140700,542626.00000000,0.00140900,390046.00000000,0.00141000,1567316.00000000,0.00141100,652568.00000000,0.00141200,225043.00000000,0.00141300,824456.00000000,0.00141400,202759.00000000,0.00141500,2311188.00000000,0.03135,15,0.03134,167,0.03132,15,0.03131,167,0.0313,62,0.03129,15,0.03128,167,0.03126,14,0.03125,167,0.03123,14,0.03141,15,0.03142,15,0.03143,245,0.03145,15,0.03146,182,0.03148,15,0.03149,182,0.03151,15,0.03152,182,0.03155,14
binance,gate,FUNUSDT,0.00140400,0.03135,2132.906,1774061724000,,,,,,,,,,,,,0.00140200,177843.00000000,0.00140100,587713.00000000,0.00140000,48660.00000000,0.00139900,269564.00000000,0.00139800,52894.00000000,0.00139700,591982.00000000,0.00139600,50110.00000000,0.00139500,47985.00000000,0.00139400,1500289.00000000,0.00139300,252201.00000000,0.00140400,206832.00000000,0.00140500,552997.00000000,0.00140600,15558170.00000000,0.00140700,542626.00000000,0.00140900,390046.00000000,0.00141000,1567316.00000000,0.00141100,652568.00000000,0.00141200,225043.00000000,0.00141300,824456.00000000,0.00141400,202759.00000000,0.03132,15,0.03131,167,0.03129,15,0.03128,167,0.03126,14,0.03125,167,0.03123,14,0.03122,167,0.0312,14,0.03119,182,0.0314,167,0.03142,79,0.03143,182,0.03145,15,0.03146,182,0.03148,15,0.03149,182,0.03151,15,0.03152,182,0.03155,14
binance,gate,FUNUSDT,0.00140400,0.03132,2130.7692,1774061922000,,,,,,,,,,,,,0.00140200,5357.00000000,0.00140100,538850.00000000,0.00140000,48660.00000000,0.00139900,269564.00000000,0.00139800,52894.00000000,0.00139700,591982.00000000,0.00139600,50110.00000000,0.00139500,47985.00000000,0.00139400,1517522.00000000,0.00139300,252201.00000000,0.00140400,71225.00000000,0.00140500,989435.00000000,0.00140600,14914414.00000000,0.00140700,542626.00000000,0.00140900,390046.00000000,0.00141000,1567316.00000000,0.00141100,652568.00000000,0.00141200,225043.00000000,0.00141300,824456.00000000,0.00141400,202759.00000000,0.03132,15,0.03131,167,0.03129,15,0.03128,229,0.03126,14,0.03125,167,0.03123,14,0.03122,167,0.0312,14,0.03119,182,0.03139,15,0.0314,167,0.03141,63,0.03142,15,0.03143,182,0.03145,15,0.03146,182,0.03148,15,0.03149,182,0.03151,15
binance,gate,FUNUSDT,0.00140400,0.03132,2130.7692,1774061923000,,,,,,,,,,,,,0.00140200,166204.00000000,0.00140100,587283.00000000,0.00140000,48660.00000000,0.00139900,269564.00000000,0.00139800,52894.00000000,0.00139700,591982.00000000,0.00139600,50110.00000000,0.00139500,47985.00000000,0.00139400,1517522.00000000,0.00139300,252201.00000000,0.00140400,71225.00000000,0.00140500,989435.00000000,0.00140600,15128168.00000000,0.00140700,542626.00000000,0.00140900,390046.00000000,0.00141000,1567316.00000000,0.00141100,652568.00000000,0.00141200,225043.00000000,0.00141300,824456.00000000,0.00141400,202759.00000000,0.03132,15,0.03131,167,0.0313,62,0.03129,15,0.03128,167,0.03126,14,0.03125,167,0.03123,14,0.03122,167,0.0312,14,0.03139,15,0.0314,167,0.03142,15,0.03143,245,0.03145,15,0.03146,182,0.03148,15,0.03149,182,0.03151,15,0.03152,182
binance,gate,FUNUSDT,0.00140400,0.03135,2132.906,1774061944000,,,,,,,,,,,,,0.00140200,166204.00000000,0.00140100,587283.00000000,0.00140000,48660.00000000,0.00139900,269564.00000000,0.00139800,52894.00000000,0.00139700,591982.00000000,0.00139600,50110.00000000,0.00139500,47985.00000000,0.00139400,1517522.00000000,0.00139300,252201.00000000,0.00140400,58400.00000000,0.00140500,989435.00000000,0.00140600,15128168.00000000,0.00140700,542626.00000000,0.00140900,390046.00000000,0.00141000,1567316.00000000,0.00141100,652568.00000000,0.00141200,225043.00000000,0.00141300,824456.00000000,0.00141400,202759.00000000,0.03135,15,0.03134,167,0.03132,15,0.03131,167,0.03129,15,0.03128,167,0.03126,14,0.03125,167,0.03123,14,0.03122,167,0.03141,14,0.03142,15,0.03143,182,0.03145,15,0.03146,182,0.03148,15,0.03149,182,0.03151,15,0.03152,182,0.03155,14
binance,gate,FUNUSDT,0.00140500,0.03153,2144.1281,1774062094000,,,,,,,,,,,,,0.00140300,10996.00000000,0.00140200,223698.00000000,0.00140100,587283.00000000,0.00140000,258165.00000000,0.00139900,53346.00000000,0.00139800,52894.00000000,0.00139700,591982.00000000,0.00139600,50110.00000000,0.00139500,246844.00000000,0.00139400,595953.00000000,0.00140500,467949.00000000,0.00140600,15354303.00000000,0.00140700,752027.00000000,0.00140900,390046.00000000,0.00141000,1567316.00000000,0.00141100,652568.00000000,0.00141200,225043.00000000,0.00141300,824456.00000000,0.00141400,202759.00000000,0.00141500,199428.00000000,0.03153,15,0.03152,44,0.03151,154,0.03149,15,0.03148,213,0.03146,15,0.03145,140,0.03142,15,0.03141,154,0.03138,155,0.0316,15,0.03161,45,0.03162,185,0.03163,81,0.03164,15,0.03165,155,0.03166,14,0.03167,47,0.03168,154,0.0317,15
binance,gate,FUNUSDT,0.00140500,0.03155,2145.5516,1774062124000,,,,,,,,,,,,,0.00140400,18539.00000000,0.00140200,223698.00000000,0.00140100,587283.00000000,0.00140000,258165.00000000,0.00139900,53346.00000000,0.00139800,52894.00000000,0.00139700,591982.00000000,0.00139600,609951.00000000,0.00139500,246844.00000000,0.00139400,601103.00000000,0.00140500,45877.00000000,0.00140600,14914414.00000000,0.00140700,542626.00000000,0.00140800,655678.00000000,0.00141000,1567316.00000000,0.00141100,453921.00000000,0.00141200,415519.00000000,0.00141300,824456.00000000,0.00141400,202759.00000000,0.00141500,199428.00000000,0.03155,15,0.03154,140,0.03153,15,0.03152,73,0.03151,154,0.03149,15,0.03148,154,0.03146,15,0.03145,140,0.03142,15,0.03161,15,0.03162,45,0.03163,15,0.03164,81,0.03165,140,0.03166,14,0.03167,47,0.03168,154,0.0317,15,0.03171,140
binance,gate,FUNUSDT,0.00140500,0.03158,2147.6868,1774062134000,,,,,,,,,,,,,0.00140400,18539.00000000,0.00140200,223698.00000000,0.00140100,587283.00000000,0.00140000,258165.00000000,0.00139900,53346.00000000,0.00139800,52894.00000000,0.00139700,591982.00000000,0.00139600,609951.00000000,0.00139500,246844.00000000,0.00139400,601103.00000000,0.00140500,23755.00000000,0.00140600,14914414.00000000,0.00140700,542626.00000000,0.00140800,655678.00000000,0.00141000,1567316.00000000,0.00141100,453921.00000000,0.00141200,415519.00000000,0.00141300,824456.00000000,0.00141400,202759.00000000,0.00141500,199428.00000000,0.03159,14,0.03158,140,0.03155,15,0.03154,140,0.03153,59,0.03152,14,0.03151,154,0.03149,15,0.03148,154,0.03146,15,0.03165,14,0.03166,80,0.03167,14,0.03168,154,0.0317,15,0.03171,140,0.03172,47,0.03174,155,0.03176,14,0.03177,140
binance,gate,FUNUSDT,0.00140500,0.03157,2146.9751,1774062154000,,,,,,,,,,,,,0.00140400,18539.00000000,0.00140200,223698.00000000,0.00140100,796682.00000000,0.00140000,48660.00000000,0.00139900,53346.00000000,0.00139800,52894.00000000,0.00139700,591982.00000000,0.00139600,609951.00000000,0.00139500,246844.00000000,0.00139400,601103.00000000,0.00140500,47350.00000000,0.00140600,14914414.00000000,0.00140700,542626.00000000,0.00140800,655678.00000000,0.00141000,1567316.00000000,0.00141100,453921.00000000,0.00141200,415519.00000000,0.00141300,824456.00000000,0.00141400,202759.00000000,0.00141500,199428.00000000,0.03158,15,0.03155,15,0.03154,154,0.03152,14,0.03151,213,0.03149,15,0.03148,154,0.03146,15,0.03145,140,0.03142,15,0.03162,14,0.03163,44,0.03164,14,0.03165,140,0.03166,80,0.03167,14,0.03168,154,0.0317,15,0.03171,154,0.03172,47
binance,gate,FUNUSDT,0.00140500,0.03168,2154.8043,1774062300000,,,,,,,,,,0.00005,0.00005,,0.00140400,3839.00000000,0.00140300,156107.00000000,0.00140200,661472.00000000,0.00140100,587283.00000000,0.00140000,48660.00000000,0.00139900,271945.00000000,0.00139800,52894.00000000,0.00139700,591982.00000000,0.00139600,50110.00000000,0.00139500,246844.00000000,0.00140500,16775.00000000,0.00140600,14914414.00000000,0.00140700,756015.00000000,0.00140800,440373.00000000,0.00141000,1567316.00000000,0.00141100,453921.00000000,0.00141200,614166.00000000,0.00141300,824456.00000000,0.00141400,202759.00000000,0.00141500,199428.00000000,0.03168,14,0.03167,44,0.03166,140,0.03164,14,0.03163,140,0.03161,14,0.0316,199,0.03158,15,0.03157,154,0.03155,15,0.03176,111,0.03177,140,0.03178,14,0.0318,155,0.03181,47,0.03183,155,0.03185,15,0.03187,154,0.03193,155,0.03199,140
binance,gate,FUNUSDT,0.00140500,0.0318,2163.3452,1774062464000,,,,,,,,,,,,,0.00140400,10996.00000000,0.00140300,206307.00000000,0.00140200,661472.00000000,0.00140100,587283.00000000,0.00140000,259045.00000000,0.00139900,53346.00000000,0.00139800,52894.00000000,0.00139700,591982.00000000,0.00139600,50110.00000000,0.00139500,246844.00000000,0.00140500,154607.00000000,0.00140600,14914414.00000000,0.00140700,542626.00000000,0.00140800,649604.00000000,0.00141000,1567316.00000000,0.00141100,453921.00000000,0.00141200,614166.00000000,0.00141300,824456.00000000,0.00141400,202759.00000000,0.00141500,199428.00000000,0.0318,14,0.03179,44,0.03178,154,0.03176,14,0.03175,140,0.03173,15,0.03172,140,0.0317,15,0.03169,154,0.03167,14,0.03185,14,0.03186,83,0.03187,154,0.03188,14,0.03189,14,0.03192,48,0.03193,155,0.03199,140,0.03203,14,0.03205,154
binance,gate,FUNUSDT,0.00140500,0.0318,2163.3452,1774062474000,,,,,,,,,,,,,0.00140400,10996.00000000,0.00140300,206307.00000000,0.00140200,661472.00000000,0.00140100,587283.00000000,0.00140000,259045.00000000,0.00139900,53346.00000000,0.00139800,52894.00000000,0.00139700,591982.00000000,0.00139600,50110.00000000,0.00139500,246844.00000000,0.00140500,119914.00000000,0.00140600,14914414.00000000,0.00140700,751217.00000000,0.00140800,440373.00000000,0.00141000,1567316.00000000,0.00141100,453921.00000000,0.00141200,614166.00000000,0.00141300,824456.00000000,0.00141400,202759.00000000,0.00141500,199428.00000000,0.0318,15,0.03179,44,0.03178,154,0.03176,14,0.03175,140,0.03173,15,0.03172,140,0.03171,58,0.0317,15,0.03169,154,0.03186,15,0.03187,154,0.03188,68,0.03189,14,0.03192,48,0.03193,155,0.03199,140,0.03203,14,0.03205,154,0.03207,15
binance,gate,FUNUSDT,0.00140500,0.0318,2163.3452,1774062479000,,,,,,,,,,,,,0.00140400,10996.00000000,0.00140300,206307.00000000,0.00140200,661472.00000000,0.00140100,587283.00000000,0.00140000,259045.00000000,0.00139900,53346.00000000,0.00139800,52894.00000000,0.00139700,591982.00000000,0.00139600,50110.00000000,0.00139500,246844.00000000,0.00140500,111435.00000000,0.00140600,14914414.00000000,0.00140700,751217.00000000,0.00140800,440373.00000000,0.00141000,1567316.00000000,0.00141100,453921.00000000,0.00141200,614166.00000000,0.00141300,824456.00000000,0.00141400,202759.00000000,0.00141500,199428.00000000,0.0318,15,0.03179,44,0.03178,154,0.03176,14,0.03175,140,0.03173,15,0.03172,140,0.0317,15,0.03169,154,0.03167,14,0.03185,15,0.03186,83,0.03187,154,0.03189,14,0.03192,48,0.03193,155,0.03199,140,0.03203,14,0.03205,154,0.03207,15
binance,gate,FUNUSDT,0.00140500,0.0318,2163.3452,1774062489000,,,,,,,,,,,,,0.00140400,10996.00000000,0.00140300,206307.00000000,0.00140200,661472.00000000,0.00140100,587283.00000000,0.00140000,259045.00000000,0.00139900,53346.00000000,0.00139800,52894.00000000,0.00139700,591982.00000000,0.00139600,50110.00000000,0.00139500,246844.00000000,0.00140500,90059.00000000,0.00140600,14914414.00000000,0.00140700,751217.00000000,0.00140800,440373.00000000,0.00141000,1567316.00000000,0.00141100,453921.00000000,0.00141200,614166.00000000,0.00141300,824456.00000000,0.00141400,202759.00000000,0.00141500,199428.00000000,0.0318,15,0.03179,44,0.03178,154,0.03176,14,0.03175,140,0.03174,58,0.03173,15,0.03172,140,0.0317,15,0.03169,154,0.03185,14,0.03186,15,0.03187,154,0.03189,82,0.03192,48,0.03193,155,0.03199,140,0.03203,14,0.03205,154,0.03207,15
binance,gate,FUNUSDT,0.00140500,0.03172,2157.6512,1774062519000,,,,,,,,,,0.00005,0.00005,,0.00140400,10996.00000000,0.00140300,202473.00000000,0.00140200,661472.00000000,0.00140100,803899.00000000,0.00140000,48660.00000000,0.00139900,53346.00000000,0.00139800,52894.00000000,0.00139700,591982.00000000,0.00139600,789340.00000000,0.00139500,246844.00000000,0.00140500,18461.00000000,0.00140600,14914414.00000000,0.00140700,542626.00000000,0.00140800,654143.00000000,0.00141000,1567316.00000000,0.00141100,453921.00000000,0.00141200,415519.00000000,0.00141300,824456.00000000,0.00141400,202759.00000000,0.00141500,199428.00000000,0.03172,140,0.0317,15,0.03169,154,0.03167,14,0.03166,195,0.03164,14,0.03163,140,0.03161,14,0.0316,140,0.03158,15,0.03178,15,0.03179,45,0.0318,15,0.03181,15,0.03182,140,0.03183,85,0.03185,32,0.03186,14,0.03187,154,0.03188,14
binance,gate,FUNUSDT,0.00140500,0.03182,2164.7687,1774062556000,,,,,,,,,,,,,0.00140400,634119.00000000,0.00140300,202473.00000000,0.00140200,661472.00000000,0.00140100,803899.00000000,0.00140000,48660.00000000,0.00139900,53346.00000000,0.00139800,52894.00000000,0.00139700,591982.00000000,0.00139600,789340.00000000,0.00139500,246844.00000000,0.00140500,18461.00000000,0.00140600,14914414.00000000,0.00140700,542626.00000000,0.00140800,651096.00000000,0.00141000,1567316.00000000,0.00141100,453921.00000000,0.00141200,415519.00000000,0.00141300,824456.00000000,0.00141400,202759.00000000,0.00141500,199428.00000000,0.03182,140,0.0318,15,0.03179,140,0.03176,15,0.03175,210,0.03173,15,0.03172,140,0.0317,15,0.03169,154,0.03167,14,0.03186,15,0.0319,70,0.03191,15,0.03193,155,0.03196,155,0.03199,140,0.03203,14,0.03205,154,0.03207,15,0.03211,155
binance,gate,FUNUSDT,0.00140500,0.03176,2160.4982,1774062559000,,,,,,,,,,,,,0.00140400,634119.00000000,0.00140300,202473.00000000,0.00140200,661472.00000000,0.00140100,803899.00000000,0.00140000,48660.00000000,0.00139900,53346.00000000,0.00139800,52894.00000000,0.00139700,591982.00000000,0.00139600,789340.00000000,0.00139500,246844.00000000,0.00140500,13623.00000000,0.00140600,14914414.00000000,0.00140700,542626.00000000,0.00140800,651096.00000000,0.00141000,1567316.00000000,0.00141100,453921.00000000,0.00141200,415519.00000000,0.00141300,824456.00000000,0.00141400,202759.00000000,0.00141500,199428.00000000,0.0318,30,0.03176,15,0.03175,155,0.03173,15,0.03172,195,0.0317,15,0.03169,154,0.03167,14,0.03166,140,0.03164,14,0.03186,15,0.03188,84,0.03189,154,0.03191,15,0.03193,155,0.03196,155,0.03199,140,0.03203,14,0.03205,154,0.03207,15
binance,gate,FUNUSDT,0.00140500,0.03158,2147.6868,1774062599000,,,,,,,,,,,,,0.00140400,642351.00000000,0.00140300,202473.00000000,0.00140200,661472.00000000,0.00140100,803899.00000000,0.00140000,48660.00000000,0.00139900,53346.00000000,0.00139800,52894.00000000,0.00139700,591982.00000000,0.00139600,50110.00000000,0.00139500,246844.00000000,0.00140500,13623.00000000,0.00140600,14914414.00000000,0.00140700,542626.00000000,0.00140800,651096.00000000,0.00141000,1567316.00000000,0.00141100,453921.00000000,0.00141200,415519.00000000,0.00141300,824456.00000000,0.00141400,202759.00000000,0.00141500,199428.00000000,0.03158,14,0.03157,140,0.03155,15,0.03154,154,0.03152,14,0.03151,154,0.03149,15,0.03148,154,0.03146,15,0.03145,140,0.03167,142,0.03168,15,0.0317,140,0.03171,15,0.03173,140,0.03174,15,0.03175,76,0.03176,140,0.03178,15,0.03179,15
binance,gate,FUNUSDT,0.00140500,0.03152,2143.4164,1774062756000,,,,,,,,,,,,,0.00140300,195353.00000000,0.00140200,662694.00000000,0.00140100,588439.00000000,0.00140000,48660.00000000,0.00139900,53346.00000000,0.00139800,268258.00000000,0.00139700,591982.00000000,0.00139600,50110.00000000,0.00139500,252907.00000000,0.00139400,593805.00000000,0.00140500,35751.00000000,0.00140600,15125884.00000000,0.00140700,542626.00000000,0.00140800,450184.00000000,0.00141000,1611865.00000000,0.00141100,652497.00000000,0.00141200,614095.00000000,0.00141300,824456.00000000,0.00141400,202759.00000000,0.00141500,199428.00000000,0.03152,14,0.03151,154,0.03149,15,0.03148,154,0.03146,65,0.03145,154,0.03142,15,0.03141,154,0.03138,155,0.03135,155,0.03159,14,0.03161,14,0.03164,154,0.03165,90,0.03167,140,0.03168,15,0.0317,140,0.03171,15,0.03173,140,0.03174,15
binance,gate,FUNUSDT,0.00140600,0.03154,2143.2432,1774062834000,,,,,,,,,,,,,0.00140400,11388.00000000,0.00140300,260745.00000000,0.00140200,662694.00000000,0.00140100,797667.00000000,0.00140000,48660.00000000,0.00139900,53346.00000000,0.00139800,52894.00000000,0.00139700,1111329.00000000,0.00139600,50110.00000000,0.00139500,252907.00000000,0.00140600,14902829.00000000,0.00140700,752176.00000000,0.00140800,450184.00000000,0.00141000,1611865.00000000,0.00141100,453921.00000000,0.00141200,614095.00000000,0.00141300,824456.00000000,0.00141400,202759.00000000,0.00141500,199428.00000000,0.00141600,3199654.00000000,0.03154,54,0.03152,14,0.03151,154,0.03149,15,0.03148,154,0.03146,15,0.03145,154,0.03142,15,0.03141,154,0.03138,155,0.0316,14,0.03161,140,0.03163,14,0.03164,140,0.03166,15,0.03167,140,0.03168,15,0.0317,154,0.03171,15,0.03173,154
binance,gate,FUNUSDT,0.00140600,0.03142,2134.7084,1774062899000,,,,,,,,,,,,,0.00140500,67936.00000000,0.00140400,745347.00000000,0.00140300,507100.00000000,0.00140200,219563.00000000,0.00140100,797667.00000000,0.00140000,48660.00000000,0.00139900,53346.00000000,0.00139800,52894.00000000,0.00139700,1292216.00000000,0.00139600,50110.00000000,0.00140600,14837531.00000000,0.00140700,7295.00000000,0.00140800,533617.00000000,0.00140900,663679.00000000,0.00141000,1611865.00000000,0.00141100,453921.00000000,0.00141200,25473.00000000,0.00141300,625242.00000000,0.00141400,592805.00000000,0.00141500,199428.00000000,0.03138,15,0.03136,15,0.03135,155,0.03129,140,0.03127,15,0.03123,154,0.03117,140,0.03112,15,0.03111,155,0.03108,155,0.03147,14,0.03148,140,0.0315,15,0.03151,140,0.03152,15,0.03154,140,0.03155,14,0.03157,140,0.0316,15,0.03161,140
binance,gate,FUNUSDT,0.00140600,0.03139,2132.5747,1774062906000,,,,,,,,,,,,,0.00140500,271943.00000000,0.00140400,745347.00000000,0.00140300,507100.00000000,0.00140200,437565.00000000,0.00140100,588439.00000000,0.00140000,48660.00000000,0.00139900,53346.00000000,0.00139800,52894.00000000,0.00139700,591982.00000000,0.00139600,50110.00000000,0.00140600,14827107.00000000,0.00140700,7295.00000000,0.00140800,533617.00000000,0.00140900,663679.00000000,0.00141000,1611865.00000000,0.00141100,453921.00000000,0.00141200,25473.00000000,0.00141300,625242.00000000,0.00141400,592805.00000000,0.00141500,199428.00000000,0.03139,14,0.03138,140,0.03136,15,0.03135,155,0.03129,140,0.03127,15,0.03123,154,0.03117,140,0.03112,15,0.03111,155,0.03148,140,0.0315,15,0.03151,140,0.03152,15,0.03154,140,0.03155,14,0.03157,140,0.0316,15,0.03161,140,0.03163,14
binance,gate,FUNUSDT,0.00140600,0.03142,2134.7084,1774062908000,,,,,,,,,,,,,0.00140500,696293.00000000,0.00140400,745347.00000000,0.00140300,507100.00000000,0.00140200,437565.00000000,0.00140100,588439.00000000,0.00140000,48660.00000000,0.00139900,53346.00000000,0.00139800,52894.00000000,0.00139700,591982.00000000,0.00139600,50110.00000000,0.00140600,14827107.00000000,0.00140700,7295.00000000,0.00140800,533617.00000000,0.00140900,663679.00000000,0.00141000,1611865.00000000,0.00141100,453921.00000000,0.00141200,25473.00000000,0.00141300,625242.00000000,0.00141400,592805.00000000,0.00141500,199428.00000000,0.03139,14,0.03138,140,0.03136,15,0.03135,155,0.03129,140,0.03127,15,0.03123,154,0.03117,140,0.03112,15,0.03111,155,0.03147,14,0.03148,140,0.0315,15,0.03151,140,0.03152,15,0.03154,140,0.03155,14,0.03157,140,0.0316,15,0.03161,140
binance,gate,FUNUSDT,0.00140600,0.0314,2133.2859,1774062909000,,,,,,,,,,,,,0.00140500,696293.00000000,0.00140400,745347.00000000,0.00140300,507100.00000000,0.00140200,437565.00000000,0.00140100,588439.00000000,0.00140000,48660.00000000,0.00139900,53346.00000000,0.00139800,52894.00000000,0.00139700,591982.00000000,0.00139600,50110.00000000,0.00140600,14817022.00000000,0.00140700,7295.00000000,0.00140800,533617.00000000,0.00140900,663679.00000000,0.00141000,1611865.00000000,0.00141100,453921.00000000,0.00141200,25473.00000000,0.00141300,625242.00000000,0.00141400,592805.00000000,0.00141500,199428.00000000,0.0314,14,0.03139,14,0.03138,154,0.03137,54,0.03136,15,0.03135,155,0.03134,14,0.03129,140,0.03127,15,0.03123,154,0.03147,14,0.03148,140,0.0315,15,0.03151,140,0.03152,15,0.03154,140,0.03155,86,0.03157,140,0.0316,15,0.03161,140
binance,gate,FUNUSDT,0.00140600,0.03141,2133.9972,1774062911000,,,,,,,,,,,,,0.00140500,785185.00000000,0.00140400,745347.00000000,0.00140300,507100.00000000,0.00140200,437565.00000000,0.00140100,588439.00000000,0.00140000,48660.00000000,0.00139900,53346.00000000,0.00139800,52894.00000000,0.00139700,591982.00000000,0.00139600,50110.00000000,0.00140600,14817022.00000000,0.00140700,7295.00000000,0.00140800,533617.00000000,0.00140900,452935.00000000,0.00141000,1611865.00000000,0.00141100,453921.00000000,0.00141200,25473.00000000,0.00141300,625242.00000000,0.00141400,592805.00000000,0.00141500,199428.00000000,0.03141,14,0.0314,54,0.03139,14,0.03138,154,0.03136,29,0.03135,155,0.03134,14,0.03129,140,0.03127,15,0.03123,154,0.03147,14,0.03148,140,0.0315,15,0.03151,140,0.03152,15,0.03154,154,0.03155,14,0.03157,140,0.0316,15,0.03161,140
binance,gate,FUNUSDT,0.00140600,0.0314,2133.2859,1774062914000,,,,,,,,,,,,,0.00140500,785185.00000000,0.00140400,745347.00000000,0.00140300,507100.00000000,0.00140200,437565.00000000,0.00140100,588439.00000000,0.00140000,48660.00000000,0.00139900,53346.00000000,0.00139800,52894.00000000,0.00139700,591982.00000000,0.00139600,50110.00000000,0.00140600,14806625.00000000,0.00140700,7295.00000000,0.00140800,533617.00000000,0.00140900,452935.00000000,0.00141000,1822183.00000000,0.00141100,453921.00000000,0.00141200,25473.00000000,0.00141300,625242.00000000,0.00141400,592805.00000000,0.00141500,199428.00000000,0.03139,14,0.03138,154,0.03136,29,0.03135,155,0.03134,14,0.03129,140,0.03127,15,0.03123,154,0.03117,140,0.03112,15,0.03147,14,0.03148,211,0.0315,15,0.03151,140,0.03152,15,0.03154,154,0.03155,14,0.03157,140,0.0316,15,0.03161,140
binance,gate,FUNUSDT,0.00140600,0.03142,2134.7084,1774062920000,,,,,,,,,,,,,0.00140800,461269.00000000,0.00140600,355489.00000000,0.00140500,672999.00000000,0.00140400,66776.00000000,0.00140300,54004.00000000,0.00140200,276718.00000000,0.00140100,53871.00000000,0.00140000,48660.00000000,0.00139900,53346.00000000,0.00139800,4578.00000000,0.00141000,1062205.00000000,0.00141100,1037414.00000000,0.00141200,291523.00000000,0.00141300,660711.00000000,0.00141400,53492.00000000,0.00141500,48060.00000000,0.00141600,932623.00000000,0.00141800,549249.00000000,0.00141900,205952.00000000,0.00142000,3214421.00000000,0.03139,14,0.03138,154,0.03137,54,0.03136,29,0.03135,155,0.03133,14,0.03129,140,0.03127,15,0.03123,154,0.03117,140,0.03147,14,0.03148,140,0.0315,15,0.03151,140,0.03152,15,0.03154,154,0.03155,14,0.03157,140,0.0316,15,0.03161,140
binance,gate,FUNUSDT,0.00141100,0.03142,2126.7895,1774062944000,,,,,,,,,,,,,0.00140900,125040.00000000,0.00140800,7486.00000000,0.00140700,50744.00000000,0.00140600,62754.00000000,0.00140500,49876.00000000,0.00140400,55388.00000000,0.00140300,54004.00000000,0.00140200,822419.00000000,0.00140100,46314.00000000,0.00140000,56080.00000000,0.00141100,531537.00000000,0.00141200,75512.00000000,0.00141300,300068.00000000,0.00141400,585218.00000000,0.00141500,48060.00000000,0.00141600,792276.00000000,0.00141700,239642.00000000,0.00141800,1017579.00000000,0.00141900,609342.00000000,0.00142000,3214421.00000000,0.03142,15,0.03141,140,0.03139,14,0.03138,154,0.03136,83,0.03135,155,0.03133,14,0.03129,140,0.03127,15,0.03123,154,0.03149,15,0.0315,86,0.03151,140,0.03152,15,0.03154,154,0.03155,14,0.03157,140,0.0316,15,0.03161,140,0.03163,14
binance,gate,FUNUSDT,0.00141100,0.03142,2126.7895,1774062972187,,,,,,,,,,0.00005,0.00005,,0.00140900,123492.00000000,0.00140800,7486.00000000,0.00140700,50744.00000000,0.00140600,62754.00000000,0.00140500,49876.00000000,0.00140400,271729.00000000,0.00140300,54004.00000000,0.00140200,773537.00000000,0.00140100,46314.00000000,0.00140000,56080.00000000,0.00141100,531537.00000000,0.00141200,146333.00000000,0.00141300,515035.00000000,0.00141400,585218.00000000,0.00141500,48060.00000000,0.00141600,585055.00000000,0.00141700,239642.00000000,0.00141800,1017579.00000000,0.00141900,609342.00000000,0.00142000,940532.00000000,0.03142,15,0.03141,140,0.03139,14,0.03138,154,0.03136,29,0.03135,209,0.03133,14,0.03129,140,0.03127,15,0.03123,154,0.03149,15,0.0315,86,0.03151,140,0.03152,15,0.03154,154,0.03155,14,0.03157,140,0.0316,15,0.03161,140,0.03163,14
binance,gate,FUNUSDT,0.00141100,0.03142,2126.7895,1774062972487,,,,,,,,,,0.00005,0.00005,,0.00140900,123492.00000000,0.00140800,7486.00000000,0.00140700,50744.00000000,0.00140600,62754.00000000,0.00140500,49876.00000000,0.00140400,55388.00000000,0.00140300,54004.00000000,0.00140200,773537.00000000,0.00140100,46314.00000000,0.00140000,56080.00000000,0.00141100,531537.00000000,0.00141200,146333.00000000,0.00141300,515035.00000000,0.00141400,585218.00000000,0.00141500,48060.00000000,0.00141600,585055.00000000,0.00141700,239642.00000000,0.00141800,1017579.00000000,0.00141900,609342.00000000,0.00142000,940532.00000000,0.03142,15,0.03141,140,0.03139,14,0.03138,154,0.03136,29,0.03135,209,0.03133,14,0.03129,140,0.03127,15,0.03123,154,0.03149,15,0.0315,86,0.03151,140,0.03152,15,0.03154,154,0.03155,14,0.03157,140,0.0316,15,0.03161,140,0.03163,14
binance,gate,FUNUSDT,0.00141100,0.03142,2126.7895,1774062972787,,,,,,,,,,0.00005,0.00005,,0.00140900,123492.00000000,0.00140800,7486.00000000,0.00140700,50744.00000000,0.00140600,62754.00000000,0.00140500,49876.00000000,0.00140400,55388.00000000,0.00140300,54004.00000000,0.00140200,773537.00000000,0.00140100,46314.00000000,0.00140000,56080.00000000,0.00141100,531537.00000000,0.00141200,146333.00000000,0.00141300,515035.00000000,0.00141400,585218.00000000,0.00141500,48060.00000000,0.00141600,585055.00000000,0.00141700,239642.00000000,0.00141800,1017579.00000000,0.00141900,609342.00000000,0.00142000,940532.00000000,0.03142,15,0.03141,140,0.03139,14,0.03138,154,0.03136,29,0.03135,209,0.03133,14,0.03129,140,0.03127,15,0.03123,154,0.03149,15,0.0315,86,0.03151,140,0.03152,15,0.03154,154,0.03155,14,0.03157,140,0.0316,15,0.03161,140,0.03163,14
binance,gate,FUNUSDT,0.00141100,0.03142,2126.7895,1774062973087,,,,,,,,,,0.00005,0.00005,,0.00140900,123492.00000000,0.00140800,7486.00000000,0.00140700,50744.00000000,0.00140600,62754.00000000,0.00140500,263185.00000000,0.00140400,55388.00000000,0.00140300,54004.00000000,0.00140200,773537.00000000,0.00140100,46314.00000000,0.00140000,56080.00000000,0.00141100,531537.00000000,0.00141200,146333.00000000,0.00141300,515035.00000000,0.00141400,585218.00000000,0.00141500,48060.00000000,0.00141600,585055.00000000,0.00141700,239642.00000000,0.00141800,1017579.00000000,0.00141900,609342.00000000,0.00142000,940532.00000000,0.03142,15,0.03141,140,0.03139,14,0.03138,154,0.03136,29,0.03135,209,0.03133,14,0.03129,140,0.03127,15,0.03123,154,0.03149,15,0.0315,86,0.03151,140,0.03152,15,0.03154,154,0.03155,14,0.03157,140,0.0316,15,0.03161,140,0.03163,14
binance,gate,FUNUSDT,0.00141100,0.03142,2126.7895,1774062973388,,,,,,,,,,0.00005,0.00005,,0.00140900,123492.00000000,0.00140800,7486.00000000,0.00140700,50744.00000000,0.00140600,62754.00000000,0.00140500,263185.00000000,0.00140400,55388.00000000,0.00140300,54004.00000000,0.00140200,773537.00000000,0.00140100,46314.00000000,0.00140000,56080.00000000,0.00141100,531537.00000000,0.00141200,146333.00000000,0.00141300,515035.00000000,0.00141400,585218.00000000,0.00141500,48060.00000000,0.00141600,585055.00000000,0.00141700,239642.00000000,0.00141800,1017579.00000000,0.00141900,609342.00000000,0.00142000,940532.00000000,0.03142,15,0.03141,140,0.03139,14,0.03138,154,0.03136,29,0.03135,209,0.03133,14,0.03129,140,0.03127,15,0.03123,154,0.03149,15,0.0315,86,0.03151,140,0.03152,15,0.03154,154,0.03155,14,0.03157,140,0.0316,15,0.03161,140,0.03163,14
binance,gate,FUNUSDT,0.00141100,0.03142,2126.7895,1774062973688,,,,,,,,,,0.00005,0.00005,,0.00140900,123492.00000000,0.00140800,7486.00000000,0.00140700,50744.00000000,0.00140600,62754.00000000,0.00140500,263185.00000000,0.00140400,55388.00000000,0.00140300,54004.00000000,0.00140200,773537.00000000,0.00140100,46314.00000000,0.00140000,56080.00000000,0.00141100,531537.00000000,0.00141200,146333.00000000,0.00141300,515035.00000000,0.00141400,585218.00000000,0.00141500,48060.00000000,0.00141600,585055.00000000,0.00141700,239642.00000000,0.00141800,1017579.00000000,0.00141900,609342.00000000,0.00142000,940532.00000000,0.03142,15,0.03141,140,0.03139,14,0.03138,154,0.03136,29,0.03135,209,0.03133,14,0.03129,140,0.03127,15,0.03123,154,0.03149,15,0.0315,86,0.03151,140,0.03152,15,0.03154,154,0.03155,14,0.03157,140,0.0316,15,0.03161,140,0.03163,14
binance,gate,FUNUSDT,0.00141100,0.03142,2126.7895,1774062973988,,,,,,,,,,0.00005,0.00005,,0.00140900,123492.00000000,0.00140800,7486.00000000,0.00140700,50744.00000000,0.00140600,62754.00000000,0.00140500,263185.00000000,0.00140400,55388.00000000,0.00140300,54004.00000000,0.00140200,773537.00000000,0.00140100,46314.00000000,0.00140000,56080.00000000,0.00141100,531537.00000000,0.00141200,146333.00000000,0.00141300,515035.00000000,0.00141400,585218.00000000,0.00141500,48060.00000000,0.00141600,585055.00000000,0.00141700,239642.00000000,0.00141800,1017579.00000000,0.00141900,609342.00000000,0.00142000,940532.00000000,0.03142,15,0.03141,140,0.03139,14,0.03138,154,0.03136,29,0.03135,209,0.03133,14,0.03129,140,0.03127,15,0.03123,154,0.03149,15,0.0315,86,0.03151,140,0.03152,15,0.03154,154,0.03155,14,0.03157,140,0.0316,15,0.03161,140,0.03163,14
binance,gate,FUNUSDT,0.00141100,0.03142,2126.7895,1774062974288,,,,,,,,,,0.00005,0.00005,,0.00140900,123492.00000000,0.00140800,7486.00000000,0.00140700,50744.00000000,0.00140600,62754.00000000,0.00140500,263185.00000000,0.00140400,55388.00000000,0.00140300,54004.00000000,0.00140200,773537.00000000,0.00140100,46314.00000000,0.00140000,56080.00000000,0.00141100,531537.00000000,0.00141200,146333.00000000,0.00141300,515035.00000000,0.00141400,585218.00000000,0.00141500,48060.00000000,0.00141600,585055.00000000,0.00141700,239642.00000000,0.00141800,1017579.00000000,0.00141900,609342.00000000,0.00142000,940532.00000000,0.03142,15,0.03141,140,0.03139,14,0.03138,154,0.03137,54,0.03136,29,0.03135,155,0.03133,14,0.03129,140,0.03127,15,0.0315,15,0.03151,140,0.03152,86,0.03154,154,0.03155,14,0.03157,140,0.0316,15,0.03161,140,0.03163,14,0.03164,140
binance,gate,FUNUSDT,0.00141100,0.03142,2126.7895,1774062974588,,,,,,,,,,0.00005,0.00005,,0.00140900,123492.00000000,0.00140800,7486.00000000,0.00140700,50744.00000000,0.00140600,62754.00000000,0.00140500,263185.00000000,0.00140400,55388.00000000,0.00140300,54004.00000000,0.00140200,773537.00000000,0.00140100,46314.00000000,0.00140000,56080.00000000,0.00141100,531537.00000000,0.00141200,146333.00000000,0.00141300,515035.00000000,0.00141400,585218.00000000,0.00141500,48060.00000000,0.00141600,585055.00000000,0.00141700,239642.00000000,0.00141800,1017579.00000000,0.00141900,609342.00000000,0.00142000,940532.00000000,0.03142,15,0.03141,140,0.03139,14,0.03138,154,0.03137,54,0.03136,29,0.03135,155,0.03133,14,0.03129,140,0.03127,15,0.0315,15,0.03151,140,0.03152,86,0.03154,154,0.03155,14,0.03157,140,0.0316,15,0.03161,140,0.03163,14,0.03164,140
binance,gate,FUNUSDT,0.00141100,0.03142,2126.7895,1774062974888,,,,,,,,,,0.00005,0.00005,,0.00140900,123492.00000000,0.00140800,7486.00000000,0.00140700,50744.00000000,0.00140600,62754.00000000,0.00140500,263185.00000000,0.00140400,55388.00000000,0.00140300,54004.00000000,0.00140200,773537.00000000,0.00140100,46314.00000000,0.00140000,56080.00000000,0.00141100,531537.00000000,0.00141200,146333.00000000,0.00141300,515035.00000000,0.00141400,585218.00000000,0.00141500,48060.00000000,0.00141600,585055.00000000,0.00141700,239642.00000000,0.00141800,1017579.00000000,0.00141900,609342.00000000,0.00142000,940532.00000000,0.03142,15,0.03141,140,0.03139,14,0.03138,154,0.03137,54,0.03136,29,0.03135,155,0.03133,14,0.03129,140,0.03127,15,0.0315,15,0.03151,140,0.03152,86,0.03154,154,0.03155,14,0.03157,140,0.0316,15,0.03161,140,0.03163,14,0.03164,140
binance,gate,FUNUSDT,0.00141100,0.03142,2126.7895,1774062975189,,,,,,,,,,0.00005,0.00005,,0.00140900,123492.00000000,0.00140800,7486.00000000,0.00140700,50744.00000000,0.00140600,62754.00000000,0.00140500,263185.00000000,0.00140400,55388.00000000,0.00140300,54004.00000000,0.00140200,773537.00000000,0.00140100,46314.00000000,0.00140000,56080.00000000,0.00141100,531537.00000000,0.00141200,146333.00000000,0.00141300,515035.00000000,0.00141400,585218.00000000,0.00141500,48060.00000000,0.00141600,585055.00000000,0.00141700,239642.00000000,0.00141800,1017579.00000000,0.00141900,609342.00000000,0.00142000,940532.00000000,0.03142,15,0.03141,140,0.03139,14,0.03138,154,0.03137,54,0.03136,29,0.03135,155,0.03133,14,0.03129,140,0.03127,15,0.0315,15,0.03151,140,0.03152,86,0.03154,154,0.03155,14,0.03157,140,0.0316,15,0.03161,140,0.03163,14,0.03164,140
binance,gate,FUNUSDT,0.00141100,0.03142,2126.7895,1774062975489,,,,,,,,,,0.00005,0.00005,,0.00140900,123492.00000000,0.00140800,7486.00000000,0.00140700,50744.00000000,0.00140600,62754.00000000,0.00140500,263185.00000000,0.00140400,55388.00000000,0.00140300,54004.00000000,0.00140200,773537.00000000,0.00140100,46314.00000000,0.00140000,56080.00000000,0.00141100,531537.00000000,0.00141200,146333.00000000,0.00141300,515035.00000000,0.00141400,585218.00000000,0.00141500,48060.00000000,0.00141600,585055.00000000,0.00141700,239642.00000000,0.00141800,1017579.00000000,0.00141900,609342.00000000,0.00142000,940532.00000000,0.03142,15,0.03141,140,0.03139,14,0.03138,154,0.03137,54,0.03136,29,0.03135,155,0.03133,14,0.03129,140,0.03127,15,0.0315,15,0.03151,140,0.03152,86,0.03154,154,0.03155,14,0.03157,140,0.0316,15,0.03161,140,0.03163,14,0.03164,140
binance,gate,FUNUSDT,0.00141100,0.03142,2126.7895,1774062975790,,,,,,,,,,0.00005,0.00005,,0.00140900,123492.00000000,0.00140800,7486.00000000,0.00140700,50744.00000000,0.00140600,62754.00000000,0.00140500,263185.00000000,0.00140400,55388.00000000,0.00140300,54004.00000000,0.00140200,773537.00000000,0.00140100,46314.00000000,0.00140000,56080.00000000,0.00141100,531537.00000000,0.00141200,146333.00000000,0.00141300,515035.00000000,0.00141400,585218.00000000,0.00141500,48060.00000000,0.00141600,585055.00000000,0.00141700,41910.00000000,0.00141800,1017579.00000000,0.00141900,609342.00000000,0.00142000,940532.00000000,0.03142,15,0.03141,140,0.03139,14,0.03138,154,0.03137,54,0.03136,29,0.03135,155,0.03133,14,0.03129,140,0.03127,15,0.0315,15,0.03151,140,0.03152,86,0.03154,154,0.03155,14,0.03157,140,0.0316,15,0.03161,140,0.03163,14,0.03164,140
binance,gate,FUNUSDT,0.00141100,0.03142,2126.7895,1774062976090,,,,,,,,,,0.00005,0.00005,,0.00140900,123492.00000000,0.00140800,7486.00000000,0.00140700,50744.00000000,0.00140600,62754.00000000,0.00140500,263185.00000000,0.00140400,55388.00000000,0.00140300,54004.00000000,0.00140200,773537.00000000,0.00140100,46314.00000000,0.00140000,56080.00000000,0.00141100,531537.00000000,0.00141200,146333.00000000,0.00141300,515035.00000000,0.00141400,585218.00000000,0.00141500,48060.00000000,0.00141600,585055.00000000,0.00141700,41910.00000000,0.00141800,1017579.00000000,0.00141900,609342.00000000,0.00142000,940532.00000000,0.03142,15,0.03141,140,0.03139,14,0.03138,154,0.03137,54,0.03136,29,0.03135,155,0.03133,14,0.03129,140,0.03127,15,0.0315,15,0.03151,140,0.03152,86,0.03154,154,0.03155,14,0.03157,140,0.0316,15,0.03161,140,0.03163,14,0.03164,140
binance,gate,FUNUSDT,0.00141100,0.03142,2126.7895,1774062976390,,,,,,,,,,0.00005,0.00005,,0.00140900,123492.00000000,0.00140800,7486.00000000,0.00140700,50744.00000000,0.00140600,62754.00000000,0.00140500,263185.00000000,0.00140400,55388.00000000,0.00140300,54004.00000000,0.00140200,773537.00000000,0.00140100,46314.00000000,0.00140000,56080.00000000,0.00141100,531537.00000000,0.00141200,146333.00000000,0.00141300,515035.00000000,0.00141400,585218.00000000,0.00141500,48060.00000000,0.00141600,585055.00000000,0.00141700,41910.00000000,0.00141800,1017579.00000000,0.00141900,609342.00000000,0.00142000,940532.00000000,0.03142,15,0.03141,140,0.03139,14,0.03138,154,0.03136,29,0.03135,209,0.03133,14,0.03129,140,0.03127,15,0.03123,154,0.03149,15,0.0315,86,0.03151,140,0.03152,15,0.03154,154,0.03155,14,0.03157,140,0.0316,15,0.03161,140,0.03163,14
binance,gate,FUNUSDT,0.00141100,0.03142,2126.7895,1774062976691,,,,,,,,,,0.00005,0.00005,,0.00140900,123492.00000000,0.00140800,7486.00000000,0.00140700,50744.00000000,0.00140600,62754.00000000,0.00140500,263185.00000000,0.00140400,55388.00000000,0.00140300,54004.00000000,0.00140200,773537.00000000,0.00140100,46314.00000000,0.00140000,56080.00000000,0.00141100,531537.00000000,0.00141200,146333.00000000,0.00141300,515035.00000000,0.00141400,585218.00000000,0.00141500,48060.00000000,0.00141600,585055.00000000,0.00141700,41910.00000000,0.00141800,1017579.00000000,0.00141900,609342.00000000,0.00142000,940532.00000000,0.03142,15,0.03141,140,0.03139,14,0.03138,154,0.03136,29,0.03135,209,0.03133,14,0.03129,140,0.03127,15,0.03123,154,0.03149,15,0.0315,86,0.03151,140,0.03152,15,0.03154,154,0.03155,14,0.03157,140,0.0316,15,0.03161,140,0.03163,14
binance,gate,FUNUSDT,0.00141100,0.03142,2126.7895,1774062976991,,,,,,,,,,0.00005,0.00005,,0.00140900,123492.00000000,0.00140800,7486.00000000,0.00140700,50744.00000000,0.00140600,62754.00000000,0.00140500,263185.00000000,0.00140400,55388.00000000,0.00140300,54004.00000000,0.00140200,773537.00000000,0.00140100,46314.00000000,0.00140000,56080.00000000,0.00141100,531537.00000000,0.00141200,146333.00000000,0.00141300,515035.00000000,0.00141400,585218.00000000,0.00141500,48060.00000000,0.00141600,585055.00000000,0.00141700,41910.00000000,0.00141800,1017579.00000000,0.00141900,609342.00000000,0.00142000,940532.00000000,0.03142,15,0.03141,140,0.03139,14,0.03138,154,0.03136,29,0.03135,209,0.03133,14,0.03129,140,0.03127,15,0.03123,154,0.03149,15,0.0315,86,0.03151,140,0.03152,15,0.03154,154,0.03155,14,0.03157,140,0.0316,15,0.03161,140,0.03163,14
binance,gate,FUNUSDT,0.00141100,0.03142,2126.7895,1774062977291,,,,,,,,,,0.00005,0.00005,,0.00140900,123492.00000000,0.00140800,7486.00000000,0.00140700,50744.00000000,0.00140600,62754.00000000,0.00140500,263185.00000000,0.00140400,55388.00000000,0.00140300,54004.00000000,0.00140200,773537.00000000,0.00140100,46314.00000000,0.00140000,56080.00000000,0.00141100,531537.00000000,0.00141200,146333.00000000,0.00141300,515035.00000000,0.00141400,585218.00000000,0.00141500,48060.00000000,0.00141600,585055.00000000,0.00141700,41910.00000000,0.00141800,1017579.00000000,0.00141900,609342.00000000,0.00142000,940532.00000000,0.03142,15,0.03141,140,0.03139,14,0.03138,154,0.03136,29,0.03135,209,0.03133,14,0.03129,140,0.03127,15,0.03123,154,0.03149,15,0.0315,86,0.03151,140,0.03152,15,0.03154,154,0.03155,14,0.03157,140,0.0316,15,0.03161,140,0.03163,14
binance,gate,FUNUSDT,0.00141100,0.03142,2126.7895,1774062977592,,,,,,,,,,0.00005,0.00005,,0.00140900,123492.00000000,0.00140800,7486.00000000,0.00140700,50744.00000000,0.00140600,62754.00000000,0.00140500,263185.00000000,0.00140400,55388.00000000,0.00140300,54004.00000000,0.00140200,773537.00000000,0.00140100,46314.00000000,0.00140000,56080.00000000,0.00141100,531537.00000000,0.00141200,146333.00000000,0.00141300,515035.00000000,0.00141400,585218.00000000,0.00141500,48060.00000000,0.00141600,585055.00000000,0.00141700,41910.00000000,0.00141800,1017579.00000000,0.00141900,609342.00000000,0.00142000,940532.00000000,0.03142,15,0.03141,140,0.03139,14,0.03138,154,0.03136,29,0.03135,209,0.03133,14,0.03129,140,0.03127,15,0.03123,154,0.03149,15,0.0315,86,0.03151,140,0.03152,15,0.03154,154,0.03155,14,0.03157,140,0.0316,15,0.03161,140,0.03163,14
binance,gate,FUNUSDT,0.00141100,0.03142,2126.7895,1774062977892,,,,,,,,,,0.00005,0.00005,,0.00140900,123492.00000000,0.00140800,7486.00000000,0.00140700,50744.00000000,0.00140600,62754.00000000,0.00140500,263185.00000000,0.00140400,55388.00000000,0.00140300,54004.00000000,0.00140200,773537.00000000,0.00140100,46314.00000000,0.00140000,56080.00000000,0.00141100,531537.00000000,0.00141200,146333.00000000,0.00141300,515035.00000000,0.00141400,585218.00000000,0.00141500,48060.00000000,0.00141600,585055.00000000,0.00141700,41910.00000000,0.00141800,1017579.00000000,0.00141900,609342.00000000,0.00142000,940532.00000000,0.03142,15,0.03141,140,0.03139,14,0.03138,154,0.03136,29,0.03135,209,0.03133,14,0.03129,140,0.03127,15,0.03123,154,0.03149,15,0.0315,86,0.03151,140,0.03152,15,0.03154,154,0.03155,14,0.03157,140,0.0316,15,0.03161,140,0.03163,14
binance,gate,FUNUSDT,0.00141100,0.03142,2126.7895,1774062978193,,,,,,,,,,0.00005,0.00005,,0.00140900,123492.00000000,0.00140800,7486.00000000,0.00140700,50744.00000000,0.00140600,62754.00000000,0.00140500,263185.00000000,0.00140400,55388.00000000,0.00140300,54004.00000000,0.00140200,773537.00000000,0.00140100,46314.00000000,0.00140000,56080.00000000,0.00141100,531537.00000000,0.00141200,146333.00000000,0.00141300,515035.00000000,0.00141400,585218.00000000,0.00141500,48060.00000000,0.00141600,585055.00000000,0.00141700,41910.00000000,0.00141800,1017579.00000000,0.00141900,609342.00000000,0.00142000,940532.00000000,0.03142,15,0.03141,140,0.03139,14,0.03138,154,0.03136,29,0.03135,209,0.03133,14,0.03129,140,0.03127,15,0.03123,154,0.03149,15,0.0315,86,0.03151,140,0.03152,15,0.03154,154,0.03155,14,0.03157,140,0.0316,15,0.03161,140,0.03163,14
binance,gate,FUNUSDT,0.00141100,0.03142,2126.7895,1774062978493,,,,,,,,,,0.00005,0.00005,,0.00140900,123492.00000000,0.00140800,7486.00000000,0.00140700,50744.00000000,0.00140600,62754.00000000,0.00140500,263185.00000000,0.00140400,55388.00000000,0.00140300,54004.00000000,0.00140200,773537.00000000,0.00140100,46314.00000000,0.00140000,56080.00000000,0.00141100,531537.00000000,0.00141200,146333.00000000,0.00141300,515035.00000000,0.00141400,585218.00000000,0.00141500,48060.00000000,0.00141600,585055.00000000,0.00141700,41910.00000000,0.00141800,1017579.00000000,0.00141900,609342.00000000,0.00142000,940532.00000000,0.03142,15,0.03141,140,0.03139,14,0.03138,154,0.03136,29,0.03135,209,0.03133,14,0.03129,140,0.03127,15,0.03123,154,0.0315,15,0.03151,140,0.03152,86,0.03154,154,0.03155,14,0.03157,140,0.0316,15,0.03161,140,0.03163,14,0.03164,140
binance,gate,FUNUSDT,0.00141100,0.03142,2126.7895,1774062978793,,,,,,,,,,0.00005,0.00005,,0.00140900,123492.00000000,0.00140800,7486.00000000,0.00140700,50744.00000000,0.00140600,62754.00000000,0.00140500,263185.00000000,0.00140400,55388.00000000,0.00140300,54004.00000000,0.00140200,773537.00000000,0.00140100,46314.00000000,0.00140000,56080.00000000,0.00141100,531537.00000000,0.00141200,146333.00000000,0.00141300,515035.00000000,0.00141400,585218.00000000,0.00141500,48060.00000000,0.00141600,585055.00000000,0.00141700,41910.00000000,0.00141800,1017579.00000000,0.00141900,609342.00000000,0.00142000,940532.00000000,0.03142,15,0.03141,140,0.03139,14,0.03138,154,0.03136,29,0.03135,209,0.03133,14,0.03129,140,0.03127,15,0.03123,154,0.0315,15,0.03151,140,0.03152,86,0.03154,154,0.03155,14,0.03157,140,0.0316,15,0.03161,140,0.03163,14,0.03164,140
binance,gate,FUNUSDT,0.00141100,0.03142,2126.7895,1774062979094,,,,,,,,,,0.00005,0.00005,,0.00140900,123492.00000000,0.00140800,7486.00000000,0.00140700,50744.00000000,0.00140600,62754.00000000,0.00140500,263185.00000000,0.00140400,55388.00000000,0.00140300,54004.00000000,0.00140200,773537.00000000,0.00140100,46314.00000000,0.00140000,56080.00000000,0.00141100,531537.00000000,0.00141200,146333.00000000,0.00141300,515035.00000000,0.00141400,585218.00000000,0.00141500,48060.00000000,0.00141600,585055.00000000,0.00141700,41910.00000000,0.00141800,1017579.00000000,0.00141900,609342.00000000,0.00142000,940532.00000000,0.03142,15,0.03141,140,0.03139,14,0.03138,154,0.03136,29,0.03135,209,0.03133,14,0.03129,140,0.03127,15,0.03123,154,0.0315,15,0.03151,140,0.03152,86,0.03154,154,0.03155,14,0.03157,140,0.0316,15,0.03161,140,0.03163,14,0.03164,140
binance,gate,FUNUSDT,0.00141100,0.03142,2126.7895,1774062979394,,,,,,,,,,0.00005,0.00005,,0.00140900,123492.00000000,0.00140800,7486.00000000,0.00140700,50744.00000000,0.00140600,62754.00000000,0.00140500,263185.00000000,0.00140400,55388.00000000,0.00140300,54004.00000000,0.00140200,773537.00000000,0.00140100,46314.00000000,0.00140000,56080.00000000,0.00141100,531537.00000000,0.00141200,146333.00000000,0.00141300,515035.00000000,0.00141400,585218.00000000,0.00141500,48060.00000000,0.00141600,585055.00000000,0.00141700,41910.00000000,0.00141800,1017579.00000000,0.00141900,609342.00000000,0.00142000,940532.00000000,0.03142,15,0.03141,140,0.03139,14,0.03138,154,0.03136,29,0.03135,209,0.03133,14,0.03129,140,0.03127,15,0.03123,154,0.0315,15,0.03151,140,0.03152,86,0.03154,154,0.03155,14,0.03157,140,0.0316,15,0.03161,140,0.03163,14,0.03164,140
binance,gate,FUNUSDT,0.00141100,0.03142,2126.7895,1774062979694,,,,,,,,,,0.00005,0.00005,,0.00140900,123492.00000000,0.00140800,7486.00000000,0.00140700,50744.00000000,0.00140600,62754.00000000,0.00140500,263185.00000000,0.00140400,55388.00000000,0.00140300,54004.00000000,0.00140200,773537.00000000,0.00140100,46314.00000000,0.00140000,56080.00000000,0.00141100,531537.00000000,0.00141200,146333.00000000,0.00141300,515035.00000000,0.00141400,585218.00000000,0.00141500,48060.00000000,0.00141600,585055.00000000,0.00141700,41910.00000000,0.00141800,1017579.00000000,0.00141900,609342.00000000,0.00142000,940532.00000000,0.03142,15,0.03141,140,0.03139,14,0.03138,154,0.03136,29,0.03135,209,0.03133,14,0.03129,140,0.03127,15,0.03123,154,0.0315,15,0.03151,140,0.03152,86,0.03154,154,0.03155,14,0.03157,140,0.0316,15,0.03161,140,0.03163,14,0.03164,140
binance,gate,FUNUSDT,0.00141100,0.03142,2126.7895,1774062979994,,,,,,,,,,0.00005,0.00005,,0.00140900,123492.00000000,0.00140800,7486.00000000,0.00140700,50744.00000000,0.00140600,62754.00000000,0.00140500,263185.00000000,0.00140400,55388.00000000,0.00140300,54004.00000000,0.00140200,773537.00000000,0.00140100,46314.00000000,0.00140000,56080.00000000,0.00141100,531537.00000000,0.00141200,146333.00000000,0.00141300,515035.00000000,0.00141400,585218.00000000,0.00141500,48060.00000000,0.00141600,585055.00000000,0.00141700,41910.00000000,0.00141800,1017579.00000000,0.00141900,609342.00000000,0.00142000,940532.00000000,0.03142,15,0.03141,140,0.03139,14,0.03138,154,0.03136,29,0.03135,209,0.03133,14,0.03129,140,0.03127,15,0.03123,154,0.03149,14,0.0315,15,0.03151,140,0.03152,86,0.03154,154,0.03155,14,0.03157,140,0.0316,15,0.03161,140,0.03163,14
binance,gate,FUNUSDT,0.00141100,0.03142,2126.7895,1774062980295,,,,,,,,,,0.00005,0.00005,,0.00140900,123492.00000000,0.00140800,7486.00000000,0.00140700,50744.00000000,0.00140600,62754.00000000,0.00140500,263185.00000000,0.00140400,55388.00000000,0.00140300,54004.00000000,0.00140200,773537.00000000,0.00140100,46314.00000000,0.00140000,56080.00000000,0.00141100,531537.00000000,0.00141200,146333.00000000,0.00141300,515035.00000000,0.00141400,585218.00000000,0.00141500,48060.00000000,0.00141600,585055.00000000,0.00141700,41910.00000000,0.00141800,1017579.00000000,0.00141900,609342.00000000,0.00142000,940532.00000000,0.03142,15,0.03141,140,0.03139,14,0.03138,154,0.03136,29,0.03135,209,0.03133,14,0.03129,140,0.03127,15,0.03123,154,0.0315,15,0.03151,140,0.03152,86,0.03154,154,0.03155,14,0.03157,140,0.0316,15,0.03161,140,0.03163,14,0.03164,140
binance,gate,FUNUSDT,0.00141100,0.03142,2126.7895,1774062980597,,,,,,,,,,0.00005,0.00005,,0.00140900,123492.00000000,0.00140800,7486.00000000,0.00140700,50744.00000000,0.00140600,62754.00000000,0.00140500,263185.00000000,0.00140400,55388.00000000,0.00140300,54004.00000000,0.00140200,773537.00000000,0.00140100,46314.00000000,0.00140000,56080.00000000,0.00141100,531537.00000000,0.00141200,146333.00000000,0.00141300,515035.00000000,0.00141400,585218.00000000,0.00141500,48060.00000000,0.00141600,585055.00000000,0.00141700,41910.00000000,0.00141800,1017579.00000000,0.00141900,609342.00000000,0.00142000,940532.00000000,0.03142,15,0.03141,140,0.03139,14,0.03138,154,0.03136,29,0.03135,209,0.03133,14,0.03129,140,0.03127,15,0.03123,154,0.0315,15,0.03151,140,0.03152,86,0.03154,154,0.03155,14,0.03157,140,0.0316,15,0.03161,140,0.03163,14,0.03164,140
binance,gate,FUNUSDT,0.00141100,0.03142,2126.7895,1774062980901,,,,,,,,,,0.00005,0.00005,,0.00140900,123492.00000000,0.00140800,7486.00000000,0.00140700,50744.00000000,0.00140600,62754.00000000,0.00140500,263185.00000000,0.00140400,55388.00000000,0.00140300,54004.00000000,0.00140200,773537.00000000,0.00140100,46314.00000000,0.00140000,56080.00000000,0.00141100,531537.00000000,0.00141200,146333.00000000,0.00141300,515035.00000000,0.00141400,585218.00000000,0.00141500,48060.00000000,0.00141600,585055.00000000,0.00141700,41910.00000000,0.00141800,1017579.00000000,0.00141900,609342.00000000,0.00142000,940532.00000000,0.03142,15,0.03141,140,0.03139,14,0.03138,154,0.03136,29,0.03135,209,0.03133,14,0.03129,140,0.03127,15,0.03123,154,0.0315,15,0.03151,140,0.03152,86,0.03154,154,0.03155,14,0.03157,140,0.0316,15,0.03161,140,0.03163,14,0.03164,140
binance,gate,FUNUSDT,0.00141100,0.03142,2126.7895,1774062981207,,,,,,,,,,0.00005,0.00005,,0.00140900,123492.00000000,0.00140800,7486.00000000,0.00140700,50744.00000000,0.00140600,62754.00000000,0.00140500,263185.00000000,0.00140400,55388.00000000,0.00140300,54004.00000000,0.00140200,773537.00000000,0.00140100,46314.00000000,0.00140000,56080.00000000,0.00141100,531537.00000000,0.00141200,146333.00000000,0.00141300,515035.00000000,0.00141400,585218.00000000,0.00141500,48060.00000000,0.00141600,585055.00000000,0.00141700,41910.00000000,0.00141800,1017579.00000000,0.00141900,609342.00000000,0.00142000,940532.00000000,0.03142,15,0.03141,140,0.03139,14,0.03138,154,0.03136,29,0.03135,209,0.03133,14,0.03129,140,0.03127,15,0.03123,154,0.03149,14,0.0315,86,0.03151,140,0.03152,15,0.03154,154,0.03155,14,0.03157,140,0.0316,15,0.03161,140,0.03163,14
binance,gate,FUNUSDT,0.00141100,0.03142,2126.7895,1774062981512,,,,,,,,,,0.00005,0.00005,,0.00140900,123492.00000000,0.00140800,7486.00000000,0.00140700,50744.00000000,0.00140600,62754.00000000,0.00140500,263185.00000000,0.00140400,55388.00000000,0.00140300,54004.00000000,0.00140200,58716.00000000,0.00140100,46314.00000000,0.00140000,56080.00000000,0.00141100,531537.00000000,0.00141200,146333.00000000,0.00141300,515035.00000000,0.00141400,585218.00000000,0.00141500,48060.00000000,0.00141600,585055.00000000,0.00141700,41910.00000000,0.00141800,1017579.00000000,0.00141900,609342.00000000,0.00142000,940532.00000000,0.03142,15,0.03141,140,0.03139,14,0.03138,154,0.03136,29,0.03135,209,0.03133,14,0.03129,140,0.03127,15,0.03123,154,0.03149,14,0.0315,86,0.03151,140,0.03152,15,0.03154,154,0.03155,14,0.03157,140,0.0316,15,0.03161,140,0.03163,14
binance,gate,FUNUSDT,0.00141100,0.03142,2126.7895,1774062981816,,,,,,,,,,0.00005,0.00005,,0.00140900,123492.00000000,0.00140800,7486.00000000,0.00140700,50744.00000000,0.00140600,62754.00000000,0.00140500,263185.00000000,0.00140400,55388.00000000,0.00140300,54004.00000000,0.00140200,58716.00000000,0.00140100,46314.00000000,0.00140000,56080.00000000,0.00141100,531537.00000000,0.00141200,146333.00000000,0.00141300,515035.00000000,0.00141400,585218.00000000,0.00141500,48060.00000000,0.00141600,585055.00000000,0.00141700,41910.00000000,0.00141800,1017579.00000000,0.00141900,609342.00000000,0.00142000,940532.00000000,0.03142,15,0.03141,140,0.03139,14,0.03138,154,0.03136,29,0.03135,209,0.03133,14,0.03129,140,0.03127,15,0.03123,154,0.03149,14,0.0315,86,0.03151,140,0.03152,15,0.03154,154,0.03155,14,0.03157,140,0.0316,15,0.03161,140,0.03163,14
binance,gate,FUNUSDT,0.00141100,0.03142,2126.7895,1774062982121,,,,,,,,,,0.00005,0.00005,,0.00140900,123492.00000000,0.00140800,7486.00000000,0.00140700,50744.00000000,0.00140600,62754.00000000,0.00140500,263185.00000000,0.00140400,55388.00000000,0.00140300,54004.00000000,0.00140200,58716.00000000,0.00140100,46314.00000000,0.00140000,56080.00000000,0.00141100,531537.00000000,0.00141200,146333.00000000,0.00141300,515035.00000000,0.00141400,585218.00000000,0.00141500,48060.00000000,0.00141600,585055.00000000,0.00141700,41910.00000000,0.00141800,1017579.00000000,0.00141900,609342.00000000,0.00142000,940532.00000000,0.03142,15,0.03141,140,0.03139,14,0.03138,154,0.03136,29,0.03135,209,0.03133,14,0.03129,140,0.03127,15,0.03123,154,0.03149,14,0.0315,86,0.03151,140,0.03152,15,0.03154,154,0.03155,14,0.03157,140,0.0316,15,0.03161,140,0.03163,14
binance,gate,FUNUSDT,0.00141100,0.03142,2126.7895,1774062982423,,,,,,,,,,0.00005,0.00005,,0.00140900,123492.00000000,0.00140800,7486.00000000,0.00140700,50744.00000000,0.00140600,62754.00000000,0.00140500,263185.00000000,0.00140400,55388.00000000,0.00140300,54004.00000000,0.00140200,58716.00000000,0.00140100,46314.00000000,0.00140000,56080.00000000,0.00141100,531537.00000000,0.00141200,146333.00000000,0.00141300,515035.00000000,0.00141400,585218.00000000,0.00141500,48060.00000000,0.00141600,585055.00000000,0.00141700,41910.00000000,0.00141800,1017579.00000000,0.00141900,609342.00000000,0.00142000,940532.00000000,0.03142,15,0.03141,140,0.03139,14,0.03138,154,0.03136,29,0.03135,209,0.03133,14,0.03129,140,0.03127,15,0.03123,154,0.03149,14,0.0315,86,0.03151,140,0.03152,15,0.03154,154,0.03155,14,0.03157,140,0.0316,15,0.03161,140,0.03163,14
binance,gate,FUNUSDT,0.00141100,0.03142,2126.7895,1774062982724,,,,,,,,,,0.00005,0.00005,,0.00140900,123492.00000000,0.00140800,7486.00000000,0.00140700,50744.00000000,0.00140600,62754.00000000,0.00140500,263185.00000000,0.00140400,55388.00000000,0.00140300,54004.00000000,0.00140200,58716.00000000,0.00140100,46314.00000000,0.00140000,56080.00000000,0.00141100,531537.00000000,0.00141200,146333.00000000,0.00141300,515035.00000000,0.00141400,585218.00000000,0.00141500,48060.00000000,0.00141600,585055.00000000,0.00141700,41910.00000000,0.00141800,1017579.00000000,0.00141900,609342.00000000,0.00142000,940532.00000000,0.03142,15,0.03141,140,0.03139,14,0.03138,154,0.03136,29,0.03135,209,0.03133,14,0.03129,140,0.03127,15,0.03123,154,0.03149,14,0.0315,86,0.03151,140,0.03152,15,0.03154,154,0.03155,14,0.03157,140,0.0316,15,0.03161,140,0.03163,14
binance,gate,FUNUSDT,0.00141100,0.03142,2126.7895,1774062983025,,,,,,,,,,0.00005,0.00005,,0.00140900,123492.00000000,0.00140800,7486.00000000,0.00140700,50744.00000000,0.00140600,62754.00000000,0.00140500,263185.00000000,0.00140400,55388.00000000,0.00140300,54004.00000000,0.00140200,58716.00000000,0.00140100,46314.00000000,0.00140000,56080.00000000,0.00141100,531537.00000000,0.00141200,146333.00000000,0.00141300,515035.00000000,0.00141400,585218.00000000,0.00141500,48060.00000000,0.00141600,585055.00000000,0.00141700,41910.00000000,0.00141800,1017579.00000000,0.00141900,609342.00000000,0.00142000,940532.00000000,0.03142,15,0.03141,140,0.03139,14,0.03138,154,0.03136,29,0.03135,209,0.03133,14,0.03129,140,0.03127,15,0.03123,154,0.03149,14,0.0315,86,0.03151,140,0.03152,15,0.03154,154,0.03155,14,0.03157,140,0.0316,15,0.03161,140,0.03163,14
binance,gate,FUNUSDT,0.00141100,0.03142,2126.7895,1774062983328,,,,,,,,,,0.00005,0.00005,,0.00140900,123492.00000000,0.00140800,7486.00000000,0.00140700,50744.00000000,0.00140600,62754.00000000,0.00140500,263185.00000000,0.00140400,55388.00000000,0.00140300,54004.00000000,0.00140200,58716.00000000,0.00140100,46314.00000000,0.00140000,56080.00000000,0.00141100,531537.00000000,0.00141200,146333.00000000,0.00141300,515035.00000000,0.00141400,585218.00000000,0.00141500,48060.00000000,0.00141600,585055.00000000,0.00141700,41910.00000000,0.00141800,1017579.00000000,0.00141900,609342.00000000,0.00142000,940532.00000000,0.03142,15,0.03141,140,0.03139,14,0.03138,154,0.03136,29,0.03135,209,0.03133,14,0.03129,140,0.03127,15,0.03123,154,0.03149,14,0.0315,86,0.03151,140,0.03152,15,0.03154,154,0.03155,14,0.03157,140,0.0316,15,0.03161,140,0.03163,14
binance,gate,FUNUSDT,0.00141100,0.03142,2126.7895,1774062983632,,,,,,,,,,0.00005,0.00005,,0.00140900,123492.00000000,0.00140800,7486.00000000,0.00140700,50744.00000000,0.00140600,62754.00000000,0.00140500,263185.00000000,0.00140400,55388.00000000,0.00140300,54004.00000000,0.00140200,58716.00000000,0.00140100,46314.00000000,0.00140000,56080.00000000,0.00141100,531537.00000000,0.00141200,146333.00000000,0.00141300,515035.00000000,0.00141400,585218.00000000,0.00141500,48060.00000000,0.00141600,585055.00000000,0.00141700,41910.00000000,0.00141800,1017579.00000000,0.00141900,609342.00000000,0.00142000,940532.00000000,0.03142,15,0.03141,140,0.03139,14,0.03138,154,0.03136,29,0.03135,209,0.03133,14,0.03129,140,0.03127,15,0.03123,154,0.03149,14,0.0315,86,0.03151,140,0.03152,15,0.03154,154,0.03155,14,0.03157,140,0.0316,15,0.03161,140,0.03163,14
binance,gate,FUNUSDT,0.00141100,0.03142,2126.7895,1774062983932,,,,,,,,,,0.00005,0.00005,,0.00140900,123492.00000000,0.00140800,7486.00000000,0.00140700,50744.00000000,0.00140600,62754.00000000,0.00140500,263185.00000000,0.00140400,55388.00000000,0.00140300,54004.00000000,0.00140200,58716.00000000,0.00140100,46314.00000000,0.00140000,56080.00000000,0.00141100,531537.00000000,0.00141200,146333.00000000,0.00141300,515035.00000000,0.00141400,585218.00000000,0.00141500,48060.00000000,0.00141600,585055.00000000,0.00141700,41910.00000000,0.00141800,1017579.00000000,0.00141900,609342.00000000,0.00142000,940532.00000000,0.03142,15,0.03141,140,0.03139,14,0.03138,154,0.03136,29,0.03135,209,0.03133,14,0.03129,140,0.03127,15,0.03123,154,0.03149,14,0.0315,86,0.03151,140,0.03152,15,0.03154,154,0.03155,14,0.03157,140,0.0316,15,0.03161,140,0.03163,14
binance,gate,FUNUSDT,0.00141100,0.03142,2126.7895,1774062984239,,,,,,,,,,0.00005,0.00005,,0.00140900,123492.00000000,0.00140800,7486.00000000,0.00140700,50744.00000000,0.00140600,62754.00000000,0.00140500,263185.00000000,0.00140400,55388.00000000,0.00140300,54004.00000000,0.00140200,58716.00000000,0.00140100,46314.00000000,0.00140000,56080.00000000,0.00141100,531537.00000000,0.00141200,146333.00000000,0.00141300,515035.00000000,0.00141400,585218.00000000,0.00141500,48060.00000000,0.00141600,585055.00000000,0.00141700,41910.00000000,0.00141800,1017579.00000000,0.00141900,609342.00000000,0.00142000,940532.00000000,0.03142,15,0.03141,140,0.03139,14,0.03138,154,0.03136,29,0.03135,209,0.03133,14,0.03129,140,0.03127,15,0.03123,154,0.03149,14,0.0315,86,0.03151,140,0.03152,15,0.03154,154,0.03155,14,0.03157,140,0.0316,15,0.03161,140,0.03163,14
binance,gate,FUNUSDT,0.00141100,0.03142,2126.7895,1774062984540,,,,,,,,,,0.00005,0.00005,,0.00140900,123492.00000000,0.00140800,7486.00000000,0.00140700,50744.00000000,0.00140600,62754.00000000,0.00140500,263185.00000000,0.00140400,55388.00000000,0.00140300,54004.00000000,0.00140200,58716.00000000,0.00140100,46314.00000000,0.00140000,56080.00000000,0.00141100,531537.00000000,0.00141200,146333.00000000,0.00141300,515035.00000000,0.00141400,585218.00000000,0.00141500,48060.00000000,0.00141600,585055.00000000,0.00141700,41910.00000000,0.00141800,1017579.00000000,0.00141900,609342.00000000,0.00142000,940532.00000000,0.03142,15,0.03141,140,0.03139,14,0.03138,154,0.03136,29,0.03135,209,0.03133,14,0.03129,140,0.03127,15,0.03123,154,0.03149,14,0.0315,86,0.03151,140,0.03152,15,0.03154,154,0.03155,14,0.03157,140,0.0316,15,0.03161,140,0.03163,14
binance,gate,FUNUSDT,0.00141100,0.03142,2126.7895,1774062984840,,,,,,,,,,0.00005,0.00005,,0.00140900,123492.00000000,0.00140800,7486.00000000,0.00140700,50744.00000000,0.00140600,62754.00000000,0.00140500,263185.00000000,0.00140400,55388.00000000,0.00140300,54004.00000000,0.00140200,58716.00000000,0.00140100,46314.00000000,0.00140000,56080.00000000,0.00141100,531537.00000000,0.00141200,146333.00000000,0.00141300,515035.00000000,0.00141400,585218.00000000,0.00141500,48060.00000000,0.00141600,585055.00000000,0.00141700,41910.00000000,0.00141800,1017579.00000000,0.00141900,609342.00000000,0.00142000,940532.00000000,0.03142,15,0.03141,140,0.03139,14,0.03138,154,0.03136,29,0.03135,209,0.03133,14,0.03129,140,0.03127,15,0.03123,154,0.03149,14,0.0315,86,0.03151,140,0.03152,15,0.03154,154,0.03155,14,0.03157,140,0.0316,15,0.03161,140,0.03163,14
binance,gate,FUNUSDT,0.00141100,0.03139,2124.6634,1774062985140,,,,,,,,,,0.00005,0.00005,,0.00140900,123492.00000000,0.00140800,7486.00000000,0.00140700,50744.00000000,0.00140600,62754.00000000,0.00140500,263185.00000000,0.00140400,55388.00000000,0.00140300,54004.00000000,0.00140200,58716.00000000,0.00140100,46314.00000000,0.00140000,56080.00000000,0.00141100,531537.00000000,0.00141200,146333.00000000,0.00141300,515035.00000000,0.00141400,585218.00000000,0.00141500,48060.00000000,0.00141600,585055.00000000,0.00141700,41910.00000000,0.00141800,1017579.00000000,0.00141900,609342.00000000,0.00142000,940532.00000000,0.03139,14,0.03138,154,0.03136,29,0.03135,209,0.03133,14,0.03129,140,0.03127,15,0.03123,154,0.03117,140,0.03112,15,0.03147,14,0.03148,140,0.03149,14,0.0315,86,0.03151,140,0.03152,15,0.03154,154,0.03155,14,0.03157,140,0.0316,15
binance,gate,FUNUSDT,0.00141100,0.03139,2124.6634,1774062985440,,,,,,,,,,0.00005,0.00005,,0.00140900,123492.00000000,0.00140800,7486.00000000,0.00140700,50744.00000000,0.00140600,62754.00000000,0.00140500,263185.00000000,0.00140400,55388.00000000,0.00140300,54004.00000000,0.00140200,58716.00000000,0.00140100,46314.00000000,0.00140000,56080.00000000,0.00141100,531537.00000000,0.00141200,146333.00000000,0.00141300,515035.00000000,0.00141400,585218.00000000,0.00141500,48060.00000000,0.00141600,585055.00000000,0.00141700,41910.00000000,0.00141800,1017579.00000000,0.00141900,609342.00000000,0.00142000,940532.00000000,0.03139,14,0.03138,154,0.03136,29,0.03135,209,0.03133,14,0.03129,140,0.03127,15,0.03123,154,0.03117,140,0.03112,15,0.03147,14,0.03148,140,0.03149,14,0.0315,86,0.03151,140,0.03152,15,0.03154,154,0.03155,14,0.03157,140,0.0316,15
binance,gate,FUNUSDT,0.00141100,0.03139,2124.6634,1774062985740,,,,,,,,,,0.00005,0.00005,,0.00140900,123492.00000000,0.00140800,7486.00000000,0.00140700,50744.00000000,0.00140600,62754.00000000,0.00140500,263185.00000000,0.00140400,55388.00000000,0.00140300,54004.00000000,0.00140200,58716.00000000,0.00140100,46314.00000000,0.00140000,56080.00000000,0.00141100,531537.00000000,0.00141200,146333.00000000,0.00141300,515035.00000000,0.00141400,585218.00000000,0.00141500,48060.00000000,0.00141600,585055.00000000,0.00141700,41910.00000000,0.00141800,1017579.00000000,0.00141900,609342.00000000,0.00142000,940532.00000000,0.03139,14,0.03138,154,0.03136,29,0.03135,209,0.03133,14,0.03129,140,0.03127,15,0.03123,154,0.03117,140,0.03112,15,0.03147,14,0.03148,140,0.03149,14,0.0315,86,0.03151,140,0.03152,15,0.03154,154,0.03155,14,0.03157,140,0.0316,15
binance,gate,FUNUSDT,0.00141100,0.03139,2124.6634,1774062986048,,,,,,,,,,0.00005,0.00005,,0.00140900,123492.00000000,0.00140800,7486.00000000,0.00140700,50744.00000000,0.00140600,62754.00000000,0.00140500,263185.00000000,0.00140400,55388.00000000,0.00140300,54004.00000000,0.00140200,58716.00000000,0.00140100,46314.00000000,0.00140000,56080.00000000,0.00141100,531537.00000000,0.00141200,146333.00000000,0.00141300,515035.00000000,0.00141400,585218.00000000,0.00141500,48060.00000000,0.00141600,585055.00000000,0.00141700,41910.00000000,0.00141800,1017579.00000000,0.00141900,609342.00000000,0.00142000,940532.00000000,0.03139,14,0.03138,154,0.03136,29,0.03135,209,0.03133,14,0.03129,140,0.03127,15,0.03123,154,0.03117,140,0.03112,15,0.03147,14,0.03148,140,0.03149,14,0.0315,86,0.03151,140,0.03152,15,0.03154,154,0.03155,14,0.03157,140,0.0316,15
binance,gate,FUNUSDT,0.00141100,0.03139,2124.6634,1774062986352,,,,,,,,,,0.00005,0.00005,,0.00140900,123492.00000000,0.00140800,7486.00000000,0.00140700,50744.00000000,0.00140600,62754.00000000,0.00140500,263185.00000000,0.00140400,55388.00000000,0.00140300,54004.00000000,0.00140200,58716.00000000,0.00140100,46314.00000000,0.00140000,56080.00000000,0.00141100,531537.00000000,0.00141200,146333.00000000,0.00141300,515035.00000000,0.00141400,585218.00000000,0.00141500,48060.00000000,0.00141600,585055.00000000,0.00141700,41910.00000000,0.00141800,1017579.00000000,0.00141900,609342.00000000,0.00142000,940532.00000000,0.03139,14,0.03138,154,0.03136,29,0.03135,209,0.03133,14,0.03129,140,0.03127,15,0.03123,154,0.03117,140,0.03112,15,0.03147,14,0.03148,140,0.03149,14,0.0315,86,0.03151,140,0.03152,15,0.03154,154,0.03155,14,0.03157,140,0.0316,15
binance,gate,FUNUSDT,0.00141100,0.03139,2124.6634,1774062986667,,,,,,,,,,0.00005,0.00005,,0.00140900,123492.00000000,0.00140800,7486.00000000,0.00140700,50744.00000000,0.00140600,62754.00000000,0.00140500,263185.00000000,0.00140400,55388.00000000,0.00140300,54004.00000000,0.00140200,58716.00000000,0.00140100,46314.00000000,0.00140000,56080.00000000,0.00141100,531537.00000000,0.00141200,146333.00000000,0.00141300,515035.00000000,0.00141400,585218.00000000,0.00141500,48060.00000000,0.00141600,585055.00000000,0.00141700,41910.00000000,0.00141800,1017579.00000000,0.00141900,609342.00000000,0.00142000,940532.00000000,0.03139,14,0.03138,154,0.03136,29,0.03135,209,0.03133,14,0.03129,140,0.03127,15,0.03123,154,0.03117,140,0.03112,15,0.03147,14,0.03148,140,0.03149,14,0.0315,86,0.03151,140,0.03152,15,0.03154,154,0.03155,14,0.03157,140,0.0316,15
binance,gate,FUNUSDT,0.00141100,0.03142,2126.7895,1774062986981,,,,,,,,,,0.00005,0.00005,,0.00140900,123492.00000000,0.00140800,7486.00000000,0.00140700,50744.00000000,0.00140600,62754.00000000,0.00140500,263185.00000000,0.00140400,55388.00000000,0.00140300,54004.00000000,0.00140200,58716.00000000,0.00140100,46314.00000000,0.00140000,56080.00000000,0.00141100,531537.00000000,0.00141200,146333.00000000,0.00141300,515035.00000000,0.00141400,585218.00000000,0.00141500,48060.00000000,0.00141600,585055.00000000,0.00141700,41910.00000000,0.00141800,1017579.00000000,0.00141900,609342.00000000,0.00142000,940532.00000000,0.03142,14,0.03141,140,0.03139,14,0.03138,208,0.03136,29,0.03135,155,0.03133,14,0.03129,140,0.03127,15,0.03123,154,0.0315,15,0.03151,140,0.03152,86,0.03154,154,0.03155,14,0.03157,140,0.0316,15,0.03161,140,0.03163,14,0.03164,140
binance,gate,FUNUSDT,0.00141100,0.03145,2128.9157,1774062987299,,,,,,,,,,0.00005,0.00005,,0.00140900,123492.00000000,0.00140800,7486.00000000,0.00140700,50744.00000000,0.00140600,62754.00000000,0.00140500,263185.00000000,0.00140400,55388.00000000,0.00140300,54004.00000000,0.00140200,58716.00000000,0.00140100,46314.00000000,0.00140000,56080.00000000,0.00141100,531537.00000000,0.00141200,146333.00000000,0.00141300,515035.00000000,0.00141400,585218.00000000,0.00141500,48060.00000000,0.00141600,585055.00000000,0.00141700,41910.00000000,0.00141800,1017579.00000000,0.00141900,609342.00000000,0.00142000,940532.00000000,0.03145,14,0.03144,140,0.03142,14,0.03141,140,0.03139,14,0.03138,208,0.03136,29,0.03135,155,0.03133,14,0.03129,140,0.0315,15,0.03152,15,0.03154,225,0.03155,14,0.03157,140,0.0316,15,0.03161,140,0.03163,14,0.03164,140,0.03166,15
binance,gate,FUNUSDT,0.00141100,0.03145,2128.9157,1774062987614,,,,,,,,,,0.00005,0.00005,,0.00140900,123492.00000000,0.00140800,7486.00000000,0.00140700,50744.00000000,0.00140600,62754.00000000,0.00140500,263185.00000000,0.00140400,55388.00000000,0.00140300,54004.00000000,0.00140200,58716.00000000,0.00140100,46314.00000000,0.00140000,56080.00000000,0.00141100,531537.00000000,0.00141200,146333.00000000,0.00141300,515035.00000000,0.00141400,585218.00000000,0.00141500,48060.00000000,0.00141600,585055.00000000,0.00141700,41910.00000000,0.00141800,1017579.00000000,0.00141900,609342.00000000,0.00142000,940532.00000000,0.03145,140,0.03142,15,0.03141,144,0.0314,14,0.03138,140,0.03137,14,0.03135,140,0.03134,14,0.03131,14,0.03129,140,0.03149,14,0.03152,77,0.03154,14,0.03155,14,0.0316,15,0.03161,140,0.03163,14,0.03164,140,0.03166,15,0.03167,140
binance,gate,FUNUSDT,0.00141100,0.03148,2131.0418,1774062987928,,,,,,,,,,0.00005,0.00005,,0.00140800,3221.00000000,0.00140600,62754.00000000,0.00140500,49876.00000000,0.00140400,55388.00000000,0.00140300,54004.00000000,0.00140200,58716.00000000,0.00140100,46314.00000000,0.00140000,56080.00000000,0.00139900,244029.00000000,0.00139800,590209.00000000,0.00140900,608540.00000000,0.00141000,305273.00000000,0.00141100,758542.00000000,0.00141200,599481.00000000,0.00141300,515035.00000000,0.00141400,585218.00000000,0.00141500,197872.00000000,0.00141600,975101.00000000,0.00141700,239782.00000000,0.00141800,1017579.00000000,0.03146,14,0.03145,140,0.03142,14,0.03141,140,0.0314,14,0.03138,140,0.03137,14,0.03135,140,0.03134,14,0.03131,14,0.03155,14,0.03157,62,0.0316,15,0.03161,140,0.03163,14,0.03164,140,0.03166,15,0.03167,140,0.03168,15,0.0317,154
binance,gate,FUNUSDT,0.00141100,0.03148,2131.0418,1774062988239,,,,,,,,,,0.00005,0.00005,,0.00140800,3221.00000000,0.00140600,516385.00000000,0.00140500,49876.00000000,0.00140400,55388.00000000,0.00140300,54004.00000000,0.00140200,58716.00000000,0.00140100,46314.00000000,0.00140000,56080.00000000,0.00139900,46297.00000000,0.00139800,590209.00000000,0.00140900,608540.00000000,0.00141000,305273.00000000,0.00141100,758542.00000000,0.00141200,599481.00000000,0.00141300,515035.00000000,0.00141400,585218.00000000,0.00141500,197872.00000000,0.00141600,975101.00000000,0.00141700,239782.00000000,0.00141800,1017579.00000000,0.03148,2,0.03146,14,0.03145,140,0.03142,14,0.03141,154,0.0314,78,0.03138,140,0.03137,14,0.03135,140,0.03134,14,0.03158,140,0.0316,76,0.03161,140,0.03163,14,0.03164,140,0.03166,15,0.03167,140,0.03168,15,0.0317,154,0.03171,15
binance,gate,FUNUSDT,0.00140900,0.03143,2130.66,1774062988550,,,,,,,,,,0.00005,0.00005,,0.00140800,3221.00000000,0.00140600,516385.00000000,0.00140500,49876.00000000,0.00140400,55388.00000000,0.00140300,54004.00000000,0.00140200,58716.00000000,0.00140100,46314.00000000,0.00140000,56080.00000000,0.00139900,46297.00000000,0.00139800,590209.00000000,0.00140900,615637.00000000,0.00141000,305273.00000000,0.00141100,758542.00000000,0.00141200,599481.00000000,0.00141300,340347.00000000,0.00141400,585218.00000000,0.00141500,197872.00000000,0.00141600,975101.00000000,0.00141700,239782.00000000,0.00141800,1017579.00000000,0.03142,18,0.03141,154,0.0314,14,0.03138,204,0.03137,14,0.03135,140,0.03134,14,0.03131,14,0.03129,140,0.03128,14,0.03152,14,0.03153,44,0.03154,75,0.03155,154,0.03156,14,0.03157,14,0.03158,140,0.0316,15,0.03161,140,0.03163,14
binance,gate,FUNUSDT,0.00140900,0.03142,2129.9503,1774062988854,,,,,,,,,,0.00005,0.00005,,0.00140800,3221.00000000,0.00140600,516385.00000000,0.00140500,49876.00000000,0.00140400,55388.00000000,0.00140300,54004.00000000,0.00140200,58716.00000000,0.00140100,46314.00000000,0.00140000,56080.00000000,0.00139900,46297.00000000,0.00139800,590209.00000000,0.00140900,615637.00000000,0.00141000,305273.00000000,0.00141100,758542.00000000,0.00141200,599481.00000000,0.00141300,340347.00000000,0.00141400,585218.00000000,0.00141500,197872.00000000,0.00141600,975101.00000000,0.00141700,239782.00000000,0.00141800,1017579.00000000,0.03142,14,0.03141,154,0.0314,14,0.03138,140,0.03137,14,0.03135,140,0.03134,78,0.03131,14,0.03129,140,0.03128,14,0.03151,14,0.03152,75,0.03153,14,0.03154,14,0.03155,154,0.03156,14,0.03157,14,0.03158,140,0.0316,15,0.03161,140
binance,gate,FUNUSDT,0.00140900,0.03142,2129.9503,1774062989160,,,,,,,,,,0.00005,0.00005,,0.00140700,89504.00000000,0.00140600,520652.00000000,0.00140500,49876.00000000,0.00140400,55388.00000000,0.00140300,54004.00000000,0.00140200,58716.00000000,0.00140100,46314.00000000,0.00140000,56080.00000000,0.00139900,46297.00000000,0.00139800,590209.00000000,0.00140900,603692.00000000,0.00141000,305273.00000000,0.00141100,758542.00000000,0.00141200,599481.00000000,0.00141300,340347.00000000,0.00141400,585218.00000000,0.00141500,197872.00000000,0.00141600,975101.00000000,0.00141700,239782.00000000,0.00141800,1017579.00000000,0.03142,1,0.03141,154,0.0314,14,0.03138,140,0.03137,78,0.03135,140,0.03134,14,0.03131,14,0.03129,140,0.03128,14,0.0315,14,0.03151,154,0.03152,75,0.03153,14,0.03154,14,0.03155,154,0.03156,14,0.03157,14,0.03158,140,0.0316,15
binance,gate,FUNUSDT,0.00140900,0.03142,2129.9503,1774062989460,,,,,,,,,,0.00005,0.00005,,0.00140700,89504.00000000,0.00140600,520652.00000000,0.00140500,49876.00000000,0.00140400,55388.00000000,0.00140300,54004.00000000,0.00140200,58716.00000000,0.00140100,46314.00000000,0.00140000,56080.00000000,0.00139900,765049.00000000,0.00139800,55840.00000000,0.00140900,603692.00000000,0.00141000,173010.00000000,0.00141100,758542.00000000,0.00141200,599481.00000000,0.00141300,340347.00000000,0.00141400,585218.00000000,0.00141500,197872.00000000,0.00141600,975101.00000000,0.00141700,239782.00000000,0.00141800,1017579.00000000,0.03142,14,0.03141,154,0.0314,14,0.03138,140,0.03137,78,0.03135,140,0.03134,14,0.03131,14,0.03129,140,0.03128,14,0.03149,14,0.0315,14,0.03151,154,0.03152,75,0.03153,14,0.03154,14,0.03155,154,0.03156,14,0.03157,14,0.03158,140
binance,gate,FUNUSDT,0.00140900,0.03142,2129.9503,1774062989760,,,,,,,,,,0.00005,0.00005,,0.00140700,89504.00000000,0.00140600,520652.00000000,0.00140500,49876.00000000,0.00140400,55388.00000000,0.00140300,54004.00000000,0.00140200,58716.00000000,0.00140100,46314.00000000,0.00140000,56080.00000000,0.00139900,765049.00000000,0.00139800,55840.00000000,0.00140900,603692.00000000,0.00141000,173010.00000000,0.00141100,758542.00000000,0.00141200,599481.00000000,0.00141300,340347.00000000,0.00141400,585218.00000000,0.00141500,197872.00000000,0.00141600,975101.00000000,0.00141700,239782.00000000,0.00141800,1017579.00000000,0.03142,14,0.03141,154,0.0314,14,0.03138,140,0.03137,78,0.03135,140,0.03134,14,0.03131,14,0.03129,140,0.03128,14,0.03149,14,0.0315,15,0.03151,154,0.03152,75,0.03153,14,0.03154,14,0.03155,154,0.03156,14,0.03157,14,0.03158,140
binance,gate,FUNUSDT,0.00140900,0.03142,2129.9503,1774062990060,,,,,,,,,,0.00005,0.00005,,0.00140700,89504.00000000,0.00140600,520652.00000000,0.00140500,49876.00000000,0.00140400,55388.00000000,0.00140300,54004.00000000,0.00140200,58716.00000000,0.00140100,46314.00000000,0.00140000,56080.00000000,0.00139900,765049.00000000,0.00139800,55840.00000000,0.00140900,603692.00000000,0.00141000,173010.00000000,0.00141100,758542.00000000,0.00141200,599481.00000000,0.00141300,340347.00000000,0.00141400,585218.00000000,0.00141500,197872.00000000,0.00141600,975101.00000000,0.00141700,239782.00000000,0.00141800,1017579.00000000,0.03142,14,0.03141,154,0.0314,14,0.03138,140,0.03137,78,0.03135,140,0.03134,14,0.03131,14,0.03129,140,0.03128,14,0.0315,14,0.03151,154,0.03152,14,0.03153,14,0.03154,75,0.03155,154,0.03156,14,0.03157,14,0.03158,140,0.0316,15
binance,gate,FUNUSDT,0.00140900,0.03142,2129.9503,1774062990360,,,,,,,,,,0.00005,0.00005,,0.00140700,89504.00000000,0.00140600,520652.00000000,0.00140500,49876.00000000,0.00140400,55388.00000000,0.00140300,54004.00000000,0.00140200,277746.00000000,0.00140100,46314.00000000,0.00140000,56080.00000000,0.00139900,765049.00000000,0.00139800,55840.00000000,0.00140900,603692.00000000,0.00141000,173010.00000000,0.00141100,758542.00000000,0.00141200,599481.00000000,0.00141300,340347.00000000,0.00141400,585218.00000000,0.00141500,197872.00000000,0.00141600,975101.00000000,0.00141700,239782.00000000,0.00141800,1017579.00000000,0.03142,14,0.03141,154,0.0314,14,0.03138,140,0.03137,78,0.03135,140,0.03131,14,0.03129,140,0.03128,14,0.03124,140,0.0315,14,0.03151,154,0.03153,14,0.03154,75,0.03155,154,0.03156,14,0.03157,14,0.03158,140,0.0316,15,0.03161,140
binance,gate,FUNUSDT,0.00140900,0.03142,2129.9503,1774062990660,,,,,,,,,,0.00005,0.00005,,0.00140700,89504.00000000,0.00140600,520652.00000000,0.00140500,49876.00000000,0.00140400,55388.00000000,0.00140300,54004.00000000,0.00140200,277746.00000000,0.00140100,46314.00000000,0.00140000,56080.00000000,0.00139900,765049.00000000,0.00139800,55840.00000000,0.00140900,603692.00000000,0.00141000,173010.00000000,0.00141100,758542.00000000,0.00141200,599481.00000000,0.00141300,340347.00000000,0.00141400,585218.00000000,0.00141500,197872.00000000,0.00141600,975101.00000000,0.00141700,239782.00000000,0.00141800,1017579.00000000,0.03142,14,0.03141,154,0.0314,14,0.03138,140,0.03137,14,0.03135,204,0.03131,14,0.03129,140,0.03128,14,0.03124,140,0.0315,14,0.03151,154,0.03153,14,0.03154,75,0.03155,154,0.03156,14,0.03157,14,0.03158,140,0.0316,15,0.03161,140
binance,gate,FUNUSDT,0.00140900,0.03142,2129.9503,1774062990960,,,,,,,,,,0.00005,0.00005,,0.00140700,89504.00000000,0.00140600,520652.00000000,0.00140500,49876.00000000,0.00140400,55388.00000000,0.00140300,54004.00000000,0.00140200,277746.00000000,0.00140100,46314.00000000,0.00140000,56080.00000000,0.00139900,765049.00000000,0.00139800,55840.00000000,0.00140900,603692.00000000,0.00141000,173010.00000000,0.00141100,758542.00000000,0.00141200,599481.00000000,0.00141300,340347.00000000,0.00141400,585218.00000000,0.00141500,197872.00000000,0.00141600,975101.00000000,0.00141700,239782.00000000,0.00141800,1017579.00000000,0.03142,14,0.03141,154,0.0314,14,0.03138,140,0.03137,14,0.03135,154,0.03131,14,0.03129,140,0.03128,14,0.03124,140,0.03149,14,0.0315,14,0.03151,154,0.03153,14,0.03154,75,0.03155,154,0.03156,14,0.03157,14,0.03158,140,0.0316,15
binance,gate,FUNUSDT,0.00140900,0.03142,2129.9503,1774062991260,,,,,,,,,,0.00005,0.00005,,0.00140700,89504.00000000,0.00140600,520652.00000000,0.00140500,49876.00000000,0.00140400,55388.00000000,0.00140300,54004.00000000,0.00140200,277746.00000000,0.00140100,46314.00000000,0.00140000,56080.00000000,0.00139900,765049.00000000,0.00139800,55840.00000000,0.00140900,603692.00000000,0.00141000,173010.00000000,0.00141100,758542.00000000,0.00141200,599481.00000000,0.00141300,340347.00000000,0.00141400,585218.00000000,0.00141500,197872.00000000,0.00141600,975101.00000000,0.00141700,239782.00000000,0.00141800,1017579.00000000,0.03142,14,0.03141,154,0.0314,14,0.03138,140,0.03137,14,0.03135,154,0.03134,64,0.03131,14,0.03129,140,0.03128,14,0.0315,14,0.03151,154,0.03153,75,0.03154,14,0.03155,154,0.03156,14,0.03157,14,0.03158,140,0.0316,15,0.03161,140
binance,gate,FUNUSDT,0.00140900,0.03142,2129.9503,1774062991561,,,,,,,,,,0.00005,0.00005,,0.00140700,89504.00000000,0.00140600,520652.00000000,0.00140500,49876.00000000,0.00140400,55388.00000000,0.00140300,54004.00000000,0.00140200,277746.00000000,0.00140100,46314.00000000,0.00140000,56080.00000000,0.00139900,765049.00000000,0.00139800,55840.00000000,0.00140900,603692.00000000,0.00141000,173010.00000000,0.00141100,758542.00000000,0.00141200,599481.00000000,0.00141300,340347.00000000,0.00141400,585218.00000000,0.00141500,197872.00000000,0.00141600,975101.00000000,0.00141700,239782.00000000,0.00141800,1017579.00000000,0.03142,14,0.03141,154,0.0314,14,0.03138,140,0.03137,14,0.03135,218,0.03131,14,0.03129,140,0.03128,14,0.03124,140,0.0315,14,0.03151,154,0.03153,75,0.03154,14,0.03155,154,0.03156,14,0.03157,14,0.03158,140,0.0316,15,0.03161,140
binance,gate,FUNUSDT,0.00140900,0.03142,2129.9503,1774062991861,,,,,,,,,,0.00005,0.00005,,0.00140700,89504.00000000,0.00140600,520652.00000000,0.00140500,49876.00000000,0.00140400,55388.00000000,0.00140300,54004.00000000,0.00140200,277746.00000000,0.00140100,46314.00000000,0.00140000,56080.00000000,0.00139900,765049.00000000,0.00139800,55840.00000000,0.00140900,603692.00000000,0.00141000,173010.00000000,0.00141100,758542.00000000,0.00141200,599481.00000000,0.00141300,340347.00000000,0.00141400,585218.00000000,0.00141500,197872.00000000,0.00141600,975101.00000000,0.00141700,239782.00000000,0.00141800,1017579.00000000,0.03142,14,0.03141,154,0.0314,14,0.03138,140,0.03137,14,0.03135,154,0.03134,64,0.03131,14,0.03129,140,0.03128,14,0.03149,14,0.0315,15,0.03151,154,0.03153,75,0.03154,14,0.03155,154,0.03156,14,0.03157,14,0.03158,140,0.0316,15
binance,gate,FUNUSDT,0.00140900,0.03142,2129.9503,1774062992161,,,,,,,,,,0.00005,0.00005,,0.00140700,89504.00000000,0.00140600,520652.00000000,0.00140500,49876.00000000,0.00140400,55388.00000000,0.00140300,54004.00000000,0.00140200,277746.00000000,0.00140100,46314.00000000,0.00140000,56080.00000000,0.00139900,765049.00000000,0.00139800,55840.00000000,0.00140900,603692.00000000,0.00141000,173010.00000000,0.00141100,758542.00000000,0.00141200,599481.00000000,0.00141300,340347.00000000,0.00141400,585218.00000000,0.00141500,197872.00000000,0.00141600,975101.00000000,0.00141700,239782.00000000,0.00141800,1017579.00000000,0.03142,14,0.03141,154,0.0314,14,0.03138,140,0.03137,78,0.03135,154,0.03131,14,0.03129,140,0.03128,14,0.03124,140,0.0315,14,0.03151,154,0.03153,75,0.03154,14,0.03155,154,0.03156,14,0.03157,14,0.03158,140,0.0316,15,0.03161,140
binance,gate,FUNUSDT,0.00140900,0.03142,2129.9503,1774062992461,,,,,,,,,,0.00005,0.00005,,0.00140700,89504.00000000,0.00140600,520652.00000000,0.00140500,49876.00000000,0.00140400,55388.00000000,0.00140300,54004.00000000,0.00140200,277746.00000000,0.00140100,46314.00000000,0.00140000,56080.00000000,0.00139900,765049.00000000,0.00139800,55840.00000000,0.00140900,603692.00000000,0.00141000,173010.00000000,0.00141100,758542.00000000,0.00141200,599481.00000000,0.00141300,340347.00000000,0.00141400,585218.00000000,0.00141500,197872.00000000,0.00141600,975101.00000000,0.00141700,239782.00000000,0.00141800,1017579.00000000,0.03142,14,0.03141,154,0.0314,14,0.03138,140,0.03137,14,0.03136,64,0.03135,154,0.03131,14,0.03129,140,0.03128,14,0.0315,14,0.03151,154,0.03153,75,0.03154,14,0.03155,154,0.03156,14,0.03157,14,0.03158,140,0.0316,15,0.03161,140
binance,gate,FUNUSDT,0.00140900,0.03142,2129.9503,1774062992762,,,,,,,,,,0.00005,0.00005,,0.00140700,89504.00000000,0.00140600,520652.00000000,0.00140500,49876.00000000,0.00140400,55388.00000000,0.00140300,54004.00000000,0.00140200,277746.00000000,0.00140100,46314.00000000,0.00140000,56080.00000000,0.00139900,765049.00000000,0.00139800,55840.00000000,0.00140900,603692.00000000,0.00141000,173010.00000000,0.00141100,758542.00000000,0.00141200,599481.00000000,0.00141300,340347.00000000,0.00141400,585218.00000000,0.00141500,197872.00000000,0.00141600,975101.00000000,0.00141700,239782.00000000,0.00141800,1017579.00000000,0.03142,14,0.03141,154,0.0314,14,0.03138,140,0.03137,14,0.03135,154,0.03131,14,0.03129,140,0.03128,14,0.03124,140,0.0315,14,0.03151,154,0.03153,75,0.03154,14,0.03155,154,0.03156,14,0.03157,14,0.03158,140,0.0316,15,0.03161,140
binance,gate,FUNUSDT,0.00140900,0.03142,2129.9503,1774062993062,,,,,,,,,,0.00005,0.00005,,0.00140700,89504.00000000,0.00140600,520652.00000000,0.00140500,49876.00000000,0.00140400,55388.00000000,0.00140300,54004.00000000,0.00140200,277746.00000000,0.00140100,46314.00000000,0.00140000,56080.00000000,0.00139900,765049.00000000,0.00139800,55840.00000000,0.00140900,603692.00000000,0.00141000,173010.00000000,0.00141100,758542.00000000,0.00141200,599481.00000000,0.00141300,340347.00000000,0.00141400,585218.00000000,0.00141500,197872.00000000,0.00141600,975101.00000000,0.00141700,239782.00000000,0.00141800,1017579.00000000,0.03142,14,0.03141,154,0.0314,14,0.03138,140,0.03137,78,0.03135,154,0.03131,14,0.03129,140,0.03128,14,0.03124,140,0.0315,14,0.03151,154,0.03153,75,0.03154,14,0.03155,154,0.03156,14,0.03157,14,0.03158,140,0.0316,15,0.03161,140
binance,gate,FUNUSDT,0.00140900,0.03142,2129.9503,1774062993363,,,,,,,,,,0.00005,0.00005,,0.00140700,89504.00000000,0.00140600,520652.00000000,0.00140500,49876.00000000,0.00140400,55388.00000000,0.00140300,54004.00000000,0.00140200,277746.00000000,0.00140100,46314.00000000,0.00140000,56080.00000000,0.00139900,765049.00000000,0.00139800,55840.00000000,0.00140900,603692.00000000,0.00141000,173010.00000000,0.00141100,758542.00000000,0.00141200,599481.00000000,0.00141300,340347.00000000,0.00141400,585218.00000000,0.00141500,197872.00000000,0.00141600,975101.00000000,0.00141700,239782.00000000,0.00141800,1017579.00000000,0.03142,14,0.03141,154,0.0314,14,0.03138,140,0.03137,14,0.03135,154,0.03134,64,0.03131,14,0.03129,140,0.03128,14,0.0315,14,0.03151,154,0.03153,75,0.03154,14,0.03155,154,0.03157,14,0.03158,140,0.0316,15,0.03161,140,0.03163,14
binance,gate,FUNUSDT,0.00140900,0.03142,2129.9503,1774062993673,,,,,,,,,,0.00005,0.00005,,0.00140700,89504.00000000,0.00140600,520652.00000000,0.00140500,49876.00000000,0.00140400,55388.00000000,0.00140300,54004.00000000,0.00140200,277746.00000000,0.00140100,46314.00000000,0.00140000,56080.00000000,0.00139900,765049.00000000,0.00139800,55840.00000000,0.00140900,603692.00000000,0.00141000,173010.00000000,0.00141100,758542.00000000,0.00141200,599481.00000000,0.00141300,340347.00000000,0.00141400,585218.00000000,0.00141500,197872.00000000,0.00141600,975101.00000000,0.00141700,239782.00000000,0.00141800,1017579.00000000,0.03142,14,0.03141,154,0.0314,14,0.03138,140,0.03137,14,0.03136,14,0.03135,154,0.03131,14,0.03129,140,0.03128,14,0.0315,14,0.03151,154,0.03153,75,0.03154,14,0.03155,154,0.03157,14,0.03158,140,0.0316,15,0.03161,140,0.03163,14
binance,gate,FUNUSDT,0.00140900,0.03142,2129.9503,1774062993985,,,,,,,,,,0.00005,0.00005,,0.00140700,89504.00000000,0.00140600,520652.00000000,0.00140500,49876.00000000,0.00140400,55388.00000000,0.00140300,54004.00000000,0.00140200,277746.00000000,0.00140100,46314.00000000,0.00140000,56080.00000000,0.00139900,765049.00000000,0.00139800,55840.00000000,0.00140900,603692.00000000,0.00141000,173010.00000000,0.00141100,758542.00000000,0.00141200,599481.00000000,0.00141300,340347.00000000,0.00141400,585218.00000000,0.00141500,197872.00000000,0.00141600,975101.00000000,0.00141700,239782.00000000,0.00141800,1017579.00000000,0.03142,14,0.03141,154,0.0314,14,0.03138,140,0.03137,14,0.03136,78,0.03135,154,0.03131,14,0.03129,140,0.03128,14,0.0315,15,0.03151,154,0.03153,75,0.03154,14,0.03155,154,0.03157,14,0.03158,140,0.0316,15,0.03161,140,0.03163,14
binance,gate,FUNUSDT,0.00140900,0.03142,2129.9503,1774062994304,,,,,,,,,,0.00005,0.00005,,0.00140700,89504.00000000,0.00140600,520652.00000000,0.00140500,49876.00000000,0.00140400,55388.00000000,0.00140300,54004.00000000,0.00140200,277746.00000000,0.00140100,46314.00000000,0.00140000,56080.00000000,0.00139900,765049.00000000,0.00139800,55840.00000000,0.00140900,603692.00000000,0.00141000,173010.00000000,0.00141100,758542.00000000,0.00141200,599481.00000000,0.00141300,340347.00000000,0.00141400,585218.00000000,0.00141500,197872.00000000,0.00141600,975101.00000000,0.00141700,239782.00000000,0.00141800,1017579.00000000,0.03142,14,0.03141,154,0.0314,14,0.03138,140,0.03137,14,0.03136,78,0.03135,154,0.03131,14,0.03129,140,0.03128,14,0.0315,14,0.03151,154,0.03153,75,0.03154,14,0.03155,154,0.03157,14,0.03158,140,0.0316,15,0.03161,140,0.03163,14
binance,gate,FUNUSDT,0.00140900,0.03142,2129.9503,1774062994622,,,,,,,,,,0.00005,0.00005,,0.00140700,89504.00000000,0.00140600,520652.00000000,0.00140500,49876.00000000,0.00140400,55388.00000000,0.00140300,54004.00000000,0.00140200,277746.00000000,0.00140100,46314.00000000,0.00140000,56080.00000000,0.00139900,765049.00000000,0.00139800,55840.00000000,0.00140900,603692.00000000,0.00141000,173010.00000000,0.00141100,758542.00000000,0.00141200,599481.00000000,0.00141300,340347.00000000,0.00141400,585218.00000000,0.00141500,197872.00000000,0.00141600,975101.00000000,0.00141700,239782.00000000,0.00141800,1017579.00000000,0.03142,14,0.03141,154,0.0314,14,0.03138,140,0.03137,14,0.03136,14,0.03135,218,0.03131,14,0.03129,140,0.03128,14,0.0315,14,0.03151,154,0.03153,75,0.03154,14,0.03155,154,0.03157,14,0.03158,140,0.0316,15,0.03161,140,0.03163,14
binance,gate,FUNUSDT,0.00140900,0.03142,2129.9503,1774062994923,,,,,,,,,,0.00005,0.00005,,0.00140700,89504.00000000,0.00140600,520652.00000000,0.00140500,49876.00000000,0.00140400,55388.00000000,0.00140300,54004.00000000,0.00140200,277746.00000000,0.00140100,46314.00000000,0.00140000,56080.00000000,0.00139900,765049.00000000,0.00139800,55840.00000000,0.00140900,603692.00000000,0.00141000,173010.00000000,0.00141100,758542.00000000,0.00141200,599481.00000000,0.00141300,340347.00000000,0.00141400,585218.00000000,0.00141500,197872.00000000,0.00141600,975101.00000000,0.00141700,239782.00000000,0.00141800,1017579.00000000,0.03142,14,0.03141,154,0.0314,14,0.03138,140,0.03137,14,0.03136,14,0.03135,154,0.03134,64,0.03131,14,0.03129,140,0.0315,14,0.03151,154,0.03153,75,0.03154,14,0.03155,154,0.03157,14,0.03158,140,0.0316,15,0.03161,140,0.03163,14
binance,gate,FUNUSDT,0.00140900,0.03142,2129.9503,1774062995226,,,,,,,,,,0.00005,0.00005,,0.00140700,89504.00000000,0.00140600,520652.00000000,0.00140500,49876.00000000,0.00140400,55388.00000000,0.00140300,54004.00000000,0.00140200,277746.00000000,0.00140100,46314.00000000,0.00140000,56080.00000000,0.00139900,765049.00000000,0.00139800,55840.00000000,0.00140900,603692.00000000,0.00141000,173010.00000000,0.00141100,758542.00000000,0.00141200,599481.00000000,0.00141300,340347.00000000,0.00141400,585218.00000000,0.00141500,197872.00000000,0.00141600,975101.00000000,0.00141700,239782.00000000,0.00141800,1017579.00000000,0.03142,14,0.03141,154,0.0314,14,0.03138,204,0.03137,14,0.03136,14,0.03135,154,0.03131,14,0.03129,140,0.03128,14,0.0315,14,0.03151,154,0.03153,75,0.03154,14,0.03155,154,0.03157,14,0.03158,140,0.0316,15,0.03161,140,0.03163,14
binance,gate,FUNUSDT,0.00140900,0.03142,2129.9503,1774062995526,,,,,,,,,,0.00005,0.00005,,0.00140700,89504.00000000,0.00140600,520652.00000000,0.00140500,49876.00000000,0.00140400,55388.00000000,0.00140300,54004.00000000,0.00140200,277746.00000000,0.00140100,46314.00000000,0.00140000,56080.00000000,0.00139900,765049.00000000,0.00139800,55840.00000000,0.00140900,603692.00000000,0.00141000,173010.00000000,0.00141100,758542.00000000,0.00141200,599481.00000000,0.00141300,340347.00000000,0.00141400,585218.00000000,0.00141500,197872.00000000,0.00141600,975101.00000000,0.00141700,239782.00000000,0.00141800,1017579.00000000,0.03142,14,0.03141,154,0.0314,14,0.03138,140,0.03137,14,0.03136,14,0.03135,154,0.03131,14,0.03129,140,0.03128,14,0.0315,14,0.03151,154,0.03153,75,0.03154,14,0.03155,154,0.03157,14,0.03158,140,0.0316,15,0.03161,140,0.03163,14
binance,gate,FUNUSDT,0.00140900,0.03142,2129.9503,1774062995826,,,,,,,,,,0.00005,0.00005,,0.00140700,89504.00000000,0.00140600,520652.00000000,0.00140500,49876.00000000,0.00140400,55388.00000000,0.00140300,54004.00000000,0.00140200,277746.00000000,0.00140100,46314.00000000,0.00140000,56080.00000000,0.00139900,765049.00000000,0.00139800,55840.00000000,0.00140900,603692.00000000,0.00141000,173010.00000000,0.00141100,758542.00000000,0.00141200,599481.00000000,0.00141300,340347.00000000,0.00141400,585218.00000000,0.00141500,197872.00000000,0.00141600,975101.00000000,0.00141700,239782.00000000,0.00141800,1017579.00000000,0.03142,14,0.03141,154,0.0314,14,0.03138,140,0.03137,14,0.03136,14,0.03135,154,0.03131,14,0.03129,140,0.03128,14,0.03149,14,0.0315,15,0.03151,215,0.03153,14,0.03154,14,0.03155,154,0.03157,14,0.03158,140,0.0316,15,0.03161,140
